[
  {
    "date": "2024-12-31",
    "symbol": "MSI",
    "reportedCurrency": "USD",
    "cik": "0000068505",
    "fillingDate": "2025-02-14",
    "acceptedDate": "2025-02-14 15:37:40",
    "calendarYear": "2024",
    "period": "FY",
    "revenue": 10817000000,
    "costOfRevenue": 5305000000,
    "grossProfit": 5512000000,
    "grossProfitRatio": 0.5095682722,
    "researchAndDevelopmentExpenses": 917000000,
    "generalAndAdministrativeExpenses": 0,
    "sellingAndMarketingExpenses": 0,
    "sellingGeneralAndAdministrativeExpenses": 1752000000,
    "otherExpenses": 155000000,
    "operatingExpenses": 2824000000,
    "costAndExpenses": 8129000000,
    "interestIncome": 68000000,
    "interestExpense": 295000000,
    "depreciationAndAmortization": 336000000,
    "ebitda": 2603000000,
    "ebitdaratio": 0.2406397338,
    "operatingIncome": 2688000000,
    "operatingIncomeRatio": 0.248497735,
    "totalOtherIncomeExpensesNet": -716000000,
    "incomeBeforeTax": 1972000000,
    "incomeBeforeTaxRatio": 0.18230563,
    "incomeTaxExpense": 390000000,
    "netIncome": 1577000000,
    "netIncomeRatio": 0.1457890358,
    "eps": 9.45,
    "epsdiluted": 9.23,
    "weightedAverageShsOut": 166800000,
    "weightedAverageShsOutDil": 170800000,
    "link": "https://www.sec.gov/Archives/edgar/data/68505/000006850525000012/0000068505-25-000012-index.htm",
    "finalLink": "https://www.sec.gov/Archives/edgar/data/68505/000006850525000012/msi-20241231.htm"
  },
  {
    "date": "2023-12-31",
    "symbol": "MSI",
    "reportedCurrency": "USD",
    "cik": "0000068505",
    "fillingDate": "2024-02-15",
    "acceptedDate": "2024-02-15 07:04:17",
    "calendarYear": "2023",
    "period": "FY",
    "revenue": 9978000000,
    "costOfRevenue": 5008000000,
    "grossProfit": 4970000000,
    "grossProfitRatio": 0.4980958108,
    "researchAndDevelopmentExpenses": 858000000,
    "generalAndAdministrativeExpenses": 1561000000,
    "sellingAndMarketingExpenses": 0,
    "sellingGeneralAndAdministrativeExpenses": 1561000000,
    "otherExpenses": 257000000,
    "operatingExpenses": 2676000000,
    "costAndExpenses": 7684000000,
    "interestIncome": 33000000,
    "interestExpense": 249000000,
    "depreciationAndAmortization": 356000000,
    "ebitda": 2751000000,
    "ebitdaratio": 0.2757065544,
    "operatingIncome": 2294000000,
    "operatingIncomeRatio": 0.2299057927,
    "totalOtherIncomeExpensesNet": -148000000,
    "incomeBeforeTax": 2146000000,
    "incomeBeforeTaxRatio": 0.215073161,
    "incomeTaxExpense": 432000000,
    "netIncome": 1709000000,
    "netIncomeRatio": 0.171276809,
    "eps": 10.23,
    "epsdiluted": 9.93,
    "weightedAverageShsOut": 167000000,
    "weightedAverageShsOutDil": 172100000,
    "link": "https://www.sec.gov/Archives/edgar/data/68505/000006850524000008/0000068505-24-000008-index.htm",
    "finalLink": "https://www.sec.gov/Archives/edgar/data/68505/000006850524000008/msi-20231231.htm"
  },
  {
    "date": "2022-12-31",
    "symbol": "MSI",
    "reportedCurrency": "USD",
    "cik": "0000068505",
    "fillingDate": "2023-02-16",
    "acceptedDate": "2023-02-16 16:31:18",
    "calendarYear": "2022",
    "period": "FY",
    "revenue": 9112000000,
    "costOfRevenue": 4883000000,
    "grossProfit": 4229000000,
    "grossProfitRatio": 0.4641132572,
    "researchAndDevelopmentExpenses": 779000000,
    "generalAndAdministrativeExpenses": 1450000000,
    "sellingAndMarketingExpenses": 0,
    "sellingGeneralAndAdministrativeExpenses": 1450000000,
    "otherExpenses": 339000000,
    "operatingExpenses": 2568000000,
    "costAndExpenses": 7451000000,
    "interestIncome": 14000000,
    "interestExpense": 240000000,
    "depreciationAndAmortization": 440000000,
    "ebitda": 2195000000,
    "ebitdaratio": 0.2408911326,
    "operatingIncome": 1661000000,
    "operatingIncomeRatio": 0.1822870939,
    "totalOtherIncomeExpensesNet": -146000000,
    "incomeBeforeTax": 1515000000,
    "incomeBeforeTaxRatio": 0.1662642669,
    "incomeTaxExpense": 148000000,
    "netIncome": 1363000000,
    "netIncomeRatio": 0.1495829675,
    "eps": 8.14,
    "epsdiluted": 7.93,
    "weightedAverageShsOut": 167500000,
    "weightedAverageShsOutDil": 171900000,
    "link": "https://www.sec.gov/Archives/edgar/data/68505/000006850523000015/0000068505-23-000015-index.htm",
    "finalLink": "https://www.sec.gov/Archives/edgar/data/68505/000006850523000015/msi-20221231.htm"
  },
  {
    "date": "2021-12-31",
    "symbol": "MSI",
    "reportedCurrency": "USD",
    "cik": "0000068505",
    "fillingDate": "2022-02-16",
    "acceptedDate": "2022-02-16 17:28:28",
    "calendarYear": "2021",
    "period": "FY",
    "revenue": 8171000000,
    "costOfRevenue": 4131000000,
    "grossProfit": 4040000000,
    "grossProfitRatio": 0.4944315261,
    "researchAndDevelopmentExpenses": 734000000,
    "generalAndAdministrativeExpenses": 1353000000,
    "sellingAndMarketingExpenses": 0,
    "sellingGeneralAndAdministrativeExpenses": 1353000000,
    "otherExpenses": 286000000,
    "operatingExpenses": 2373000000,
    "costAndExpenses": 6504000000,
    "interestIncome": 7000000,
    "interestExpense": 215000000,
    "depreciationAndAmortization": 438000000,
    "ebitda": 2205000000,
    "ebitdaratio": 0.2698568107,
    "operatingIncome": 1667000000,
    "operatingIncomeRatio": 0.2040141965,
    "totalOtherIncomeExpensesNet": -115000000,
    "incomeBeforeTax": 1552000000,
    "incomeBeforeTaxRatio": 0.1899400318,
    "incomeTaxExpense": 302000000,
    "netIncome": 1245000000,
    "netIncomeRatio": 0.1523681312,
    "eps": 7.36,
    "epsdiluted": 7.17,
    "weightedAverageShsOut": 169200000,
    "weightedAverageShsOutDil": 173600000,
    "link": "https://www.sec.gov/Archives/edgar/data/68505/000006850522000010/0000068505-22-000010-index.htm",
    "finalLink": "https://www.sec.gov/Archives/edgar/data/68505/000006850522000010/msi-20211231.htm"
  },
  {
    "date": "2020-12-31",
    "symbol": "MSI",
    "reportedCurrency": "USD",
    "cik": "0000068505",
    "fillingDate": "2021-02-12",
    "acceptedDate": "2021-02-12 10:32:15",
    "calendarYear": "2020",
    "period": "FY",
    "revenue": 7414000000,
    "costOfRevenue": 3806000000,
    "grossProfit": 3608000000,
    "grossProfitRatio": 0.4866468843,
    "researchAndDevelopmentExpenses": 686000000,
    "generalAndAdministrativeExpenses": 1293000000,
    "sellingAndMarketingExpenses": 0,
    "sellingGeneralAndAdministrativeExpenses": 1293000000,
    "otherExpenses": 246000000,
    "operatingExpenses": 2225000000,
    "costAndExpenses": 6031000000,
    "interestIncome": 13000000,
    "interestExpense": 233000000,
    "depreciationAndAmortization": 409000000,
    "ebitda": 1816000000,
    "ebitdaratio": 0.2449420016,
    "operatingIncome": 1383000000,
    "operatingIncomeRatio": 0.1865389803,
    "totalOtherIncomeExpensesNet": -209000000,
    "incomeBeforeTax": 1174000000,
    "incomeBeforeTaxRatio": 0.1583490693,
    "incomeTaxExpense": 221000000,
    "netIncome": 949000000,
    "netIncomeRatio": 0.128001079,
    "eps": 5.58,
    "epsdiluted": 5.45,
    "weightedAverageShsOut": 170000000,
    "weightedAverageShsOutDil": 174100000,
    "link": "https://www.sec.gov/Archives/edgar/data/68505/000006850521000008/0000068505-21-000008-index.htm",
    "finalLink": "https://www.sec.gov/Archives/edgar/data/68505/000006850521000008/msi-20201231.htm"
  },
  {
    "date": "2019-12-31",
    "symbol": "MSI",
    "reportedCurrency": "USD",
    "cik": "0000068505",
    "fillingDate": "2020-02-14",
    "acceptedDate": "2020-02-13 19:41:57",
    "calendarYear": "2019",
    "period": "FY",
    "revenue": 7887000000,
    "costOfRevenue": 3956000000,
    "grossProfit": 3931000000,
    "grossProfitRatio": 0.4984151135,
    "researchAndDevelopmentExpenses": 687000000,
    "generalAndAdministrativeExpenses": 1403000000,
    "sellingAndMarketingExpenses": 0,
    "sellingGeneralAndAdministrativeExpenses": 1403000000,
    "otherExpenses": 260000000,
    "operatingExpenses": 2350000000,
    "costAndExpenses": 6306000000,
    "interestIncome": 17000000,
    "interestExpense": 237000000,
    "depreciationAndAmortization": 394000000,
    "ebitda": 1632000000,
    "ebitdaratio": 0.2069227843,
    "operatingIncome": 1581000000,
    "operatingIncomeRatio": 0.2004564473,
    "totalOtherIncomeExpensesNet": -580000000,
    "incomeBeforeTax": 1001000000,
    "incomeBeforeTaxRatio": 0.1269177127,
    "incomeTaxExpense": 130000000,
    "netIncome": 868000000,
    "netIncomeRatio": 0.1100545201,
    "eps": 5.21,
    "epsdiluted": 4.94,
    "weightedAverageShsOut": 166600000,
    "weightedAverageShsOutDil": 175600000,
    "link": "https://www.sec.gov/Archives/edgar/data/68505/000006850520000006/0000068505-20-000006-index.htm",
    "finalLink": "https://www.sec.gov/Archives/edgar/data/68505/000006850520000006/msi201910-k.htm"
  },
  {
    "date": "2018-12-31",
    "symbol": "MSI",
    "reportedCurrency": "USD",
    "cik": "0000068505",
    "fillingDate": "2019-02-15",
    "acceptedDate": "2019-02-15 14:38:15",
    "calendarYear": "2018",
    "period": "FY",
    "revenue": 7343000000,
    "costOfRevenue": 3863000000,
    "grossProfit": 3480000000,
    "grossProfitRatio": 0.4739207408,
    "researchAndDevelopmentExpenses": 637000000,
    "generalAndAdministrativeExpenses": 1254000000,
    "sellingAndMarketingExpenses": 0,
    "sellingGeneralAndAdministrativeExpenses": 1254000000,
    "otherExpenses": 334000000,
    "operatingExpenses": 2225000000,
    "costAndExpenses": 6088000000,
    "interestIncome": 18000000,
    "interestExpense": 240000000,
    "depreciationAndAmortization": 360000000,
    "ebitda": 1702000000,
    "ebitdaratio": 0.2317853738,
    "operatingIncome": 1255000000,
    "operatingIncomeRatio": 0.1709110718,
    "totalOtherIncomeExpensesNet": -153000000,
    "incomeBeforeTax": 1102000000,
    "incomeBeforeTaxRatio": 0.1500749013,
    "incomeTaxExpense": 133000000,
    "netIncome": 966000000,
    "netIncomeRatio": 0.1315538608,
    "eps": 5.62,
    "epsdiluted": 5.62,
    "weightedAverageShsOut": 171886120,
    "weightedAverageShsOutDil": 172000000,
    "link": "https://www.sec.gov/Archives/edgar/data/68505/000006850519000006/0000068505-19-000006-index.htm",
    "finalLink": "https://www.sec.gov/Archives/edgar/data/68505/000006850519000006/msi201810-k.htm"
  },
  {
    "date": "2017-12-31",
    "symbol": "MSI",
    "reportedCurrency": "USD",
    "cik": "0000068505",
    "fillingDate": "2018-02-16",
    "acceptedDate": "2018-02-16 15:14:22",
    "calendarYear": "2017",
    "period": "FY",
    "revenue": 6380000000,
    "costOfRevenue": 3356000000,
    "grossProfit": 3024000000,
    "grossProfitRatio": 0.4739811912,
    "researchAndDevelopmentExpenses": 568000000,
    "generalAndAdministrativeExpenses": 1025000000,
    "sellingAndMarketingExpenses": 0,
    "sellingGeneralAndAdministrativeExpenses": 1025000000,
    "otherExpenses": 147000000,
    "operatingExpenses": 1740000000,
    "costAndExpenses": 5096000000,
    "interestIncome": 14000000,
    "interestExpense": 215000000,
    "depreciationAndAmortization": 343000000,
    "ebitda": 1634000000,
    "ebitdaratio": 0.2561128527,
    "operatingIncome": 1284000000,
    "operatingIncomeRatio": 0.2012539185,
    "totalOtherIncomeExpensesNet": -208000000,
    "incomeBeforeTax": 1076000000,
    "incomeBeforeTaxRatio": 0.1686520376,
    "incomeTaxExpense": 1227000000,
    "netIncome": -155000000,
    "netIncomeRatio": -0.0242946708,
    "eps": -0.95,
    "epsdiluted": -0.95,
    "weightedAverageShsOut": 162900000,
    "weightedAverageShsOutDil": 162900000,
    "link": "https://www.sec.gov/Archives/edgar/data/68505/000006850518000009/0000068505-18-000009-index.htm",
    "finalLink": "https://www.sec.gov/Archives/edgar/data/68505/000006850518000009/msi201710-k.htm"
  },
  {
    "date": "2016-12-31",
    "symbol": "MSI",
    "reportedCurrency": "USD",
    "cik": "0000068505",
    "fillingDate": "2017-02-21",
    "acceptedDate": "2017-02-21 06:11:48",
    "calendarYear": "2016",
    "period": "FY",
    "revenue": 6038000000,
    "costOfRevenue": 3169000000,
    "grossProfit": 2869000000,
    "grossProfitRatio": 0.4751573369,
    "researchAndDevelopmentExpenses": 553000000,
    "generalAndAdministrativeExpenses": 1044000000,
    "sellingAndMarketingExpenses": 0,
    "sellingGeneralAndAdministrativeExpenses": 1044000000,
    "otherExpenses": 224000000,
    "operatingExpenses": 1821000000,
    "costAndExpenses": 4990000000,
    "interestIncome": 20000000,
    "interestExpense": 225000000,
    "depreciationAndAmortization": 295000000,
    "ebitda": 1364000000,
    "ebitdaratio": 0.2259026168,
    "operatingIncome": 1048000000,
    "operatingIncomeRatio": 0.1735674064,
    "totalOtherIncomeExpensesNet": -204000000,
    "incomeBeforeTax": 844000000,
    "incomeBeforeTaxRatio": 0.1397813846,
    "incomeTaxExpense": 282000000,
    "netIncome": 560000000,
    "netIncomeRatio": 0.0927459424,
    "eps": 3.3,
    "epsdiluted": 3.24,
    "weightedAverageShsOut": 169600000,
    "weightedAverageShsOutDil": 173100000,
    "link": "https://www.sec.gov/Archives/edgar/data/68505/000006850517000002/0000068505-17-000002-index.htm",
    "finalLink": "https://www.sec.gov/Archives/edgar/data/68505/000006850517000002/msi201610-k.htm"
  },
  {
    "date": "2015-12-31",
    "symbol": "MSI",
    "reportedCurrency": "USD",
    "cik": "0000068505",
    "fillingDate": "2016-02-23",
    "acceptedDate": "2016-02-22 17:44:47",
    "calendarYear": "2015",
    "period": "FY",
    "revenue": 5695000000,
    "costOfRevenue": 2976000000,
    "grossProfit": 2719000000,
    "grossProfitRatio": 0.4774363477,
    "researchAndDevelopmentExpenses": 620000000,
    "generalAndAdministrativeExpenses": 1021000000,
    "sellingAndMarketingExpenses": 0,
    "sellingGeneralAndAdministrativeExpenses": 1021000000,
    "otherExpenses": 84000000,
    "operatingExpenses": 1725000000,
    "costAndExpenses": 4701000000,
    "interestIncome": 13000000,
    "interestExpense": 186000000,
    "depreciationAndAmortization": 150000000,
    "ebitda": 1253000000,
    "ebitdaratio": 0.2200175593,
    "operatingIncome": 994000000,
    "operatingIncomeRatio": 0.1745390694,
    "totalOtherIncomeExpensesNet": -77000000,
    "incomeBeforeTax": 917000000,
    "incomeBeforeTaxRatio": 0.1610184372,
    "incomeTaxExpense": 274000000,
    "netIncome": 610000000,
    "netIncomeRatio": 0.1071115013,
    "eps": 3.06,
    "epsdiluted": 3.02,
    "weightedAverageShsOut": 199600000,
    "weightedAverageShsOutDil": 201800000,
    "link": "https://www.sec.gov/Archives/edgar/data/68505/000006850516000017/0000068505-16-000017-index.htm",
    "finalLink": "https://www.sec.gov/Archives/edgar/data/68505/000006850516000017/msi201510-k.htm"
  },
  {
    "date": "2014-12-31",
    "symbol": "MSI",
    "reportedCurrency": "USD",
    "cik": "0000068505",
    "fillingDate": "2015-02-13",
    "acceptedDate": "2015-02-13 14:12:13",
    "calendarYear": "2014",
    "period": "FY",
    "revenue": 5881000000,
    "costOfRevenue": 3050000000,
    "grossProfit": 2831000000,
    "grossProfitRatio": 0.4813807176,
    "researchAndDevelopmentExpenses": 681000000,
    "generalAndAdministrativeExpenses": 1184000000,
    "sellingAndMarketingExpenses": 0,
    "sellingGeneralAndAdministrativeExpenses": 1184000000,
    "otherExpenses": 1972000000,
    "operatingExpenses": 3837000000,
    "costAndExpenses": 6887000000,
    "interestIncome": 21000000,
    "interestExpense": 147000000,
    "depreciationAndAmortization": 173000000,
    "ebitda": -841000000,
    "ebitdaratio": -0.1430028907,
    "operatingIncome": -1006000000,
    "operatingIncomeRatio": -0.1710593436,
    "totalOtherIncomeExpensesNet": -155000000,
    "incomeBeforeTax": -1161000000,
    "incomeBeforeTaxRatio": -0.1974154055,
    "incomeTaxExpense": -465000000,
    "netIncome": 1299000000,
    "netIncomeRatio": 0.2208808026,
    "eps": 5.29,
    "epsdiluted": 5.29,
    "weightedAverageShsOut": 245422535,
    "weightedAverageShsOutDil": 245600000,
    "link": "https://www.sec.gov/Archives/edgar/data/68505/000006850515000003/0000068505-15-000003-index.htm",
    "finalLink": "https://www.sec.gov/Archives/edgar/data/68505/000006850515000003/msi201410-k.htm"
  },
  {
    "date": "2013-12-31",
    "symbol": "MSI",
    "reportedCurrency": "USD",
    "cik": "0000068505",
    "fillingDate": "2014-02-13",
    "acceptedDate": "2014-02-13 15:22:11",
    "calendarYear": "2013",
    "period": "FY",
    "revenue": 6227000000,
    "costOfRevenue": 3118000000,
    "grossProfit": 3109000000,
    "grossProfitRatio": 0.4992773406,
    "researchAndDevelopmentExpenses": 761000000,
    "generalAndAdministrativeExpenses": 1330000000,
    "sellingAndMarketingExpenses": 0,
    "sellingGeneralAndAdministrativeExpenses": 1330000000,
    "otherExpenses": 71000000,
    "operatingExpenses": 2162000000,
    "costAndExpenses": 5280000000,
    "interestIncome": 19000000,
    "interestExpense": 132000000,
    "depreciationAndAmortization": 158000000,
    "ebitda": 1170000000,
    "ebitdaratio": 0.1878914405,
    "operatingIncome": 947000000,
    "operatingIncomeRatio": 0.1520796531,
    "totalOtherIncomeExpensesNet": -67000000,
    "incomeBeforeTax": 880000000,
    "incomeBeforeTaxRatio": 0.1413200578,
    "incomeTaxExpense": -59000000,
    "netIncome": 1099000000,
    "netIncomeRatio": 0.1764894813,
    "eps": 4.13,
    "epsdiluted": 4.06,
    "weightedAverageShsOut": 266000000,
    "weightedAverageShsOutDil": 270500000,
    "link": "https://www.sec.gov/Archives/edgar/data/68505/000006850514000005/0000068505-14-000005-index.htm",
    "finalLink": "https://www.sec.gov/Archives/edgar/data/68505/000006850514000005/msi201310-k.htm"
  },
  {
    "date": "2012-12-31",
    "symbol": "MSI",
    "reportedCurrency": "USD",
    "cik": "0000068505",
    "fillingDate": "2013-02-12",
    "acceptedDate": "2013-02-12 10:45:50",
    "calendarYear": "2012",
    "period": "FY",
    "revenue": 6269000000,
    "costOfRevenue": 3075000000,
    "grossProfit": 3194000000,
    "grossProfitRatio": 0.5094911469,
    "researchAndDevelopmentExpenses": 790000000,
    "generalAndAdministrativeExpenses": 1472000000,
    "sellingAndMarketingExpenses": 0,
    "sellingGeneralAndAdministrativeExpenses": 1472000000,
    "otherExpenses": 12000000,
    "operatingExpenses": 2274000000,
    "costAndExpenses": 5349000000,
    "interestIncome": 42000000,
    "interestExpense": 108000000,
    "depreciationAndAmortization": 151000000,
    "ebitda": 1140000000,
    "ebitdaratio": 0.1818471846,
    "operatingIncome": 920000000,
    "operatingIncomeRatio": 0.1467538682,
    "totalOtherIncomeExpensesNet": -39000000,
    "incomeBeforeTax": 881000000,
    "incomeBeforeTaxRatio": 0.1405327803,
    "incomeTaxExpense": 211000000,
    "netIncome": 881000000,
    "netIncomeRatio": 0.1405327803,
    "eps": 3.01,
    "epsdiluted": 2.96,
    "weightedAverageShsOut": 292100000,
    "weightedAverageShsOutDil": 297400000,
    "link": "https://www.sec.gov/Archives/edgar/data/68505/000144530513000205/0001445305-13-000205-index.htm",
    "finalLink": "https://www.sec.gov/Archives/edgar/data/68505/000144530513000205/msi2012123110-k.htm"
  },
  {
    "date": "2011-12-31",
    "symbol": "MSI",
    "reportedCurrency": "USD",
    "cik": "0000068505",
    "fillingDate": "2012-02-15",
    "acceptedDate": "2012-02-15 17:07:24",
    "calendarYear": "2011",
    "period": "FY",
    "revenue": 8203000000,
    "costOfRevenue": 4057000000,
    "grossProfit": 4146000000,
    "grossProfitRatio": 0.5054248446,
    "researchAndDevelopmentExpenses": 1035000000,
    "generalAndAdministrativeExpenses": 1912000000,
    "sellingAndMarketingExpenses": 0,
    "sellingGeneralAndAdministrativeExpenses": 1912000000,
    "otherExpenses": 341000000,
    "operatingExpenses": 3288000000,
    "costAndExpenses": 7345000000,
    "interestIncome": 58000000,
    "interestExpense": 132000000,
    "depreciationAndAmortization": 366000000,
    "ebitda": 1236000000,
    "ebitdaratio": 0.1506765817,
    "operatingIncome": 858000000,
    "operatingIncomeRatio": 0.1045958796,
    "totalOtherIncomeExpensesNet": -120000000,
    "incomeBeforeTax": 738000000,
    "incomeBeforeTaxRatio": 0.0899670852,
    "incomeTaxExpense": -3000000,
    "netIncome": 1158000000,
    "netIncomeRatio": 0.1411678654,
    "eps": 3.47,
    "epsdiluted": 3.41,
    "weightedAverageShsOut": 333800000,
    "weightedAverageShsOutDil": 339700000,
    "link": "https://www.sec.gov/Archives/edgar/data/68505/000119312512063569/0001193125-12-063569-index.htm",
    "finalLink": "https://www.sec.gov/Archives/edgar/data/68505/000119312512063569/d280303d10k.htm"
  },
  {
    "date": "2010-12-31",
    "symbol": "MSI",
    "reportedCurrency": "USD",
    "cik": "0000068505",
    "fillingDate": "2011-02-18",
    "acceptedDate": "2011-02-18 09:27:06",
    "calendarYear": "2010",
    "period": "FY",
    "revenue": 7617000000,
    "costOfRevenue": 3805000000,
    "grossProfit": 3812000000,
    "grossProfitRatio": 0.5004594985,
    "researchAndDevelopmentExpenses": 1037000000,
    "generalAndAdministrativeExpenses": 1874000000,
    "sellingAndMarketingExpenses": 0,
    "sellingGeneralAndAdministrativeExpenses": 1874000000,
    "otherExpenses": 150000000,
    "operatingExpenses": 3061000000,
    "costAndExpenses": 6866000000,
    "interestIncome": 88000000,
    "interestExpense": 217000000,
    "depreciationAndAmortization": 353000000,
    "ebitda": 1234000000,
    "ebitdaratio": 0.1620060391,
    "operatingIncome": 751000000,
    "operatingIncomeRatio": 0.0985952475,
    "totalOtherIncomeExpensesNet": -87000000,
    "incomeBeforeTax": 664000000,
    "incomeBeforeTaxRatio": 0.0871734279,
    "incomeTaxExpense": 403000000,
    "netIncome": 633000000,
    "netIncomeRatio": 0.0831035841,
    "eps": 1.9,
    "epsdiluted": 1.87,
    "weightedAverageShsOut": 333316332,
    "weightedAverageShsOutDil": 338116567,
    "link": "https://www.sec.gov/Archives/edgar/data/68505/000119312511039822/0001193125-11-039822-index.htm",
    "finalLink": "https://www.sec.gov/Archives/edgar/data/68505/000119312511039822/d10k.htm"
  },
  {
    "date": "2009-12-31",
    "symbol": "MSI",
    "reportedCurrency": "USD",
    "cik": "0000068505",
    "fillingDate": "2010-02-16",
    "acceptedDate": "2010-02-16 16:45:44",
    "calendarYear": "2009",
    "period": "FY",
    "revenue": 18147000000,
    "costOfRevenue": 12406000000,
    "grossProfit": 5741000000,
    "grossProfitRatio": 0.316360831,
    "researchAndDevelopmentExpenses": 2598000000,
    "generalAndAdministrativeExpenses": 0,
    "sellingAndMarketingExpenses": 0,
    "sellingGeneralAndAdministrativeExpenses": 3058000000,
    "otherExpenses": 577000000,
    "operatingExpenses": 6233000000,
    "costAndExpenses": 18639000000,
    "interestIncome": 79000000,
    "interestExpense": 211000000,
    "depreciationAndAmortization": 642000000,
    "ebitda": 350000000,
    "ebitdaratio": 0.0192869345,
    "operatingIncome": -492000000,
    "operatingIncomeRatio": -0.0271119193,
    "totalOtherIncomeExpensesNet": -11000000,
    "incomeBeforeTax": -503000000,
    "incomeBeforeTaxRatio": -0.0277180801,
    "incomeTaxExpense": -159000000,
    "netIncome": -51000000,
    "netIncomeRatio": -0.0028103819,
    "eps": -0.16,
    "epsdiluted": -0.16,
    "weightedAverageShsOut": 327942529,
    "weightedAverageShsOutDil": 327942529,
    "link": "https://www.sec.gov/Archives/edgar/data/68505/000104746910000905/0001047469-10-000905-index.htm",
    "finalLink": "https://www.sec.gov/Archives/edgar/data/68505/000104746910000905/a2196244z10-k.htm"
  },
  {
    "date": "2008-12-31",
    "symbol": "MSI",
    "reportedCurrency": "USD",
    "cik": "0000068505",
    "fillingDate": "2009-02-26",
    "acceptedDate": "2009-02-26 16:59:13",
    "calendarYear": "2008",
    "period": "FY",
    "revenue": 30146000000,
    "costOfRevenue": 21751000000,
    "grossProfit": 8395000000,
    "grossProfitRatio": 0.2784780734,
    "researchAndDevelopmentExpenses": 4109000000,
    "generalAndAdministrativeExpenses": 0,
    "sellingAndMarketingExpenses": 0,
    "sellingGeneralAndAdministrativeExpenses": 4330000000,
    "otherExpenses": 2347000000,
    "operatingExpenses": 10786000000,
    "costAndExpenses": 32537000000,
    "interestIncome": 272000000,
    "interestExpense": 224000000,
    "depreciationAndAmortization": 831000000,
    "ebitda": -1578000000,
    "ebitdaratio": -0.0523452531,
    "operatingIncome": -2391000000,
    "operatingIncomeRatio": -0.0793140052,
    "totalOtherIncomeExpensesNet": -242000000,
    "incomeBeforeTax": -2633000000,
    "incomeBeforeTaxRatio": -0.0873416042,
    "incomeTaxExpense": 1607000000,
    "netIncome": -4244000000,
    "netIncomeRatio": -0.1407815299,
    "eps": -13.11,
    "epsdiluted": -13.11,
    "weightedAverageShsOut": 323628247,
    "weightedAverageShsOutDil": 323628247,
    "link": "https://www.sec.gov/Archives/edgar/data/68505/000095013709001324/0000950137-09-001324-index.htm",
    "finalLink": "https://www.sec.gov/Archives/edgar/data/68505/000095013709001324/c49054e10vk.htm"
  },
  {
    "date": "2007-12-31",
    "symbol": "MSI",
    "reportedCurrency": "USD",
    "cik": "0000068505",
    "fillingDate": "2008-02-28",
    "acceptedDate": "2008-02-28 15:45:40",
    "calendarYear": "2007",
    "period": "FY",
    "revenue": 36622000000,
    "costOfRevenue": 26670000000,
    "grossProfit": 9952000000,
    "grossProfitRatio": 0.2717492218,
    "researchAndDevelopmentExpenses": 4429000000,
    "generalAndAdministrativeExpenses": 0,
    "sellingAndMarketingExpenses": 0,
    "sellingGeneralAndAdministrativeExpenses": 5092000000,
    "otherExpenses": 984000000,
    "operatingExpenses": 10505000000,
    "costAndExpenses": 37175000000,
    "interestIncome": 0,
    "interestExpense": 0,
    "depreciationAndAmortization": 903000000,
    "ebitda": 736000000,
    "ebitdaratio": 0.0200972093,
    "operatingIncome": -553000000,
    "operatingIncomeRatio": -0.015100213,
    "totalOtherIncomeExpensesNet": 163000000,
    "incomeBeforeTax": -390000000,
    "incomeBeforeTaxRatio": -0.0106493365,
    "incomeTaxExpense": -285000000,
    "netIncome": -49000000,
    "netIncomeRatio": -0.0013379936,
    "eps": -0.15,
    "epsdiluted": -0.15,
    "weightedAverageShsOut": 330385383,
    "weightedAverageShsOutDil": 330385383,
    "link": "https://www.sec.gov/Archives/edgar/data/68505/000095013708002935/0000950137-08-002935-index.htm",
    "finalLink": "https://www.sec.gov/Archives/edgar/data/68505/000095013708002935/c23246e10vk.htm"
  },
  {
    "date": "2006-12-31",
    "symbol": "MSI",
    "reportedCurrency": "USD",
    "cik": "0000068505",
    "fillingDate": "2007-02-28",
    "acceptedDate": "2007-02-28 17:12:16",
    "calendarYear": "2006",
    "period": "FY",
    "revenue": 42879000000,
    "costOfRevenue": 30152000000,
    "grossProfit": 12727000000,
    "grossProfitRatio": 0.2968119592,
    "researchAndDevelopmentExpenses": 4106000000,
    "generalAndAdministrativeExpenses": 0,
    "sellingAndMarketingExpenses": 0,
    "sellingGeneralAndAdministrativeExpenses": 4504000000,
    "otherExpenses": 25000000,
    "operatingExpenses": 8635000000,
    "costAndExpenses": 38787000000,
    "interestIncome": 0,
    "interestExpense": 0,
    "depreciationAndAmortization": 558000000,
    "ebitda": 4650000000,
    "ebitdaratio": 0.1084446932,
    "operatingIncome": 4092000000,
    "operatingIncomeRatio": 0.09543133,
    "totalOtherIncomeExpensesNet": 518000000,
    "incomeBeforeTax": 4610000000,
    "incomeBeforeTaxRatio": 0.1075118356,
    "incomeTaxExpense": 1349000000,
    "netIncome": 3661000000,
    "netIncomeRatio": 0.0853797896,
    "eps": 10.5,
    "epsdiluted": 10.22,
    "weightedAverageShsOut": 349471079,
    "weightedAverageShsOutDil": 357742499,
    "link": "https://www.sec.gov/Archives/edgar/data/68505/000095013707003011/0000950137-07-003011-index.htm",
    "finalLink": "https://www.sec.gov/Archives/edgar/data/68505/000095013707003011/c11830e10vk.htm"
  },
  {
    "date": "2005-12-31",
    "symbol": "MSI",
    "reportedCurrency": "USD",
    "cik": "0000068505",
    "fillingDate": "2006-03-02",
    "acceptedDate": "2006-03-02 15:39:25",
    "calendarYear": "2005",
    "period": "FY",
    "revenue": 35262000000,
    "costOfRevenue": 23833000000,
    "grossProfit": 11429000000,
    "grossProfitRatio": 0.3241166128,
    "researchAndDevelopmentExpenses": 3600000000,
    "generalAndAdministrativeExpenses": 0,
    "sellingAndMarketingExpenses": 0,
    "sellingGeneralAndAdministrativeExpenses": 3628000000,
    "otherExpenses": -404000000,
    "operatingExpenses": 6824000000,
    "costAndExpenses": 30657000000,
    "interestIncome": 0,
    "interestExpense": 0,
    "depreciationAndAmortization": 540000000,
    "ebitda": 5148000000,
    "ebitdaratio": 0.1459928535,
    "operatingIncome": 4605000000,
    "operatingIncomeRatio": 0.1305938404,
    "totalOtherIncomeExpensesNet": 1807000000,
    "incomeBeforeTax": 6412000000,
    "incomeBeforeTaxRatio": 0.1818388066,
    "incomeTaxExpense": 1893000000,
    "netIncome": 4578000000,
    "netIncomeRatio": 0.1298281436,
    "eps": 12.95,
    "epsdiluted": 12.67,
    "weightedAverageShsOut": 353042504,
    "weightedAverageShsOutDil": 360999639,
    "link": "https://www.sec.gov/Archives/edgar/data/68505/000095013706002484/0000950137-06-002484-index.htm",
    "finalLink": "https://www.sec.gov/Archives/edgar/data/68505/000095013706002484/c02378e10vk.htm"
  },
  {
    "date": "2004-12-31",
    "symbol": "MSI",
    "reportedCurrency": "USD",
    "cik": "0000068505",
    "fillingDate": "2005-03-04",
    "acceptedDate": "2005-03-04 17:22:26",
    "calendarYear": "2004",
    "period": "FY",
    "revenue": 29663000000,
    "costOfRevenue": 19698000000,
    "grossProfit": 9965000000,
    "grossProfitRatio": 0.3359403971,
    "researchAndDevelopmentExpenses": 3316000000,
    "generalAndAdministrativeExpenses": 0,
    "sellingAndMarketingExpenses": 0,
    "sellingGeneralAndAdministrativeExpenses": 3508000000,
    "otherExpenses": 149000000,
    "operatingExpenses": 6973000000,
    "costAndExpenses": 26671000000,
    "interestIncome": 0,
    "interestExpense": 0,
    "depreciationAndAmortization": 566000000,
    "ebitda": 3532000000,
    "ebitdaratio": 0.1190708964,
    "operatingIncome": 2992000000,
    "operatingIncomeRatio": 0.1008663992,
    "totalOtherIncomeExpensesNet": 120000000,
    "incomeBeforeTax": 3112000000,
    "incomeBeforeTaxRatio": 0.104911843,
    "incomeTaxExpense": 1013000000,
    "netIncome": 1532000000,
    "netIncomeRatio": 0.0516468328,
    "eps": 4.38,
    "epsdiluted": 4.38,
    "weightedAverageShsOut": 335656807,
    "weightedAverageShsOutDil": 353142504,
    "link": "https://www.sec.gov/Archives/edgar/data/68505/000095013705002687/0000950137-05-002687-index.htm",
    "finalLink": "https://www.sec.gov/Archives/edgar/data/68505/000095013705002687/c91705e10vk.htm"
  },
  {
    "date": "2003-12-31",
    "symbol": "MSI",
    "reportedCurrency": "USD",
    "cik": "0000068505",
    "fillingDate": "2004-03-12",
    "acceptedDate": "2004-03-12 17:29:30",
    "calendarYear": "2003",
    "period": "FY",
    "revenue": 23155000000,
    "costOfRevenue": 15652000000,
    "grossProfit": 7503000000,
    "grossProfitRatio": 0.324033686,
    "researchAndDevelopmentExpenses": 2979000000,
    "generalAndAdministrativeExpenses": 0,
    "sellingAndMarketingExpenses": 0,
    "sellingGeneralAndAdministrativeExpenses": 3285000000,
    "otherExpenses": -34000000,
    "operatingExpenses": 6230000000,
    "costAndExpenses": 21882000000,
    "interestIncome": 0,
    "interestExpense": 0,
    "depreciationAndAmortization": 818000000,
    "ebitda": 2146000000,
    "ebitdaratio": 0.0926797668,
    "operatingIncome": 1273000000,
    "operatingIncomeRatio": 0.0549773267,
    "totalOtherIncomeExpensesNet": 103000000,
    "incomeBeforeTax": 1376000000,
    "incomeBeforeTaxRatio": 0.05942561,
    "incomeTaxExpense": 448000000,
    "netIncome": 893000000,
    "netIncomeRatio": 0.0385661844,
    "eps": 2.67,
    "epsdiluted": 2.66,
    "weightedAverageShsOut": 331171097,
    "weightedAverageShsOutDil": 335885378,
    "link": "https://www.sec.gov/Archives/edgar/data/68505/000119312504040743/0001193125-04-040743-index.htm",
    "finalLink": "https://www.sec.gov/Archives/edgar/data/68505/000119312504040743/d10k.htm"
  },
  {
    "date": "2002-12-31",
    "symbol": "MSI",
    "reportedCurrency": "USD",
    "cik": "0000068505",
    "fillingDate": "2003-03-27",
    "acceptedDate": "2003-03-27 17:03:16",
    "calendarYear": "2002",
    "period": "FY",
    "revenue": 27279000000,
    "costOfRevenue": 18307000000,
    "grossProfit": 8972000000,
    "grossProfitRatio": 0.3288976869,
    "researchAndDevelopmentExpenses": 3716000000,
    "generalAndAdministrativeExpenses": 0,
    "sellingAndMarketingExpenses": 0,
    "sellingGeneralAndAdministrativeExpenses": 4472000000,
    "otherExpenses": 2597000000,
    "operatingExpenses": 10785000000,
    "costAndExpenses": 29092000000,
    "interestIncome": 0,
    "interestExpense": 0,
    "depreciationAndAmortization": 2108000000,
    "ebitda": 2059000000,
    "ebitdaratio": 0.0754793064,
    "operatingIncome": -1813000000,
    "operatingIncomeRatio": -0.0664613805,
    "totalOtherIncomeExpensesNet": -1633000000,
    "incomeBeforeTax": -3446000000,
    "incomeBeforeTaxRatio": -0.1263242787,
    "incomeTaxExpense": -961000000,
    "netIncome": -2485000000,
    "netIncomeRatio": -0.0910957147,
    "eps": -7.65,
    "epsdiluted": -7.62,
    "weightedAverageShsOut": 324928246,
    "weightedAverageShsOutDil": 326042531,
    "link": "https://www.sec.gov/Archives/edgar/data/68505/000104746903010564/0001047469-03-010564-index.htm",
    "finalLink": "https://www.sec.gov/Archives/edgar/data/68505/000104746903010564/a2106429z10-k.htm"
  },
  {
    "date": "2001-12-31",
    "symbol": "MSI",
    "reportedCurrency": "USD",
    "cik": "0000068505",
    "fillingDate": "2002-03-29",
    "acceptedDate": "2002-03-29 00:00:00",
    "calendarYear": "2001",
    "period": "FY",
    "revenue": 30486000000,
    "costOfRevenue": 23121000000,
    "grossProfit": 7365000000,
    "grossProfitRatio": 0.2415863019,
    "researchAndDevelopmentExpenses": 4275000000,
    "generalAndAdministrativeExpenses": 0,
    "sellingAndMarketingExpenses": 0,
    "sellingGeneralAndAdministrativeExpenses": 4919000000,
    "otherExpenses": 3974000000,
    "operatingExpenses": 13168000000,
    "costAndExpenses": 36289000000,
    "interestIncome": 0,
    "interestExpense": 0,
    "depreciationAndAmortization": 2552000000,
    "ebitda": -1393000000,
    "ebitdaratio": -0.045693105,
    "operatingIncome": -5803000000,
    "operatingIncomeRatio": -0.1903496687,
    "totalOtherIncomeExpensesNet": 292000000,
    "incomeBeforeTax": -5511000000,
    "incomeBeforeTaxRatio": -0.1807715017,
    "incomeTaxExpense": -1574000000,
    "netIncome": -3937000000,
    "netIncomeRatio": -0.1291412452,
    "eps": -12.5,
    "epsdiluted": -12.45,
    "weightedAverageShsOut": 314956827,
    "weightedAverageShsOutDil": 316185398,
    "link": "https://www.sec.gov/Archives/edgar/data/68505/000091205702012645/0000912057-02-012645-index.htm",
    "finalLink": "https://www.sec.gov/Archives/edgar/data/68505/000091205702012645/a2074699z10-k.htm"
  },
  {
    "date": "2000-12-31",
    "symbol": "MSI",
    "reportedCurrency": "USD",
    "cik": "0000068505",
    "fillingDate": "2001-03-30",
    "acceptedDate": "2001-03-30 00:00:00",
    "calendarYear": "2000",
    "period": "FY",
    "revenue": 37346000000,
    "costOfRevenue": 25168000000,
    "grossProfit": 12178000000,
    "grossProfitRatio": 0.3260857923,
    "researchAndDevelopmentExpenses": 4437000000,
    "generalAndAdministrativeExpenses": 0,
    "sellingAndMarketingExpenses": 0,
    "sellingGeneralAndAdministrativeExpenses": 5733000000,
    "otherExpenses": 1113000000,
    "operatingExpenses": 11283000000,
    "costAndExpenses": 36451000000,
    "interestIncome": 0,
    "interestExpense": 0,
    "depreciationAndAmortization": 2522000000,
    "ebitda": 4013000000,
    "ebitdaratio": 0.1074546136,
    "operatingIncome": 895000000,
    "operatingIncomeRatio": 0.0239650833,
    "totalOtherIncomeExpensesNet": 1336000000,
    "incomeBeforeTax": 2231000000,
    "incomeBeforeTaxRatio": 0.0597386601,
    "incomeTaxExpense": 913000000,
    "netIncome": 1318000000,
    "netIncomeRatio": 0.0352915975,
    "eps": 4.21,
    "epsdiluted": 4.06,
    "weightedAverageShsOut": 309156833,
    "weightedAverageShsOutDil": 322371106,
    "link": "https://www.sec.gov/Archives/edgar/data/68505/000095013701500523/0000950137-01-500523-index.htm",
    "finalLink": "https://www.sec.gov/Archives/edgar/data/68505/000095013701500523/c61260e10-k.txt"
  },
  {
    "date": "1999-12-31",
    "symbol": "MSI",
    "reportedCurrency": "USD",
    "cik": "0000068505",
    "fillingDate": "2000-03-22",
    "acceptedDate": "2000-03-22 00:00:00",
    "calendarYear": "1999",
    "period": "FY",
    "revenue": 33075000000,
    "costOfRevenue": 20631000000,
    "grossProfit": 12444000000,
    "grossProfitRatio": 0.3762358277,
    "researchAndDevelopmentExpenses": 3560000000,
    "generalAndAdministrativeExpenses": 0,
    "sellingAndMarketingExpenses": 0,
    "sellingGeneralAndAdministrativeExpenses": 5220000000,
    "otherExpenses": 2310000000,
    "operatingExpenses": 11090000000,
    "costAndExpenses": 31721000000,
    "interestIncome": 0,
    "interestExpense": 0,
    "depreciationAndAmortization": 2360000000,
    "ebitda": 3781000000,
    "ebitdaratio": 0.1143159486,
    "operatingIncome": 1354000000,
    "operatingIncomeRatio": 0.0409372638,
    "totalOtherIncomeExpensesNet": -71000000,
    "incomeBeforeTax": 1283000000,
    "incomeBeforeTaxRatio": 0.0387906274,
    "incomeTaxExpense": 392000000,
    "netIncome": 817000000,
    "netIncomeRatio": 0.0247014361,
    "eps": 3.39,
    "epsdiluted": 2.87,
    "weightedAverageShsOut": 259502026,
    "weightedAverageShsOutDil": 314571114,
    "link": "https://www.sec.gov/Archives/edgar/data/68505/000095013100001895/0000950131-00-001895-index.html",
    "finalLink": "https://www.sec.gov/Archives/edgar/data/68505/000095013100001895/"
  },
  {
    "date": "1998-12-31",
    "symbol": "MSI",
    "reportedCurrency": "USD",
    "cik": "0000068505",
    "fillingDate": "1999-10-28",
    "acceptedDate": "1999-10-28 00:00:00",
    "calendarYear": "1998",
    "period": "FY",
    "revenue": 31340000000,
    "costOfRevenue": 19396000000,
    "grossProfit": 11944000000,
    "grossProfitRatio": 0.381110402,
    "researchAndDevelopmentExpenses": 3118000000,
    "generalAndAdministrativeExpenses": 0,
    "sellingAndMarketingExpenses": 0,
    "sellingGeneralAndAdministrativeExpenses": 5807000000,
    "otherExpenses": 2364000000,
    "operatingExpenses": 11289000000,
    "costAndExpenses": 30685000000,
    "interestIncome": 0,
    "interestExpense": 0,
    "depreciationAndAmortization": 2331000000,
    "ebitda": 3095000000,
    "ebitdaratio": 0.0987555839,
    "operatingIncome": 655000000,
    "operatingIncomeRatio": 0.0208998086,
    "totalOtherIncomeExpensesNet": -1935000000,
    "incomeBeforeTax": -1280000000,
    "incomeBeforeTaxRatio": -0.040842374,
    "incomeTaxExpense": -373000000,
    "netIncome": -962000000,
    "netIncomeRatio": -0.0306955967,
    "eps": -3.75,
    "epsdiluted": -3.25,
    "weightedAverageShsOut": 256542029,
    "weightedAverageShsOutDil": 295871132,
    "link": "https://www.sec.gov/Archives/edgar/data/68505/000095013199005915/0000950131-99-005915-index.html",
    "finalLink": "https://www.sec.gov/Archives/edgar/data/68505/000095013199005915/"
  },
  {
    "date": "1997-12-31",
    "symbol": "MSI",
    "reportedCurrency": "USD",
    "cik": "0000068505",
    "fillingDate": "1998-03-20",
    "acceptedDate": "1998-03-20 00:00:00",
    "calendarYear": "1997",
    "period": "FY",
    "revenue": 29794000000,
    "costOfRevenue": 19993000000,
    "grossProfit": 9801000000,
    "grossProfitRatio": 0.3289588508,
    "researchAndDevelopmentExpenses": 0,
    "generalAndAdministrativeExpenses": 0,
    "sellingAndMarketingExpenses": 0,
    "sellingGeneralAndAdministrativeExpenses": 5515000000,
    "otherExpenses": 2339000000,
    "operatingExpenses": 7854000000,
    "costAndExpenses": 27847000000,
    "interestIncome": 0,
    "interestExpense": 0,
    "depreciationAndAmortization": 2339000000,
    "ebitda": 4286000000,
    "ebitdaratio": 0.1438544673,
    "operatingIncome": 1947000000,
    "operatingIncomeRatio": 0.0653487279,
    "totalOtherIncomeExpensesNet": -131000000,
    "incomeBeforeTax": 1816000000,
    "incomeBeforeTaxRatio": 0.0609518695,
    "incomeTaxExpense": 636000000,
    "netIncome": 1180000000,
    "netIncomeRatio": 0.0396052897,
    "eps": 4.62,
    "epsdiluted": 4.55,
    "weightedAverageShsOut": 255411000,
    "weightedAverageShsOutDil": 259340400,
    "link": "https://www.sec.gov/Archives/edgar/data/68505/000095013198001863/0000950131-98-001863-index.html",
    "finalLink": "https://www.sec.gov/Archives/edgar/data/68505/"
  },
  {
    "date": "1996-12-31",
    "symbol": "MSI",
    "reportedCurrency": "USD",
    "cik": "0000068505",
    "fillingDate": "1997-05-15",
    "acceptedDate": "1997-05-15 00:00:00",
    "calendarYear": "1996",
    "period": "FY",
    "revenue": 27973000000,
    "costOfRevenue": 18982000000,
    "grossProfit": 8991000000,
    "grossProfitRatio": 0.3214170808,
    "researchAndDevelopmentExpenses": 0,
    "generalAndAdministrativeExpenses": 0,
    "sellingAndMarketingExpenses": 0,
    "sellingGeneralAndAdministrativeExpenses": 4715000000,
    "otherExpenses": 2316000000,
    "operatingExpenses": 7031000000,
    "costAndExpenses": 26013000000,
    "interestIncome": 0,
    "interestExpense": 0,
    "depreciationAndAmortization": 2316000000,
    "ebitda": 4276000000,
    "ebitdaratio": 0.1528616881,
    "operatingIncome": 1960000000,
    "operatingIncomeRatio": 0.0700675652,
    "totalOtherIncomeExpensesNet": -185000000,
    "incomeBeforeTax": 1775000000,
    "incomeBeforeTaxRatio": 0.063454045,
    "incomeTaxExpense": 621000000,
    "netIncome": 1154000000,
    "netIncomeRatio": 0.0412540664,
    "eps": 4.55,
    "epsdiluted": 4.41,
    "weightedAverageShsOut": 253626120,
    "weightedAverageShsOutDil": 261677743,
    "link": "https://www.sec.gov/Archives/edgar/data/68505/000095013197003500/0000950131-97-003500-index.html",
    "finalLink": "https://www.sec.gov/Archives/edgar/data/68505/"
  },
  {
    "date": "1995-12-31",
    "symbol": "MSI",
    "reportedCurrency": "USD",
    "cik": "0000068505",
    "fillingDate": "1996-03-22",
    "acceptedDate": "1996-03-22 00:00:00",
    "calendarYear": "1995",
    "period": "FY",
    "revenue": 27037000000,
    "costOfRevenue": 17533000000,
    "grossProfit": 9504000000,
    "grossProfitRatio": 0.3515182898,
    "researchAndDevelopmentExpenses": 0,
    "generalAndAdministrativeExpenses": 0,
    "sellingAndMarketingExpenses": 0,
    "sellingGeneralAndAdministrativeExpenses": 4642000000,
    "otherExpenses": 1931000000,
    "operatingExpenses": 6573000000,
    "costAndExpenses": 24106000000,
    "interestIncome": 0,
    "interestExpense": 0,
    "depreciationAndAmortization": 1931000000,
    "ebitda": 4862000000,
    "ebitdaratio": 0.1798276436,
    "operatingIncome": 2931000000,
    "operatingIncomeRatio": 0.1084069978,
    "totalOtherIncomeExpensesNet": -149000000,
    "incomeBeforeTax": 2782000000,
    "incomeBeforeTaxRatio": 0.1028960314,
    "incomeTaxExpense": 1001000000,
    "netIncome": 1781000000,
    "netIncomeRatio": 0.065872693,
    "eps": 8.12,
    "epsdiluted": 7.91,
    "weightedAverageShsOut": 219334756,
    "weightedAverageShsOutDil": 225157803,
    "link": "https://www.sec.gov/Archives/edgar/data/68505/000091205796004991/0000912057-96-004991-index.html",
    "finalLink": "https://www.sec.gov/Archives/edgar/data/68505/"
  },
  {
    "date": "1994-12-31",
    "symbol": "MSI",
    "reportedCurrency": "USD",
    "cik": "0000068505",
    "fillingDate": "1995-03-24",
    "acceptedDate": "1995-03-24 00:00:00",
    "calendarYear": "1994",
    "period": "FY",
    "revenue": 22245000000,
    "costOfRevenue": 13760000000,
    "grossProfit": 8485000000,
    "grossProfitRatio": 0.3814340301,
    "researchAndDevelopmentExpenses": 0,
    "generalAndAdministrativeExpenses": 0,
    "sellingAndMarketingExpenses": 0,
    "sellingGeneralAndAdministrativeExpenses": 4381000000,
    "otherExpenses": 1525000000,
    "operatingExpenses": 5906000000,
    "costAndExpenses": 19666000000,
    "interestIncome": 0,
    "interestExpense": 0,
    "depreciationAndAmortization": 1547000000,
    "ebitda": 4126000000,
    "ebitdaratio": 0.1854798831,
    "operatingIncome": 2579000000,
    "operatingIncomeRatio": 0.1159361654,
    "totalOtherIncomeExpensesNet": -142000000,
    "incomeBeforeTax": 2437000000,
    "incomeBeforeTaxRatio": 0.1095527085,
    "incomeTaxExpense": 877000000,
    "netIncome": 1560000000,
    "netIncomeRatio": 0.0701281187,
    "eps": 6.18,
    "epsdiluted": 6.18,
    "weightedAverageShsOut": 252981318,
    "weightedAverageShsOutDil": 254014031,
    "link": "https://www.sec.gov/Archives/edgar/data/68505/000091205795001682/0000912057-95-001682-index.html",
    "finalLink": "https://www.sec.gov/Archives/edgar/data/68505/"
  },
  {
    "date": "1993-12-31",
    "symbol": "MSI",
    "reportedCurrency": "USD",
    "cik": "0000068505",
    "fillingDate": "1994-10-21",
    "acceptedDate": "1994-10-21 00:00:00",
    "calendarYear": "1993",
    "period": "FY",
    "revenue": 16963000000,
    "costOfRevenue": 10351000000,
    "grossProfit": 6612000000,
    "grossProfitRatio": 0.3897895419,
    "researchAndDevelopmentExpenses": 0,
    "generalAndAdministrativeExpenses": 0,
    "sellingAndMarketingExpenses": 0,
    "sellingGeneralAndAdministrativeExpenses": 3776000000,
    "otherExpenses": 1170000000,
    "operatingExpenses": 4946000000,
    "costAndExpenses": 15297000000,
    "interestIncome": 0,
    "interestExpense": 0,
    "depreciationAndAmortization": 1196000000,
    "ebitda": 2862000000,
    "ebitdaratio": 0.1687201556,
    "operatingIncome": 1666000000,
    "operatingIncomeRatio": 0.0982137594,
    "totalOtherIncomeExpensesNet": -141000000,
    "incomeBeforeTax": 1525000000,
    "incomeBeforeTaxRatio": 0.0899015504,
    "incomeTaxExpense": 503000000,
    "netIncome": 1022000000,
    "netIncomeRatio": 0.0602487767,
    "eps": 4.13,
    "epsdiluted": 4.13,
    "weightedAverageShsOut": 250450178,
    "weightedAverageShsOutDil": 250450178,
    "link": "https://www.sec.gov/Archives/edgar/data/68505/000006850594000022/0000068505-94-000022-index.html",
    "finalLink": "https://www.sec.gov/Archives/edgar/data/68505/"
  },
  {
    "date": "1992-12-31",
    "symbol": "MSI",
    "reportedCurrency": "USD",
    "cik": "0000068505",
    "fillingDate": "1992-12-31",
    "acceptedDate": "1992-12-31 00:00:00",
    "calendarYear": "1992",
    "period": "FY",
    "revenue": 13303000000,
    "costOfRevenue": 8479000000,
    "grossProfit": 4824000000,
    "grossProfitRatio": 0.3626249718,
    "researchAndDevelopmentExpenses": 0,
    "generalAndAdministrativeExpenses": 0,
    "sellingAndMarketingExpenses": 0,
    "sellingGeneralAndAdministrativeExpenses": 2838000000,
    "otherExpenses": 1029000000,
    "operatingExpenses": 3867000000,
    "costAndExpenses": 12346000000,
    "interestIncome": 0,
    "interestExpense": 0,
    "depreciationAndAmortization": 1029000000,
    "ebitda": 1986000000,
    "ebitdaratio": 0.1492896339,
    "operatingIncome": 957000000,
    "operatingIncomeRatio": 0.0719386605,
    "totalOtherIncomeExpensesNet": -157000000,
    "incomeBeforeTax": 800000000,
    "incomeBeforeTaxRatio": 0.0601368112,
    "incomeTaxExpense": 224000000,
    "netIncome": 453000000,
    "netIncomeRatio": 0.0340524694,
    "eps": 1.96,
    "epsdiluted": 1.96,
    "weightedAverageShsOut": 231122218,
    "weightedAverageShsOutDil": 231122218,
    "link": null,
    "finalLink": null
  },
  {
    "date": "1991-12-31",
    "symbol": "MSI",
    "reportedCurrency": "USD",
    "cik": "0000068505",
    "fillingDate": "1991-12-31",
    "acceptedDate": "1991-12-31 00:00:00",
    "calendarYear": "1991",
    "period": "FY",
    "revenue": 11341000000,
    "costOfRevenue": 7245000000,
    "grossProfit": 4096000000,
    "grossProfitRatio": 0.3611674456,
    "researchAndDevelopmentExpenses": 0,
    "generalAndAdministrativeExpenses": 0,
    "sellingAndMarketingExpenses": 0,
    "sellingGeneralAndAdministrativeExpenses": 2468000000,
    "otherExpenses": 886000000,
    "operatingExpenses": 3354000000,
    "costAndExpenses": 10599000000,
    "interestIncome": 0,
    "interestExpense": 0,
    "depreciationAndAmortization": 886000000,
    "ebitda": 1628000000,
    "ebitdaratio": 0.1435499515,
    "operatingIncome": 742000000,
    "operatingIncomeRatio": 0.0654263292,
    "totalOtherIncomeExpensesNet": -129000000,
    "incomeBeforeTax": 613000000,
    "incomeBeforeTaxRatio": 0.0540516709,
    "incomeTaxExpense": 159000000,
    "netIncome": 454000000,
    "netIncomeRatio": 0.0400317432,
    "eps": 2.03,
    "epsdiluted": 2.03,
    "weightedAverageShsOut": 223645097,
    "weightedAverageShsOutDil": 223645097,
    "link": null,
    "finalLink": null
  },
  {
    "date": "1990-12-31",
    "symbol": "MSI",
    "reportedCurrency": "USD",
    "cik": "0000068505",
    "fillingDate": "1990-12-31",
    "acceptedDate": "1990-12-31 00:00:00",
    "calendarYear": "1990",
    "period": "FY",
    "revenue": 10885000000,
    "costOfRevenue": 6882000000,
    "grossProfit": 4003000000,
    "grossProfitRatio": 0.3677537896,
    "researchAndDevelopmentExpenses": 0,
    "generalAndAdministrativeExpenses": 0,
    "sellingAndMarketingExpenses": 0,
    "sellingGeneralAndAdministrativeExpenses": 2414000000,
    "otherExpenses": 790000000,
    "operatingExpenses": 3204000000,
    "costAndExpenses": 10086000000,
    "interestIncome": 0,
    "interestExpense": 0,
    "depreciationAndAmortization": 790000000,
    "ebitda": 1589000000,
    "ebitdaratio": 0.1459807074,
    "operatingIncome": 799000000,
    "operatingIncomeRatio": 0.0734037667,
    "totalOtherIncomeExpensesNet": -133000000,
    "incomeBeforeTax": 666000000,
    "incomeBeforeTaxRatio": 0.0611851171,
    "incomeTaxExpense": 167000000,
    "netIncome": 499000000,
    "netIncomeRatio": 0.0458429031,
    "eps": 2.24,
    "epsdiluted": 2.24,
    "weightedAverageShsOut": 222767634,
    "weightedAverageShsOutDil": 222767634,
    "link": null,
    "finalLink": null
  },
  {
    "date": "1989-12-31",
    "symbol": "MSI",
    "reportedCurrency": "USD",
    "cik": "0000068505",
    "fillingDate": "1989-12-31",
    "acceptedDate": "1989-12-31 00:00:00",
    "calendarYear": "1989",
    "period": "FY",
    "revenue": 9620000000,
    "costOfRevenue": 5905000000,
    "grossProfit": 3715000000,
    "grossProfitRatio": 0.3861746362,
    "researchAndDevelopmentExpenses": 0,
    "generalAndAdministrativeExpenses": 0,
    "sellingAndMarketingExpenses": 0,
    "sellingGeneralAndAdministrativeExpenses": 2289000000,
    "otherExpenses": 650000000,
    "operatingExpenses": 2939000000,
    "costAndExpenses": 8844000000,
    "interestIncome": 0,
    "interestExpense": 0,
    "depreciationAndAmortization": 650000000,
    "ebitda": 1426000000,
    "ebitdaratio": 0.1482328482,
    "operatingIncome": 776000000,
    "operatingIncomeRatio": 0.0806652807,
    "totalOtherIncomeExpensesNet": -130000000,
    "incomeBeforeTax": 646000000,
    "incomeBeforeTaxRatio": 0.0671517672,
    "incomeTaxExpense": 148000000,
    "netIncome": 498000000,
    "netIncomeRatio": 0.0517671518,
    "eps": 2.24,
    "epsdiluted": 2.24,
    "weightedAverageShsOut": 222321206,
    "weightedAverageShsOutDil": 222321206,
    "link": null,
    "finalLink": null
  },
  {
    "date": "1988-12-31",
    "symbol": "MSI",
    "reportedCurrency": "USD",
    "cik": "0000068505",
    "fillingDate": "1988-12-31",
    "acceptedDate": "1988-12-30 19:00:00",
    "calendarYear": "1988",
    "period": "FY",
    "revenue": 8250000000,
    "costOfRevenue": 5040000000,
    "grossProfit": 3210000000,
    "grossProfitRatio": 0.3890909091,
    "researchAndDevelopmentExpenses": 0,
    "generalAndAdministrativeExpenses": 0,
    "sellingAndMarketingExpenses": 0,
    "sellingGeneralAndAdministrativeExpenses": 1957000000,
    "otherExpenses": 543000000,
    "operatingExpenses": 2500000000,
    "costAndExpenses": 7540000000,
    "interestIncome": 0,
    "interestExpense": 0,
    "depreciationAndAmortization": 543000000,
    "ebitda": 1253000000,
    "ebitdaratio": 0.1518787879,
    "operatingIncome": 710000000,
    "operatingIncomeRatio": 0.0860606061,
    "totalOtherIncomeExpensesNet": -98000000,
    "incomeBeforeTax": 612000000,
    "incomeBeforeTaxRatio": 0.0741818182,
    "incomeTaxExpense": 167000000,
    "netIncome": 445000000,
    "netIncomeRatio": 0.0539393939,
    "eps": 2.03,
    "epsdiluted": 2.03,
    "weightedAverageShsOut": 219211603,
    "weightedAverageShsOutDil": 219211603,
    "link": "",
    "finalLink": ""
  },
  {
    "date": "1987-12-31",
    "symbol": "MSI",
    "reportedCurrency": "USD",
    "cik": "0000068505",
    "fillingDate": "1987-12-31",
    "acceptedDate": "1987-12-30 19:00:00",
    "calendarYear": "1987",
    "period": "FY",
    "revenue": 6707000000,
    "costOfRevenue": 4059000000,
    "grossProfit": 2648000000,
    "grossProfitRatio": 0.3948113911,
    "researchAndDevelopmentExpenses": 0,
    "generalAndAdministrativeExpenses": 0,
    "sellingAndMarketingExpenses": 0,
    "sellingGeneralAndAdministrativeExpenses": 1659000000,
    "otherExpenses": 494000000,
    "operatingExpenses": 2153000000,
    "costAndExpenses": 6212000000,
    "interestIncome": 0,
    "interestExpense": 0,
    "depreciationAndAmortization": 494000000,
    "ebitda": 989000000,
    "ebitdaratio": 0.1474578798,
    "operatingIncome": 495000000,
    "operatingIncomeRatio": 0.0738034889,
    "totalOtherIncomeExpensesNet": -79000000,
    "incomeBeforeTax": 416000000,
    "incomeBeforeTaxRatio": 0.0620247503,
    "incomeTaxExpense": 108000000,
    "netIncome": 308000000,
    "netIncomeRatio": 0.0459221709,
    "eps": 1.4,
    "epsdiluted": 1.4,
    "weightedAverageShsOut": 219999780,
    "weightedAverageShsOutDil": 219999780,
    "link": "",
    "finalLink": ""
  },
  {
    "date": "1986-12-31",
    "symbol": "MSI",
    "reportedCurrency": "USD",
    "cik": "0000068505",
    "fillingDate": "1986-12-31",
    "acceptedDate": "1986-12-30 19:00:00",
    "calendarYear": "1986",
    "period": "FY",
    "revenue": 5888000000,
    "costOfRevenue": 3647000000,
    "grossProfit": 2241000000,
    "grossProfitRatio": 0.3806046196,
    "researchAndDevelopmentExpenses": 0,
    "generalAndAdministrativeExpenses": 0,
    "sellingAndMarketingExpenses": 0,
    "sellingGeneralAndAdministrativeExpenses": 1431000000,
    "otherExpenses": 459000000,
    "operatingExpenses": 1890000000,
    "costAndExpenses": 5537000000,
    "interestIncome": 0,
    "interestExpense": 0,
    "depreciationAndAmortization": 459000000,
    "ebitda": 810000000,
    "ebitdaratio": 0.1375679348,
    "operatingIncome": 351000000,
    "operatingIncomeRatio": 0.0596127717,
    "totalOtherIncomeExpensesNet": -86000000,
    "incomeBeforeTax": 265000000,
    "incomeBeforeTaxRatio": 0.0450067935,
    "incomeTaxExpense": 71000000,
    "netIncome": 194000000,
    "netIncomeRatio": 0.0329483696,
    "eps": 0.91,
    "epsdiluted": 0.91,
    "weightedAverageShsOut": 213186600,
    "weightedAverageShsOutDil": 213186600,
    "link": "",
    "finalLink": ""
  },
  {
    "date": "1985-12-31",
    "symbol": "MSI",
    "reportedCurrency": "USD",
    "cik": "0000068505",
    "fillingDate": "1985-12-31",
    "acceptedDate": "1985-12-30 19:00:00",
    "calendarYear": "1985",
    "period": "FY",
    "revenue": 5443000000,
    "costOfRevenue": 3406000000,
    "grossProfit": 2037000000,
    "grossProfitRatio": 0.3742421459,
    "researchAndDevelopmentExpenses": 0,
    "generalAndAdministrativeExpenses": 0,
    "sellingAndMarketingExpenses": 0,
    "sellingGeneralAndAdministrativeExpenses": 1475000000,
    "otherExpenses": 441000000,
    "operatingExpenses": 1916000000,
    "costAndExpenses": 5322000000,
    "interestIncome": 0,
    "interestExpense": 0,
    "depreciationAndAmortization": 441000000,
    "ebitda": 562000000,
    "ebitdaratio": 0.1032518832,
    "operatingIncome": 121000000,
    "operatingIncomeRatio": 0.0222303877,
    "totalOtherIncomeExpensesNet": -76000000,
    "incomeBeforeTax": 45000000,
    "incomeBeforeTaxRatio": 0.0082674995,
    "incomeTaxExpense": -27000000,
    "netIncome": 72000000,
    "netIncomeRatio": 0.0132279993,
    "eps": 0.35,
    "epsdiluted": 0.35,
    "weightedAverageShsOut": 205714080,
    "weightedAverageShsOutDil": 205714080,
    "link": "",
    "finalLink": ""
  }
]