[
  {
    "date": "2025-06-30",
    "symbol": "MTB",
    "reportedCurrency": "USD",
    "cik": "0000036270",
    "fillingDate": "2025-08-04",
    "acceptedDate": "2025-08-04 10:24:03",
    "calendarYear": "2025",
    "period": "Q2",
    "revenue": 3292000000,
    "costOfRevenue": 1021000000,
    "grossProfit": 2271000000,
    "grossProfitRatio": 0.689854192,
    "researchAndDevelopmentExpenses": 0,
    "generalAndAdministrativeExpenses": 813000000,
    "sellingAndMarketingExpenses": 25000000,
    "sellingGeneralAndAdministrativeExpenses": 838000000,
    "otherExpenses": 498000000,
    "operatingExpenses": 1336000000,
    "costAndExpenses": 2357000000,
    "interestIncome": 2609000000,
    "interestExpense": 896000000,
    "depreciationAndAmortization": 124000000,
    "ebitda": 1059000000,
    "ebitdaratio": 0.3216889429,
    "operatingIncome": 935000000,
    "operatingIncomeRatio": 0.2840218712,
    "totalOtherIncomeExpensesNet": 0,
    "incomeBeforeTax": 935000000,
    "incomeBeforeTaxRatio": 0.2840218712,
    "incomeTaxExpense": 219000000,
    "netIncome": 716000000,
    "netIncomeRatio": 0.2174969623,
    "eps": 4.28,
    "epsdiluted": 4.24,
    "weightedAverageShsOut": 156532000,
    "weightedAverageShsOutDil": 160005000,
    "link": "https://www.sec.gov/Archives/edgar/data/36270/000003627025000011/0000036270-25-000011-index.htm",
    "finalLink": "https://www.sec.gov/Archives/edgar/data/36270/000003627025000011/mtb-20250630.htm"
  },
  {
    "date": "2025-03-31",
    "symbol": "MTB",
    "reportedCurrency": "USD",
    "cik": "0000036270",
    "fillingDate": "2025-05-05",
    "acceptedDate": "2025-05-05 09:54:21",
    "calendarYear": "2025",
    "period": "Q1",
    "revenue": 3171000000,
    "costOfRevenue": 995000000,
    "grossProfit": 2176000000,
    "grossProfitRatio": 0.6862188584,
    "researchAndDevelopmentExpenses": 0,
    "generalAndAdministrativeExpenses": 910000000,
    "sellingAndMarketingExpenses": 22000000,
    "sellingGeneralAndAdministrativeExpenses": 932000000,
    "otherExpenses": 483000000,
    "operatingExpenses": 1415000000,
    "costAndExpenses": 2410000000,
    "interestIncome": 2560000000,
    "interestExpense": 865000000,
    "depreciationAndAmortization": 130000000,
    "ebitda": 891000000,
    "ebitdaratio": 0.2809839167,
    "operatingIncome": 761000000,
    "operatingIncomeRatio": 0.2399873857,
    "totalOtherIncomeExpensesNet": 0,
    "incomeBeforeTax": 761000000,
    "incomeBeforeTaxRatio": 0.2399873857,
    "incomeTaxExpense": 177000000,
    "netIncome": 584000000,
    "netIncomeRatio": 0.1841690319,
    "eps": 3.33,
    "epsdiluted": 3.32,
    "weightedAverageShsOut": 164209000,
    "weightedAverageShsOutDil": 165047000,
    "link": "https://www.sec.gov/Archives/edgar/data/36270/000162828025022036/0001628280-25-022036-index.htm",
    "finalLink": "https://www.sec.gov/Archives/edgar/data/36270/000162828025022036/mtb-20250331.htm"
  },
  {
    "date": "2024-12-31",
    "symbol": "MTB",
    "reportedCurrency": "USD",
    "cik": "0000036270",
    "fillingDate": "2025-02-19",
    "acceptedDate": "2025-02-19 13:32:26",
    "calendarYear": "2024",
    "period": "Q4",
    "revenue": 3341000000,
    "costOfRevenue": 1119000000,
    "grossProfit": 2222000000,
    "grossProfitRatio": 0.6650703382,
    "researchAndDevelopmentExpenses": 0,
    "generalAndAdministrativeExpenses": 780000000,
    "sellingAndMarketingExpenses": 30000000,
    "sellingGeneralAndAdministrativeExpenses": 810000000,
    "otherExpenses": 530000000,
    "operatingExpenses": 1340000000,
    "costAndExpenses": 2459000000,
    "interestIncome": 2707000000,
    "interestExpense": 979000000,
    "depreciationAndAmortization": 129000000,
    "ebitda": 1011000000,
    "ebitdaratio": 0.3026040108,
    "operatingIncome": 882000000,
    "operatingIncomeRatio": 0.2639928165,
    "totalOtherIncomeExpensesNet": 0,
    "incomeBeforeTax": 882000000,
    "incomeBeforeTaxRatio": 0.2639928165,
    "incomeTaxExpense": 201000000,
    "netIncome": 681000000,
    "netIncomeRatio": 0.2038311883,
    "eps": 3.88,
    "epsdiluted": 3.86,
    "weightedAverageShsOut": 165979000,
    "weightedAverageShsOutDil": 166969000,
    "link": "https://www.sec.gov/Archives/edgar/data/36270/000162828025006267/0001628280-25-006267-index.htm",
    "finalLink": "https://www.sec.gov/Archives/edgar/data/36270/000162828025006267/mtb-20241231.htm"
  },
  {
    "date": "2024-09-30",
    "symbol": "MTB",
    "reportedCurrency": "USD",
    "cik": "0000036270",
    "fillingDate": "2024-11-05",
    "acceptedDate": "2024-11-05 14:00:45",
    "calendarYear": "2024",
    "period": "Q3",
    "revenue": 3391000000,
    "costOfRevenue": 1179000000,
    "grossProfit": 2212000000,
    "grossProfitRatio": 0.6523149513,
    "researchAndDevelopmentExpenses": 0,
    "generalAndAdministrativeExpenses": 800000000,
    "sellingAndMarketingExpenses": 27000000,
    "sellingGeneralAndAdministrativeExpenses": 827000000,
    "otherExpenses": 476000000,
    "operatingExpenses": 1303000000,
    "costAndExpenses": 2482000000,
    "interestIncome": 2785000000,
    "interestExpense": 1059000000,
    "depreciationAndAmortization": 122000000,
    "ebitda": 1031000000,
    "ebitdaratio": 0.3040401062,
    "operatingIncome": 909000000,
    "operatingIncomeRatio": 0.2680625184,
    "totalOtherIncomeExpensesNet": 0,
    "incomeBeforeTax": 909000000,
    "incomeBeforeTaxRatio": 0.2680625184,
    "incomeTaxExpense": 188000000,
    "netIncome": 721000000,
    "netIncomeRatio": 0.2126216455,
    "eps": 4.04,
    "epsdiluted": 4.02,
    "weightedAverageShsOut": 166671000,
    "weightedAverageShsOutDil": 167567000,
    "link": "https://www.sec.gov/Archives/edgar/data/36270/000162828024045198/0001628280-24-045198-index.htm",
    "finalLink": "https://www.sec.gov/Archives/edgar/data/36270/000162828024045198/mtb-20240930.htm"
  },
  {
    "date": "2024-06-30",
    "symbol": "MTB",
    "reportedCurrency": "USD",
    "cik": "0000036270",
    "fillingDate": "2024-08-05",
    "acceptedDate": "2024-08-05 15:16:43",
    "calendarYear": "2024",
    "period": "Q2",
    "revenue": 3373000000,
    "costOfRevenue": 1221000000,
    "grossProfit": 2152000000,
    "grossProfitRatio": 0.6380077083,
    "researchAndDevelopmentExpenses": 0,
    "generalAndAdministrativeExpenses": 801000000,
    "sellingAndMarketingExpenses": 27000000,
    "sellingGeneralAndAdministrativeExpenses": 828000000,
    "otherExpenses": 469000000,
    "operatingExpenses": 1297000000,
    "costAndExpenses": 2518000000,
    "interestIncome": 2789000000,
    "interestExpense": 1071000000,
    "depreciationAndAmortization": 127000000,
    "ebitda": 982000000,
    "ebitdaratio": 0.2911354877,
    "operatingIncome": 855000000,
    "operatingIncomeRatio": 0.2534835458,
    "totalOtherIncomeExpensesNet": 0,
    "incomeBeforeTax": 855000000,
    "incomeBeforeTaxRatio": 0.2534835458,
    "incomeTaxExpense": 200000000,
    "netIncome": 655000000,
    "netIncomeRatio": 0.1941891491,
    "eps": 3.75,
    "epsdiluted": 3.73,
    "weightedAverageShsOut": 166951000,
    "weightedAverageShsOutDil": 167659000,
    "link": "https://www.sec.gov/Archives/edgar/data/36270/000162828024034695/0001628280-24-034695-index.htm",
    "finalLink": "https://www.sec.gov/Archives/edgar/data/36270/000162828024034695/mtb-20240630.htm"
  },
  {
    "date": "2024-03-31",
    "symbol": "MTB",
    "reportedCurrency": "USD",
    "cik": "0000036270",
    "fillingDate": "2024-05-03",
    "acceptedDate": "2024-05-03 15:12:58",
    "calendarYear": "2024",
    "period": "Q1",
    "revenue": 3300000000,
    "costOfRevenue": 1265000000,
    "grossProfit": 2035000000,
    "grossProfitRatio": 0.6166666667,
    "researchAndDevelopmentExpenses": 0,
    "generalAndAdministrativeExpenses": 864000000,
    "sellingAndMarketingExpenses": 20000000,
    "sellingGeneralAndAdministrativeExpenses": 884000000,
    "otherExpenses": 487000000,
    "operatingExpenses": 1371000000,
    "costAndExpenses": 2636000000,
    "interestIncome": 2745000000,
    "interestExpense": 1065000000,
    "depreciationAndAmortization": 130000000,
    "ebitda": 794000000,
    "ebitdaratio": 0.2406060606,
    "operatingIncome": 664000000,
    "operatingIncomeRatio": 0.2012121212,
    "totalOtherIncomeExpensesNet": 0,
    "incomeBeforeTax": 664000000,
    "incomeBeforeTaxRatio": 0.2012121212,
    "incomeTaxExpense": 133000000,
    "netIncome": 531000000,
    "netIncomeRatio": 0.1609090909,
    "eps": 3.04,
    "epsdiluted": 3.02,
    "weightedAverageShsOut": 166460000,
    "weightedAverageShsOutDil": 167084000,
    "link": "https://www.sec.gov/Archives/edgar/data/36270/000095017024052773/0000950170-24-052773-index.htm",
    "finalLink": "https://www.sec.gov/Archives/edgar/data/36270/000095017024052773/mtb-20240331.htm"
  },
  {
    "date": "2023-12-31",
    "symbol": "MTB",
    "reportedCurrency": "USD",
    "cik": "0000036270",
    "fillingDate": "2024-02-21",
    "acceptedDate": "2024-02-21 16:37:54",
    "calendarYear": "2023",
    "period": "Q4",
    "revenue": 3298106000,
    "costOfRevenue": 1242772000,
    "grossProfit": 2055334000,
    "grossProfitRatio": 0.6231861559,
    "researchAndDevelopmentExpenses": 0,
    "generalAndAdministrativeExpenses": 755399000,
    "sellingAndMarketingExpenses": 25686000,
    "sellingGeneralAndAdministrativeExpenses": 781085000,
    "otherExpenses": 648588000,
    "operatingExpenses": 1429673000,
    "costAndExpenses": 2672445000,
    "interestIncome": 2739991000,
    "interestExpense": 1017772000,
    "depreciationAndAmortization": 129316000,
    "ebitda": 754977000,
    "ebitdaratio": 0.2289122909,
    "operatingIncome": 625661000,
    "operatingIncomeRatio": 0.1897031205,
    "totalOtherIncomeExpensesNet": 0,
    "incomeBeforeTax": 625661000,
    "incomeBeforeTaxRatio": 0.1897031205,
    "incomeTaxExpense": 143260000,
    "netIncome": 482401000,
    "netIncomeRatio": 0.1462660691,
    "eps": 2.75,
    "epsdiluted": 2.74,
    "weightedAverageShsOut": 166149000,
    "weightedAverageShsOutDil": 166731000,
    "link": "https://www.sec.gov/Archives/edgar/data/36270/000095017024017990/0000950170-24-017990-index.htm",
    "finalLink": "https://www.sec.gov/Archives/edgar/data/36270/000095017024017990/mtb-20231231.htm"
  },
  {
    "date": "2023-09-30",
    "symbol": "MTB",
    "reportedCurrency": "USD",
    "cik": "0000036270",
    "fillingDate": "2023-11-06",
    "acceptedDate": "2023-11-06 16:00:02",
    "calendarYear": "2023",
    "period": "Q3",
    "revenue": 3201000000,
    "costOfRevenue": 1016000000,
    "grossProfit": 2185000000,
    "grossProfitRatio": 0.6825991878,
    "researchAndDevelopmentExpenses": 0,
    "generalAndAdministrativeExpenses": 756000000,
    "sellingAndMarketingExpenses": 23000000,
    "sellingGeneralAndAdministrativeExpenses": 779000000,
    "otherExpenses": 499000000,
    "operatingExpenses": 1278000000,
    "costAndExpenses": 2294000000,
    "interestIncome": 2641000000,
    "interestExpense": 866000000,
    "depreciationAndAmortization": 130000000,
    "ebitda": 1037000000,
    "ebitdaratio": 0.3239612621,
    "operatingIncome": 907000000,
    "operatingIncomeRatio": 0.2833489535,
    "totalOtherIncomeExpensesNet": 0,
    "incomeBeforeTax": 907000000,
    "incomeBeforeTaxRatio": 0.2833489535,
    "incomeTaxExpense": 217000000,
    "netIncome": 690000000,
    "netIncomeRatio": 0.2155576382,
    "eps": 4,
    "epsdiluted": 3.98,
    "weightedAverageShsOut": 165909000,
    "weightedAverageShsOutDil": 166570000,
    "link": "https://www.sec.gov/Archives/edgar/data/36270/000095017023059364/0000950170-23-059364-index.htm",
    "finalLink": "https://www.sec.gov/Archives/edgar/data/36270/000095017023059364/mtb-20230930.htm"
  },
  {
    "date": "2023-06-30",
    "symbol": "MTB",
    "reportedCurrency": "USD",
    "cik": "0000036270",
    "fillingDate": "2023-08-08",
    "acceptedDate": "2023-08-08 16:13:05",
    "calendarYear": "2023",
    "period": "Q2",
    "revenue": 3319000000,
    "costOfRevenue": 867000000,
    "grossProfit": 2452000000,
    "grossProfitRatio": 0.73877674,
    "researchAndDevelopmentExpenses": 0,
    "generalAndAdministrativeExpenses": 766000000,
    "sellingAndMarketingExpenses": 28000000,
    "sellingGeneralAndAdministrativeExpenses": 794000000,
    "otherExpenses": 499000000,
    "operatingExpenses": 1293000000,
    "costAndExpenses": 2160000000,
    "interestIncome": 2516000000,
    "interestExpense": 717000000,
    "depreciationAndAmortization": 125000000,
    "ebitda": 1284000000,
    "ebitdaratio": 0.3868635131,
    "operatingIncome": 1159000000,
    "operatingIncomeRatio": 0.3492015667,
    "totalOtherIncomeExpensesNet": 0,
    "incomeBeforeTax": 1159000000,
    "incomeBeforeTaxRatio": 0.3492015667,
    "incomeTaxExpense": 292000000,
    "netIncome": 867000000,
    "netIncomeRatio": 0.26122326,
    "eps": 5.07,
    "epsdiluted": 5.05,
    "weightedAverageShsOut": 165842000,
    "weightedAverageShsOutDil": 166320000,
    "link": "https://www.sec.gov/Archives/edgar/data/36270/000095017023039814/0000950170-23-039814-index.htm",
    "finalLink": "https://www.sec.gov/Archives/edgar/data/36270/000095017023039814/mtb-20230630.htm"
  },
  {
    "date": "2023-03-31",
    "symbol": "MTB",
    "reportedCurrency": "USD",
    "cik": "0000036270",
    "fillingDate": "2023-05-05",
    "acceptedDate": "2023-05-05 14:04:25",
    "calendarYear": "2023",
    "period": "Q1",
    "revenue": 2894000000,
    "costOfRevenue": 629000000,
    "grossProfit": 2265000000,
    "grossProfitRatio": 0.7826537664,
    "researchAndDevelopmentExpenses": 0,
    "generalAndAdministrativeExpenses": 838000000,
    "sellingAndMarketingExpenses": 31000000,
    "sellingGeneralAndAdministrativeExpenses": 869000000,
    "otherExpenses": 470000000,
    "operatingExpenses": 1339000000,
    "costAndExpenses": 1968000000,
    "interestIncome": 2327000000,
    "interestExpense": 509000000,
    "depreciationAndAmortization": 113000000,
    "ebitda": 1039000000,
    "ebitdaratio": 0.3590186593,
    "operatingIncome": 926000000,
    "operatingIncomeRatio": 0.3199723566,
    "totalOtherIncomeExpensesNet": 0,
    "incomeBeforeTax": 926000000,
    "incomeBeforeTaxRatio": 0.3199723566,
    "incomeTaxExpense": 224000000,
    "netIncome": 702000000,
    "netIncomeRatio": 0.2425708362,
    "eps": 4.03,
    "epsdiluted": 4.01,
    "weightedAverageShsOut": 167732000,
    "weightedAverageShsOutDil": 168410000,
    "link": "https://www.sec.gov/Archives/edgar/data/36270/000095017023018233/0000950170-23-018233-index.htm",
    "finalLink": "https://www.sec.gov/Archives/edgar/data/36270/000095017023018233/mtb-20230331.htm"
  },
  {
    "date": "2022-12-31",
    "symbol": "MTB",
    "reportedCurrency": "USD",
    "cik": "0000036270",
    "fillingDate": "2023-02-22",
    "acceptedDate": "2023-02-22 16:55:46",
    "calendarYear": "2022",
    "period": "Q4",
    "revenue": 2753746000,
    "costOfRevenue": 576835000,
    "grossProfit": 2176911000,
    "grossProfitRatio": 0.7905271583,
    "researchAndDevelopmentExpenses": 0,
    "generalAndAdministrativeExpenses": 721284000,
    "sellingAndMarketingExpenses": 32691000,
    "sellingGeneralAndAdministrativeExpenses": 753975000,
    "otherExpenses": 412313000,
    "operatingExpenses": 1166288000,
    "costAndExpenses": 1743123000,
    "interestIncome": 2072209000,
    "interestExpense": 244835000,
    "depreciationAndAmortization": 101217000,
    "ebitda": 1111840000,
    "ebitdaratio": 0.4037554662,
    "operatingIncome": 1010623000,
    "operatingIncomeRatio": 0.3669993529,
    "totalOtherIncomeExpensesNet": 0,
    "incomeBeforeTax": 1010623000,
    "incomeBeforeTaxRatio": 0.3669993529,
    "incomeTaxExpense": 245252000,
    "netIncome": 765371000,
    "netIncomeRatio": 0.277938125,
    "eps": 4.32,
    "epsdiluted": 4.29,
    "weightedAverageShsOut": 171094000,
    "weightedAverageShsOutDil": 172149000,
    "link": "https://www.sec.gov/Archives/edgar/data/36270/000095017023003804/0000950170-23-003804-index.htm",
    "finalLink": "https://www.sec.gov/Archives/edgar/data/36270/000095017023003804/mtb-20221231.htm"
  },
  {
    "date": "2022-09-30",
    "symbol": "MTB",
    "reportedCurrency": "USD",
    "cik": "0000036270",
    "fillingDate": "2022-11-07",
    "acceptedDate": "2022-11-07 12:33:49",
    "calendarYear": "2022",
    "period": "Q3",
    "revenue": 2344592000,
    "costOfRevenue": 217822000,
    "grossProfit": 2126770000,
    "grossProfitRatio": 0.9070959894,
    "researchAndDevelopmentExpenses": 0,
    "generalAndAdministrativeExpenses": 764459000,
    "sellingAndMarketingExpenses": 21398000,
    "sellingGeneralAndAdministrativeExpenses": 785857000,
    "otherExpenses": 493396000,
    "operatingExpenses": 1279253000,
    "costAndExpenses": 1497075000,
    "interestIncome": 1781513000,
    "interestExpense": 102822000,
    "depreciationAndAmortization": 127339000,
    "ebitda": 974856000,
    "ebitdaratio": 0.4157891863,
    "operatingIncome": 847517000,
    "operatingIncomeRatio": 0.3614773914,
    "totalOtherIncomeExpensesNet": 0,
    "incomeBeforeTax": 847517000,
    "incomeBeforeTaxRatio": 0.3614773914,
    "incomeTaxExpense": 200921000,
    "netIncome": 646596000,
    "netIncomeRatio": 0.2757818844,
    "eps": 3.55,
    "epsdiluted": 3.53,
    "weightedAverageShsOut": 174609000,
    "weightedAverageShsOutDil": 175682000,
    "link": "https://www.sec.gov/Archives/edgar/data/36270/000095017022022465/0000950170-22-022465-index.htm",
    "finalLink": "https://www.sec.gov/Archives/edgar/data/36270/000095017022022465/mtb-20220930.htm"
  },
  {
    "date": "2022-06-30",
    "symbol": "MTB",
    "reportedCurrency": "USD",
    "cik": "0000036270",
    "fillingDate": "2022-08-05",
    "acceptedDate": "2022-08-05 15:58:17",
    "calendarYear": "2022",
    "period": "Q2",
    "revenue": 2036242000,
    "costOfRevenue": 113425000,
    "grossProfit": 1922817000,
    "grossProfitRatio": 0.9442968959,
    "researchAndDevelopmentExpenses": 0,
    "generalAndAdministrativeExpenses": 798786000,
    "sellingAndMarketingExpenses": 20635000,
    "sellingGeneralAndAdministrativeExpenses": 819421000,
    "otherExpenses": 825733000,
    "operatingExpenses": 1645154000,
    "costAndExpenses": 1758579000,
    "interestIncome": 1465142000,
    "interestExpense": 53425000,
    "depreciationAndAmortization": 122276000,
    "ebitda": 399939000,
    "ebitdaratio": 0.1964103481,
    "operatingIncome": 277663000,
    "operatingIncomeRatio": 0.1363605112,
    "totalOtherIncomeExpensesNet": 0,
    "incomeBeforeTax": 277663000,
    "incomeBeforeTaxRatio": 0.1363605112,
    "incomeTaxExpense": 60141000,
    "netIncome": 217522000,
    "netIncomeRatio": 0.1068252202,
    "eps": 1.08,
    "epsdiluted": 1.08,
    "weightedAverageShsOut": 177367000,
    "weightedAverageShsOutDil": 178277000,
    "link": "https://www.sec.gov/Archives/edgar/data/36270/000095017022015111/0000950170-22-015111-index.htm",
    "finalLink": "https://www.sec.gov/Archives/edgar/data/36270/000095017022015111/mtb-20220630.htm"
  },
  {
    "date": "2022-03-31",
    "symbol": "MTB",
    "reportedCurrency": "USD",
    "cik": "0000036270",
    "fillingDate": "2022-05-05",
    "acceptedDate": "2022-05-05 16:32:04",
    "calendarYear": "2022",
    "period": "Q1",
    "revenue": 1469143000,
    "costOfRevenue": 34082000,
    "grossProfit": 1435061000,
    "grossProfitRatio": 0.9768014414,
    "researchAndDevelopmentExpenses": 0,
    "generalAndAdministrativeExpenses": 593096000,
    "sellingAndMarketingExpenses": 16024000,
    "sellingGeneralAndAdministrativeExpenses": 609120000,
    "otherExpenses": 350621000,
    "operatingExpenses": 959741000,
    "costAndExpenses": 993823000,
    "interestIncome": 928256000,
    "interestExpense": 24082000,
    "depreciationAndAmortization": 83311000,
    "ebitda": 558631000,
    "ebitdaratio": 0.3802427674,
    "operatingIncome": 475320000,
    "operatingIncomeRatio": 0.3235355578,
    "totalOtherIncomeExpensesNet": 0,
    "incomeBeforeTax": 475320000,
    "incomeBeforeTaxRatio": 0.3235355578,
    "incomeTaxExpense": 113146000,
    "netIncome": 362174000,
    "netIncomeRatio": 0.2465205906,
    "eps": 2.63,
    "epsdiluted": 2.62,
    "weightedAverageShsOut": 128945000,
    "weightedAverageShsOutDil": 129416000,
    "link": "https://www.sec.gov/Archives/edgar/data/36270/000156459022018282/0001564590-22-018282-index.htm",
    "finalLink": "https://www.sec.gov/Archives/edgar/data/36270/000156459022018282/mtb-10q_20220331.htm"
  },
  {
    "date": "2021-12-31",
    "symbol": "MTB",
    "reportedCurrency": "USD",
    "cik": "0000036270",
    "fillingDate": "2022-02-16",
    "acceptedDate": "2022-02-16 16:56:03",
    "calendarYear": "2021",
    "period": "Q4",
    "revenue": 1537155000,
    "costOfRevenue": 9725000,
    "grossProfit": 1527430000,
    "grossProfitRatio": 0.9936733771,
    "researchAndDevelopmentExpenses": 0,
    "generalAndAdministrativeExpenses": 533873000,
    "sellingAndMarketingExpenses": 21228000,
    "sellingGeneralAndAdministrativeExpenses": 555101000,
    "otherExpenses": 372399000,
    "operatingExpenses": 927500000,
    "costAndExpenses": 937225000,
    "interestIncome": 958518000,
    "interestExpense": 24725000,
    "depreciationAndAmortization": 80763000,
    "ebitda": 680693000,
    "ebitdaratio": 0.4428265204,
    "operatingIncome": 599930000,
    "operatingIncomeRatio": 0.3902859503,
    "totalOtherIncomeExpensesNet": 0,
    "incomeBeforeTax": 599930000,
    "incomeBeforeTaxRatio": 0.3902859503,
    "incomeTaxExpense": 141962000,
    "netIncome": 457968000,
    "netIncomeRatio": 0.2979322189,
    "eps": 3.37,
    "epsdiluted": 3.37,
    "weightedAverageShsOut": 128834000,
    "weightedAverageShsOutDil": 128888000,
    "link": "https://www.sec.gov/Archives/edgar/data/36270/000156459022005400/0001564590-22-005400-index.htm",
    "finalLink": "https://www.sec.gov/Archives/edgar/data/36270/000156459022005400/mtb-10k_20211231.htm"
  },
  {
    "date": "2021-09-30",
    "symbol": "MTB",
    "reportedCurrency": "USD",
    "cik": "0000036270",
    "fillingDate": "2021-11-05",
    "acceptedDate": "2021-11-05 15:11:52",
    "calendarYear": "2021",
    "period": "Q3",
    "revenue": 1562072000,
    "costOfRevenue": 5696000,
    "grossProfit": 1556376000,
    "grossProfitRatio": 0.9963535612,
    "researchAndDevelopmentExpenses": 0,
    "generalAndAdministrativeExpenses": 529232000,
    "sellingAndMarketingExpenses": 15208000,
    "sellingGeneralAndAdministrativeExpenses": 544440000,
    "otherExpenses": 354894000,
    "operatingExpenses": 899334000,
    "costAndExpenses": 905030000,
    "interestIncome": 992946000,
    "interestExpense": 25696000,
    "depreciationAndAmortization": 84364000,
    "ebitda": 741406000,
    "ebitdaratio": 0.4746298506,
    "operatingIncome": 657042000,
    "operatingIncomeRatio": 0.4206220968,
    "totalOtherIncomeExpensesNet": 0,
    "incomeBeforeTax": 657042000,
    "incomeBeforeTaxRatio": 0.4206220968,
    "incomeTaxExpense": 161582000,
    "netIncome": 495460000,
    "netIncomeRatio": 0.3171812823,
    "eps": 3.7,
    "epsdiluted": 3.69,
    "weightedAverageShsOut": 128638000,
    "weightedAverageShsOutDil": 128844000,
    "link": "https://www.sec.gov/Archives/edgar/data/36270/000156459021054864/0001564590-21-054864-index.htm",
    "finalLink": "https://www.sec.gov/Archives/edgar/data/36270/000156459021054864/mtb-10q_20210930.htm"
  },
  {
    "date": "2021-06-30",
    "symbol": "MTB",
    "reportedCurrency": "USD",
    "cik": "0000036270",
    "fillingDate": "2021-08-05",
    "acceptedDate": "2021-08-05 15:54:57",
    "calendarYear": "2021",
    "period": "Q2",
    "revenue": 1483991000,
    "costOfRevenue": 13018000,
    "grossProfit": 1470973000,
    "grossProfitRatio": 0.9912277096,
    "researchAndDevelopmentExpenses": 0,
    "generalAndAdministrativeExpenses": 497010000,
    "sellingAndMarketingExpenses": 13364000,
    "sellingGeneralAndAdministrativeExpenses": 510374000,
    "otherExpenses": 354971000,
    "operatingExpenses": 865345000,
    "costAndExpenses": 878363000,
    "interestIncome": 970358000,
    "interestExpense": 28018000,
    "depreciationAndAmortization": 79276000,
    "ebitda": 684904000,
    "ebitdaratio": 0.4615284055,
    "operatingIncome": 605628000,
    "operatingIncomeRatio": 0.4081075963,
    "totalOtherIncomeExpensesNet": 0,
    "incomeBeforeTax": 605628000,
    "incomeBeforeTaxRatio": 0.4081075963,
    "incomeTaxExpense": 147559000,
    "netIncome": 458069000,
    "netIncomeRatio": 0.3086737049,
    "eps": 3.41,
    "epsdiluted": 3.41,
    "weightedAverageShsOut": 128668000,
    "weightedAverageShsOutDil": 128842000,
    "link": "https://www.sec.gov/Archives/edgar/data/36270/000156459021041556/0001564590-21-041556-index.htm",
    "finalLink": "https://www.sec.gov/Archives/edgar/data/36270/000156459021041556/mtb-10q_20210630.htm"
  },
  {
    "date": "2021-03-31",
    "symbol": "MTB",
    "reportedCurrency": "USD",
    "cik": "0000036270",
    "fillingDate": "2021-05-06",
    "acceptedDate": "2021-05-06 15:39:09",
    "calendarYear": "2021",
    "period": "Q1",
    "revenue": 1522560000,
    "costOfRevenue": 10567000,
    "grossProfit": 1511993000,
    "grossProfitRatio": 0.9930597152,
    "researchAndDevelopmentExpenses": 0,
    "generalAndAdministrativeExpenses": 555266000,
    "sellingAndMarketingExpenses": 14628000,
    "sellingGeneralAndAdministrativeExpenses": 569894000,
    "otherExpenses": 349550000,
    "operatingExpenses": 919444000,
    "costAndExpenses": 930011000,
    "interestIncome": 1016962000,
    "interestExpense": 35567000,
    "depreciationAndAmortization": 79805000,
    "ebitda": 672354000,
    "ebitdaratio": 0.4415944199,
    "operatingIncome": 592549000,
    "operatingIncomeRatio": 0.3891794084,
    "totalOtherIncomeExpensesNet": 0,
    "incomeBeforeTax": 592549000,
    "incomeBeforeTaxRatio": 0.3891794084,
    "incomeTaxExpense": 145300000,
    "netIncome": 447249000,
    "netIncomeRatio": 0.2937480296,
    "eps": 3.33,
    "epsdiluted": 3.33,
    "weightedAverageShsOut": 128556000,
    "weightedAverageShsOutDil": 128669000,
    "link": "https://www.sec.gov/Archives/edgar/data/36270/000156459021024903/0001564590-21-024903-index.htm",
    "finalLink": "https://www.sec.gov/Archives/edgar/data/36270/000156459021024903/mtb-10q_20210331.htm"
  },
  {
    "date": "2020-12-31",
    "symbol": "MTB",
    "reportedCurrency": "USD",
    "cik": "0000036270",
    "fillingDate": "2021-02-22",
    "acceptedDate": "2021-02-22 17:02:04",
    "calendarYear": "2020",
    "period": "Q4",
    "revenue": 1590140000,
    "costOfRevenue": 124610000,
    "grossProfit": 1465530000,
    "grossProfitRatio": 0.9216358308,
    "researchAndDevelopmentExpenses": 0,
    "generalAndAdministrativeExpenses": 491314000,
    "sellingAndMarketingExpenses": 17832000,
    "sellingGeneralAndAdministrativeExpenses": 509146000,
    "otherExpenses": 335862000,
    "operatingExpenses": 845008000,
    "costAndExpenses": 969618000,
    "interestIncome": 1038890000,
    "interestExpense": 49610000,
    "depreciationAndAmortization": 80233000,
    "ebitda": 700755000,
    "ebitdaratio": 0.4406876124,
    "operatingIncome": 620522000,
    "operatingIncomeRatio": 0.3902310488,
    "totalOtherIncomeExpensesNet": 0,
    "incomeBeforeTax": 620522000,
    "incomeBeforeTaxRatio": 0.3902310488,
    "incomeTaxExpense": 149382000,
    "netIncome": 471140000,
    "netIncomeRatio": 0.2962883771,
    "eps": 3.52,
    "epsdiluted": 3.52,
    "weightedAverageShsOut": 128372000,
    "weightedAverageShsOutDil": 128379000,
    "link": "https://www.sec.gov/Archives/edgar/data/36270/000156459021007188/0001564590-21-007188-index.htm",
    "finalLink": "https://www.sec.gov/Archives/edgar/data/36270/000156459021007188/mtb-10k_20201231.htm"
  },
  {
    "date": "2020-09-30",
    "symbol": "MTB",
    "reportedCurrency": "USD",
    "cik": "0000036270",
    "fillingDate": "2020-11-04",
    "acceptedDate": "2020-11-04 16:11:53",
    "calendarYear": "2020",
    "period": "Q3",
    "revenue": 1521722000,
    "costOfRevenue": 208066000,
    "grossProfit": 1313656000,
    "grossProfitRatio": 0.8632693751,
    "researchAndDevelopmentExpenses": 0,
    "generalAndAdministrativeExpenses": 491018000,
    "sellingAndMarketingExpenses": 11855000,
    "sellingGeneralAndAdministrativeExpenses": 502873000,
    "otherExpenses": 323901000,
    "operatingExpenses": 826774000,
    "costAndExpenses": 1034840000,
    "interestIncome": 1001161000,
    "interestExpense": 58066000,
    "depreciationAndAmortization": 85510000,
    "ebitda": 572392000,
    "ebitdaratio": 0.3761475486,
    "operatingIncome": 486882000,
    "operatingIncomeRatio": 0.3199546303,
    "totalOtherIncomeExpensesNet": 0,
    "incomeBeforeTax": 486882000,
    "incomeBeforeTaxRatio": 0.3199546303,
    "incomeTaxExpense": 114746000,
    "netIncome": 372136000,
    "netIncomeRatio": 0.2445492672,
    "eps": 2.75,
    "epsdiluted": 2.75,
    "weightedAverageShsOut": 128509000,
    "weightedAverageShsOutDil": 128509000,
    "link": "https://www.sec.gov/Archives/edgar/data/36270/000156459020050472/0001564590-20-050472-index.htm",
    "finalLink": "https://www.sec.gov/Archives/edgar/data/36270/000156459020050472/mtb-10q_20200930.htm"
  },
  {
    "date": "2020-06-30",
    "symbol": "MTB",
    "reportedCurrency": "USD",
    "cik": "0000036270",
    "fillingDate": "2020-08-05",
    "acceptedDate": "2020-08-05 16:40:36",
    "calendarYear": "2020",
    "period": "Q2",
    "revenue": 1519515000,
    "costOfRevenue": 400105000,
    "grossProfit": 1119410000,
    "grossProfitRatio": 0.7366890093,
    "researchAndDevelopmentExpenses": 0,
    "generalAndAdministrativeExpenses": 473049000,
    "sellingAndMarketingExpenses": 9842000,
    "sellingGeneralAndAdministrativeExpenses": 482891000,
    "otherExpenses": 324151000,
    "operatingExpenses": 807042000,
    "costAndExpenses": 1207147000,
    "interestIncome": 1032242000,
    "interestExpense": 75105000,
    "depreciationAndAmortization": 76885000,
    "ebitda": 389253000,
    "ebitdaratio": 0.2561692382,
    "operatingIncome": 312368000,
    "operatingIncomeRatio": 0.2055708565,
    "totalOtherIncomeExpensesNet": 0,
    "incomeBeforeTax": 312368000,
    "incomeBeforeTaxRatio": 0.2055708565,
    "incomeTaxExpense": 71314000,
    "netIncome": 241054000,
    "netIncomeRatio": 0.1586387762,
    "eps": 1.74,
    "epsdiluted": 1.74,
    "weightedAverageShsOut": 128218000,
    "weightedAverageShsOutDil": 128333000,
    "link": "https://www.sec.gov/Archives/edgar/data/36270/000156459020036872/0001564590-20-036872-index.htm",
    "finalLink": "https://www.sec.gov/Archives/edgar/data/36270/000156459020036872/mtb-10q_20200630.htm"
  },
  {
    "date": "2020-03-31",
    "symbol": "MTB",
    "reportedCurrency": "USD",
    "cik": "0000036270",
    "fillingDate": "2020-05-07",
    "acceptedDate": "2020-05-06 19:20:10",
    "calendarYear": "2020",
    "period": "Q1",
    "revenue": 1649779000,
    "costOfRevenue": 393614000,
    "grossProfit": 1256165000,
    "grossProfitRatio": 0.7614141046,
    "researchAndDevelopmentExpenses": 0,
    "generalAndAdministrativeExpenses": 549114000,
    "sellingAndMarketingExpenses": 22375000,
    "sellingGeneralAndAdministrativeExpenses": 571489000,
    "otherExpenses": 334927000,
    "operatingExpenses": 906416000,
    "costAndExpenses": 1300030000,
    "interestIncome": 1120419000,
    "interestExpense": 143614000,
    "depreciationAndAmortization": 77660000,
    "ebitda": 427409000,
    "ebitdaratio": 0.2590704573,
    "operatingIncome": 349749000,
    "operatingIncomeRatio": 0.2119974857,
    "totalOtherIncomeExpensesNet": 0,
    "incomeBeforeTax": 349749000,
    "incomeBeforeTaxRatio": 0.2119974857,
    "incomeTaxExpense": 80927000,
    "netIncome": 268822000,
    "netIncomeRatio": 0.1629442489,
    "eps": 1.93,
    "epsdiluted": 1.93,
    "weightedAverageShsOut": 129755000,
    "weightedAverageShsOutDil": 129755000,
    "link": "https://www.sec.gov/Archives/edgar/data/36270/000156459020022168/0001564590-20-022168-index.htm",
    "finalLink": "https://www.sec.gov/Archives/edgar/data/36270/000156459020022168/mtb-10q_20200331.htm"
  },
  {
    "date": "2019-12-31",
    "symbol": "MTB",
    "reportedCurrency": "USD",
    "cik": "0000036270",
    "fillingDate": "2020-02-20",
    "acceptedDate": "2020-02-19 19:12:12",
    "calendarYear": "2019",
    "period": "Q4",
    "revenue": 1706942000,
    "costOfRevenue": 231069000,
    "grossProfit": 1475873000,
    "grossProfitRatio": 0.8646298468,
    "researchAndDevelopmentExpenses": 0,
    "generalAndAdministrativeExpenses": 481511000,
    "sellingAndMarketingExpenses": 27063000,
    "sellingGeneralAndAdministrativeExpenses": 508574000,
    "otherExpenses": 315109000,
    "operatingExpenses": 823683000,
    "costAndExpenses": 1054752000,
    "interestIncome": 1185902000,
    "interestExpense": 177069000,
    "depreciationAndAmortization": 77272000,
    "ebitda": 729462000,
    "ebitdaratio": 0.427350197,
    "operatingIncome": 652190000,
    "operatingIncomeRatio": 0.3820809377,
    "totalOtherIncomeExpensesNet": 0,
    "incomeBeforeTax": 652190000,
    "incomeBeforeTaxRatio": 0.3820809377,
    "incomeTaxExpense": 159124000,
    "netIncome": 493066000,
    "netIncomeRatio": 0.2888592583,
    "eps": 3.6,
    "epsdiluted": 3.6,
    "weightedAverageShsOut": 131492000,
    "weightedAverageShsOutDil": 131549000,
    "link": "https://www.sec.gov/Archives/edgar/data/36270/000156459020005365/0001564590-20-005365-index.htm",
    "finalLink": "https://www.sec.gov/Archives/edgar/data/36270/000156459020005365/mtb-10k_20191231.htm"
  },
  {
    "date": "2019-09-30",
    "symbol": "MTB",
    "reportedCurrency": "USD",
    "cik": "0000036270",
    "fillingDate": "2019-11-05",
    "acceptedDate": "2019-11-05 16:25:52",
    "calendarYear": "2019",
    "period": "Q3",
    "revenue": 1757248000,
    "costOfRevenue": 244579000,
    "grossProfit": 1512669000,
    "grossProfitRatio": 0.8608170275,
    "researchAndDevelopmentExpenses": 0,
    "generalAndAdministrativeExpenses": 486686000,
    "sellingAndMarketingExpenses": 22088000,
    "sellingGeneralAndAdministrativeExpenses": 508774000,
    "otherExpenses": 368845000,
    "operatingExpenses": 877619000,
    "costAndExpenses": 1122198000,
    "interestIncome": 1229469000,
    "interestExpense": 199579000,
    "depreciationAndAmortization": 77946000,
    "ebitda": 712996000,
    "ebitdaratio": 0.4057458025,
    "operatingIncome": 635050000,
    "operatingIncomeRatio": 0.3613889445,
    "totalOtherIncomeExpensesNet": 0,
    "incomeBeforeTax": 635050000,
    "incomeBeforeTaxRatio": 0.3613889445,
    "incomeTaxExpense": 154969000,
    "netIncome": 480081000,
    "netIncomeRatio": 0.2732004817,
    "eps": 3.47,
    "epsdiluted": 3.47,
    "weightedAverageShsOut": 132971000,
    "weightedAverageShsOutDil": 132999000,
    "link": "https://www.sec.gov/Archives/edgar/data/36270/000156459019040411/0001564590-19-040411-index.htm",
    "finalLink": "https://www.sec.gov/Archives/edgar/data/36270/000156459019040411/mtb-10q_20190930.htm"
  },
  {
    "date": "2019-06-30",
    "symbol": "MTB",
    "reportedCurrency": "USD",
    "cik": "0000036270",
    "fillingDate": "2019-08-05",
    "acceptedDate": "2019-08-05 16:18:37",
    "calendarYear": "2019",
    "period": "Q2",
    "revenue": 1750008000,
    "costOfRevenue": 251432000,
    "grossProfit": 1498576000,
    "grossProfitRatio": 0.8563252282,
    "researchAndDevelopmentExpenses": 0,
    "generalAndAdministrativeExpenses": 465509000,
    "sellingAndMarketingExpenses": 24046000,
    "sellingGeneralAndAdministrativeExpenses": 489555000,
    "otherExpenses": 383477000,
    "operatingExpenses": 873032000,
    "costAndExpenses": 1124464000,
    "interestIncome": 1237913000,
    "interestExpense": 196432000,
    "depreciationAndAmortization": 73925000,
    "ebitda": 699469000,
    "ebitdaratio": 0.3996947443,
    "operatingIncome": 625544000,
    "operatingIncomeRatio": 0.3574520802,
    "totalOtherIncomeExpensesNet": 0,
    "incomeBeforeTax": 625544000,
    "incomeBeforeTaxRatio": 0.3574520802,
    "incomeTaxExpense": 152284000,
    "netIncome": 473260000,
    "netIncomeRatio": 0.2704330494,
    "eps": 3.34,
    "epsdiluted": 3.34,
    "weightedAverageShsOut": 135464000,
    "weightedAverageShsOutDil": 135464000,
    "link": "https://www.sec.gov/Archives/edgar/data/36270/000156459019028777/0001564590-19-028777-index.htm",
    "finalLink": "https://www.sec.gov/Archives/edgar/data/36270/000156459019028777/mtb-10q_20190630.htm"
  },
  {
    "date": "2019-03-31",
    "symbol": "MTB",
    "reportedCurrency": "USD",
    "cik": "0000036270",
    "fillingDate": "2019-05-02",
    "acceptedDate": "2019-05-02 17:25:41",
    "calendarYear": "2019",
    "period": "Q1",
    "revenue": 1727074000,
    "costOfRevenue": 198249000,
    "grossProfit": 1528825000,
    "grossProfitRatio": 0.8852110564,
    "researchAndDevelopmentExpenses": 0,
    "generalAndAdministrativeExpenses": 508626000,
    "sellingAndMarketingExpenses": 20275000,
    "sellingGeneralAndAdministrativeExpenses": 528901000,
    "otherExpenses": 365447000,
    "operatingExpenses": 894348000,
    "costAndExpenses": 1092597000,
    "interestIncome": 1226309000,
    "interestExpense": 176249000,
    "depreciationAndAmortization": 72172000,
    "ebitda": 706649000,
    "ebitdaratio": 0.4091596538,
    "operatingIncome": 634477000,
    "operatingIncomeRatio": 0.3673710565,
    "totalOtherIncomeExpensesNet": 0,
    "incomeBeforeTax": 634477000,
    "incomeBeforeTaxRatio": 0.3673710565,
    "incomeTaxExpense": 151735000,
    "netIncome": 482742000,
    "netIncomeRatio": 0.2795143694,
    "eps": 3.35,
    "epsdiluted": 3.35,
    "weightedAverageShsOut": 137920000,
    "weightedAverageShsOutDil": 137920000,
    "link": "https://www.sec.gov/Archives/edgar/data/36270/000156459019015404/0001564590-19-015404-index.htm",
    "finalLink": "https://www.sec.gov/Archives/edgar/data/36270/000156459019015404/mtb-10q_20190331.htm"
  },
  {
    "date": "2018-12-31",
    "symbol": "MTB",
    "reportedCurrency": "USD",
    "cik": "0000036270",
    "fillingDate": "2019-02-20",
    "acceptedDate": "2019-02-20 16:53:06",
    "calendarYear": "2018",
    "period": "Q4",
    "revenue": 1700877000,
    "costOfRevenue": 199321000,
    "grossProfit": 1501556000,
    "grossProfitRatio": 0.8828128077,
    "researchAndDevelopmentExpenses": 0,
    "generalAndAdministrativeExpenses": 448765000,
    "sellingAndMarketingExpenses": 25910000,
    "sellingGeneralAndAdministrativeExpenses": 474675000,
    "otherExpenses": 327487000,
    "operatingExpenses": 802162000,
    "costAndExpenses": 1001483000,
    "interestIncome": 1220281000,
    "interestExpense": 161321000,
    "depreciationAndAmortization": 43089000,
    "ebitda": 742483000,
    "ebitdaratio": 0.436529508,
    "operatingIncome": 699394000,
    "operatingIncomeRatio": 0.4111961065,
    "totalOtherIncomeExpensesNet": 0,
    "incomeBeforeTax": 699394000,
    "incomeBeforeTaxRatio": 0.4111961065,
    "incomeTaxExpense": 153175000,
    "netIncome": 546219000,
    "netIncomeRatio": 0.3211396239,
    "eps": 3.76,
    "epsdiluted": 3.76,
    "weightedAverageShsOut": 139715000,
    "weightedAverageShsOutDil": 139838000,
    "link": "https://www.sec.gov/Archives/edgar/data/36270/000156459019003467/0001564590-19-003467-index.htm",
    "finalLink": "https://www.sec.gov/Archives/edgar/data/36270/000156459019003467/mtb-10k_20181231.htm"
  },
  {
    "date": "2018-09-30",
    "symbol": "MTB",
    "reportedCurrency": "USD",
    "cik": "0000036270",
    "fillingDate": "2018-11-05",
    "acceptedDate": "2018-11-05 17:25:35",
    "calendarYear": "2018",
    "period": "Q3",
    "revenue": 1626669000,
    "costOfRevenue": 154337000,
    "grossProfit": 1472332000,
    "grossProfitRatio": 0.9051208328,
    "researchAndDevelopmentExpenses": 0,
    "generalAndAdministrativeExpenses": 450220000,
    "sellingAndMarketingExpenses": 21784000,
    "sellingGeneralAndAdministrativeExpenses": 472004000,
    "otherExpenses": 303975000,
    "operatingExpenses": 775979000,
    "costAndExpenses": 930316000,
    "interestIncome": 1167375000,
    "interestExpense": 138337000,
    "depreciationAndAmortization": 44597000,
    "ebitda": 740950000,
    "ebitdaratio": 0.4555013958,
    "operatingIncome": 696353000,
    "operatingIncomeRatio": 0.4280852466,
    "totalOtherIncomeExpensesNet": 0,
    "incomeBeforeTax": 696353000,
    "incomeBeforeTaxRatio": 0.4280852466,
    "incomeTaxExpense": 170262000,
    "netIncome": 526091000,
    "netIncomeRatio": 0.3234161344,
    "eps": 3.54,
    "epsdiluted": 3.53,
    "weightedAverageShsOut": 142758000,
    "weightedAverageShsOutDil": 142976000,
    "link": "https://www.sec.gov/Archives/edgar/data/36270/000156459018026909/0001564590-18-026909-index.htm",
    "finalLink": "https://www.sec.gov/Archives/edgar/data/36270/000156459018026909/mtb-10q_20180930.htm"
  },
  {
    "date": "2018-06-30",
    "symbol": "MTB",
    "reportedCurrency": "USD",
    "cik": "0000036270",
    "fillingDate": "2018-08-02",
    "acceptedDate": "2018-08-02 15:32:26",
    "calendarYear": "2018",
    "period": "Q2",
    "revenue": 1586319000,
    "costOfRevenue": 155118000,
    "grossProfit": 1431201000,
    "grossProfitRatio": 0.9022151282,
    "researchAndDevelopmentExpenses": 0,
    "generalAndAdministrativeExpenses": 438097000,
    "sellingAndMarketingExpenses": 21768000,
    "sellingGeneralAndAdministrativeExpenses": 459865000,
    "otherExpenses": 316712000,
    "operatingExpenses": 776577000,
    "costAndExpenses": 931695000,
    "interestIncome": 1128905000,
    "interestExpense": 120118000,
    "depreciationAndAmortization": 45750000,
    "ebitda": 700374000,
    "ebitdaratio": 0.4415089273,
    "operatingIncome": 654624000,
    "operatingIncomeRatio": 0.4126685742,
    "totalOtherIncomeExpensesNet": 0,
    "incomeBeforeTax": 654624000,
    "incomeBeforeTaxRatio": 0.4126685742,
    "incomeTaxExpense": 161464000,
    "netIncome": 493160000,
    "netIncomeRatio": 0.3108832461,
    "eps": 3.26,
    "epsdiluted": 3.26,
    "weightedAverageShsOut": 144969000,
    "weightedAverageShsOutDil": 144998000,
    "link": "https://www.sec.gov/Archives/edgar/data/36270/000156459018018853/0001564590-18-018853-index.htm",
    "finalLink": "https://www.sec.gov/Archives/edgar/data/36270/000156459018018853/mtb-10q_20180630.htm"
  },
  {
    "date": "2018-03-31",
    "symbol": "MTB",
    "reportedCurrency": "USD",
    "cik": "0000036270",
    "fillingDate": "2018-05-04",
    "acceptedDate": "2018-05-04 12:48:43",
    "calendarYear": "2018",
    "period": "Q1",
    "revenue": 1540846000,
    "costOfRevenue": 149633000,
    "grossProfit": 1391213000,
    "grossProfitRatio": 0.9028890622,
    "researchAndDevelopmentExpenses": 0,
    "generalAndAdministrativeExpenses": 483708000,
    "sellingAndMarketingExpenses": 16248000,
    "sellingGeneralAndAdministrativeExpenses": 499956000,
    "otherExpenses": 433388000,
    "operatingExpenses": 933344000,
    "costAndExpenses": 1082977000,
    "interestIncome": 1082150000,
    "interestExpense": 106633000,
    "depreciationAndAmortization": 45569000,
    "ebitda": 503438000,
    "ebitdaratio": 0.3267283038,
    "operatingIncome": 457869000,
    "operatingIncomeRatio": 0.2971542906,
    "totalOtherIncomeExpensesNet": 0,
    "incomeBeforeTax": 457869000,
    "incomeBeforeTaxRatio": 0.2971542906,
    "incomeTaxExpense": 105259000,
    "netIncome": 352610000,
    "netIncomeRatio": 0.2288418181,
    "eps": 2.24,
    "epsdiluted": 2.23,
    "weightedAverageShsOut": 148549000,
    "weightedAverageShsOutDil": 148905000,
    "link": "https://www.sec.gov/Archives/edgar/data/36270/000156459018010911/0001564590-18-010911-index.htm",
    "finalLink": "https://www.sec.gov/Archives/edgar/data/36270/000156459018010911/mtb-10q_20180331.htm"
  },
  {
    "date": "2017-12-31",
    "symbol": "MTB",
    "reportedCurrency": "USD",
    "cik": "0000036270",
    "fillingDate": "2018-02-22",
    "acceptedDate": "2018-02-22 15:22:45",
    "calendarYear": "2017",
    "period": "Q4",
    "revenue": 1558192000,
    "costOfRevenue": 133689000,
    "grossProfit": 1424503000,
    "grossProfitRatio": 0.914202486,
    "researchAndDevelopmentExpenses": 0,
    "generalAndAdministrativeExpenses": 426600000,
    "sellingAndMarketingExpenses": 19366000,
    "sellingGeneralAndAdministrativeExpenses": 445966000,
    "otherExpenses": 349847000,
    "operatingExpenses": 795813000,
    "costAndExpenses": 929502000,
    "interestIncome": 1074139000,
    "interestExpense": 102689000,
    "depreciationAndAmortization": 46678000,
    "ebitda": 675368000,
    "ebitdaratio": 0.43343054,
    "operatingIncome": 628690000,
    "operatingIncomeRatio": 0.4034740263,
    "totalOtherIncomeExpensesNet": 0,
    "incomeBeforeTax": 628690000,
    "incomeBeforeTaxRatio": 0.4034740263,
    "incomeTaxExpense": 306287000,
    "netIncome": 322403000,
    "netIncomeRatio": 0.2069083913,
    "eps": 2.01,
    "epsdiluted": 2.01,
    "weightedAverageShsOut": 150491000,
    "weightedAverageShsOutDil": 150491000,
    "link": "https://www.sec.gov/Archives/edgar/data/36270/000156459018002855/0001564590-18-002855-index.htm",
    "finalLink": "https://www.sec.gov/Archives/edgar/data/36270/000156459018002855/mtb-10k_20171231.htm"
  },
  {
    "date": "2017-09-30",
    "symbol": "MTB",
    "reportedCurrency": "USD",
    "cik": "0000036270",
    "fillingDate": "2017-11-03",
    "acceptedDate": "2017-11-03 15:49:42",
    "calendarYear": "2017",
    "period": "Q3",
    "revenue": 1516639000,
    "costOfRevenue": 130076000,
    "grossProfit": 1386563000,
    "grossProfitRatio": 0.9142340399,
    "researchAndDevelopmentExpenses": 0,
    "generalAndAdministrativeExpenses": 422574000,
    "sellingAndMarketingExpenses": 17403000,
    "sellingGeneralAndAdministrativeExpenses": 439977000,
    "otherExpenses": 366048000,
    "operatingExpenses": 806025000,
    "costAndExpenses": 936101000,
    "interestIncome": 1057210000,
    "interestExpense": 100076000,
    "depreciationAndAmortization": 51029000,
    "ebitda": 631567000,
    "ebitdaratio": 0.4164253985,
    "operatingIncome": 580538000,
    "operatingIncomeRatio": 0.3827792903,
    "totalOtherIncomeExpensesNet": 0,
    "incomeBeforeTax": 580538000,
    "incomeBeforeTaxRatio": 0.3827792903,
    "incomeTaxExpense": 224615000,
    "netIncome": 355923000,
    "netIncomeRatio": 0.2346787864,
    "eps": 2.22,
    "epsdiluted": 2.21,
    "weightedAverageShsOut": 151263000,
    "weightedAverageShsOutDil": 151691000,
    "link": "https://www.sec.gov/Archives/edgar/data/36270/000156459017021509/0001564590-17-021509-index.htm",
    "finalLink": "https://www.sec.gov/Archives/edgar/data/36270/000156459017021509/mtb-10q_20170930.htm"
  },
  {
    "date": "2017-06-30",
    "symbol": "MTB",
    "reportedCurrency": "USD",
    "cik": "0000036270",
    "fillingDate": "2017-08-07",
    "acceptedDate": "2017-08-07 16:10:41",
    "calendarYear": "2017",
    "period": "Q2",
    "revenue": 1491229000,
    "costOfRevenue": 144213000,
    "grossProfit": 1347016000,
    "grossProfitRatio": 0.9032925191,
    "researchAndDevelopmentExpenses": 0,
    "generalAndAdministrativeExpenses": 423407000,
    "sellingAndMarketingExpenses": 16324000,
    "sellingGeneralAndAdministrativeExpenses": 439731000,
    "otherExpenses": 310904000,
    "operatingExpenses": 750635000,
    "costAndExpenses": 894848000,
    "interestIncome": 1030413000,
    "interestExpense": 92213000,
    "depreciationAndAmortization": 50026000,
    "ebitda": 646407000,
    "ebitdaratio": 0.4334726591,
    "operatingIncome": 596381000,
    "operatingIncomeRatio": 0.399925833,
    "totalOtherIncomeExpensesNet": 0,
    "incomeBeforeTax": 596381000,
    "incomeBeforeTaxRatio": 0.399925833,
    "incomeTaxExpense": 215328000,
    "netIncome": 381053000,
    "netIncomeRatio": 0.2555294995,
    "eps": 2.36,
    "epsdiluted": 2.35,
    "weightedAverageShsOut": 152823000,
    "weightedAverageShsOutDil": 153276000,
    "link": "https://www.sec.gov/Archives/edgar/data/36270/000156459017015980/0001564590-17-015980-index.htm",
    "finalLink": "https://www.sec.gov/Archives/edgar/data/36270/000156459017015980/mtb-10q_20170630.htm"
  },
  {
    "date": "2017-03-31",
    "symbol": "MTB",
    "reportedCurrency": "USD",
    "cik": "0000036270",
    "fillingDate": "2017-05-05",
    "acceptedDate": "2017-05-05 14:33:09",
    "calendarYear": "2017",
    "period": "Q1",
    "revenue": 1452878000,
    "costOfRevenue": 146773000,
    "grossProfit": 1306105000,
    "grossProfitRatio": 0.8989777531,
    "researchAndDevelopmentExpenses": 0,
    "generalAndAdministrativeExpenses": 478568000,
    "sellingAndMarketingExpenses": 16110000,
    "sellingGeneralAndAdministrativeExpenses": 494678000,
    "otherExpenses": 293174000,
    "operatingExpenses": 787852000,
    "costAndExpenses": 934625000,
    "interestIncome": 1006033000,
    "interestExpense": 91773000,
    "depreciationAndAmortization": 49392000,
    "ebitda": 567645000,
    "ebitdaratio": 0.3907038306,
    "operatingIncome": 518253000,
    "operatingIncomeRatio": 0.3567078585,
    "totalOtherIncomeExpensesNet": 0,
    "incomeBeforeTax": 518253000,
    "incomeBeforeTaxRatio": 0.3567078585,
    "incomeTaxExpense": 169326000,
    "netIncome": 348927000,
    "netIncomeRatio": 0.2401626289,
    "eps": 2.13,
    "epsdiluted": 2.12,
    "weightedAverageShsOut": 154257000,
    "weightedAverageShsOutDil": 154949000,
    "link": "https://www.sec.gov/Archives/edgar/data/36270/000156459017009044/0001564590-17-009044-index.htm",
    "finalLink": "https://www.sec.gov/Archives/edgar/data/36270/000156459017009044/mtb-10q_20170331.htm"
  },
  {
    "date": "2016-12-31",
    "symbol": "MTB",
    "reportedCurrency": "USD",
    "cik": "0000036270",
    "fillingDate": "2017-02-22",
    "acceptedDate": "2017-02-22 17:09:34",
    "calendarYear": "2016",
    "period": "Q4",
    "revenue": 1448360000,
    "costOfRevenue": 169137000,
    "grossProfit": 1279223000,
    "grossProfitRatio": 0.8832217128,
    "researchAndDevelopmentExpenses": 0,
    "generalAndAdministrativeExpenses": 422345000,
    "sellingAndMarketingExpenses": 87137000,
    "sellingGeneralAndAdministrativeExpenses": 509482000,
    "otherExpenses": 259621000,
    "operatingExpenses": 769103000,
    "costAndExpenses": 938240000,
    "interestIncome": 982901000,
    "interestExpense": 107137000,
    "depreciationAndAmortization": 49177000,
    "ebitda": 559297000,
    "ebitdaratio": 0.3861588279,
    "operatingIncome": 510120000,
    "operatingIncomeRatio": 0.3522052528,
    "totalOtherIncomeExpensesNet": 0,
    "incomeBeforeTax": 510120000,
    "incomeBeforeTaxRatio": 0.3522052528,
    "incomeTaxExpense": 179549000,
    "netIncome": 330571000,
    "netIncomeRatio": 0.2282381452,
    "eps": 1.98,
    "epsdiluted": 1.98,
    "weightedAverageShsOut": 155453000,
    "weightedAverageShsOutDil": 155700000,
    "link": "https://www.sec.gov/Archives/edgar/data/36270/000156459017002016/0001564590-17-002016-index.htm",
    "finalLink": "https://www.sec.gov/Archives/edgar/data/36270/000156459017002016/mtb-10k_20161231.htm"
  },
  {
    "date": "2016-09-30",
    "symbol": "MTB",
    "reportedCurrency": "USD",
    "cik": "0000036270",
    "fillingDate": "2016-11-04",
    "acceptedDate": "2016-11-03 19:15:38",
    "calendarYear": "2016",
    "period": "Q3",
    "revenue": 1460865000,
    "costOfRevenue": 158175000,
    "grossProfit": 1302690000,
    "grossProfitRatio": 0.8917251081,
    "researchAndDevelopmentExpenses": 0,
    "generalAndAdministrativeExpenses": 428245000,
    "sellingAndMarketingExpenses": 21996000,
    "sellingGeneralAndAdministrativeExpenses": 450241000,
    "otherExpenses": 302151000,
    "operatingExpenses": 752392000,
    "costAndExpenses": 910567000,
    "interestIncome": 969515000,
    "interestExpense": 111175000,
    "depreciationAndAmortization": 49515000,
    "ebitda": 599813000,
    "ebitdaratio": 0.4105875628,
    "operatingIncome": 550298000,
    "operatingIncomeRatio": 0.3766932605,
    "totalOtherIncomeExpensesNet": 0,
    "incomeBeforeTax": 550298000,
    "incomeBeforeTaxRatio": 0.3766932605,
    "incomeTaxExpense": 200314000,
    "netIncome": 349984000,
    "netIncomeRatio": 0.2395731296,
    "eps": 2.1,
    "epsdiluted": 2.1,
    "weightedAverageShsOut": 155713000,
    "weightedAverageShsOutDil": 156026000,
    "link": "https://www.sec.gov/Archives/edgar/data/36270/000156459016027464/0001564590-16-027464-index.htm",
    "finalLink": "https://www.sec.gov/Archives/edgar/data/36270/000156459016027464/mtb-10q_20160930.htm"
  },
  {
    "date": "2016-06-30",
    "symbol": "MTB",
    "reportedCurrency": "USD",
    "cik": "0000036270",
    "fillingDate": "2016-08-04",
    "acceptedDate": "2016-08-04 13:55:44",
    "calendarYear": "2016",
    "period": "Q2",
    "revenue": 1418875000,
    "costOfRevenue": 138802000,
    "grossProfit": 1280073000,
    "grossProfitRatio": 0.9021746102,
    "researchAndDevelopmentExpenses": 0,
    "generalAndAdministrativeExpenses": 421045000,
    "sellingAndMarketingExpenses": 22613000,
    "sellingGeneralAndAdministrativeExpenses": 443658000,
    "otherExpenses": 306237000,
    "operatingExpenses": 749895000,
    "costAndExpenses": 888697000,
    "interestIncome": 970621000,
    "interestExpense": 106802000,
    "depreciationAndAmortization": 50190000,
    "ebitda": 580368000,
    "ebitdaratio": 0.4090339177,
    "operatingIncome": 530178000,
    "operatingIncomeRatio": 0.3736608228,
    "totalOtherIncomeExpensesNet": 0,
    "incomeBeforeTax": 530178000,
    "incomeBeforeTaxRatio": 0.3736608228,
    "incomeTaxExpense": 194147000,
    "netIncome": 336031000,
    "netIncomeRatio": 0.236829178,
    "eps": 1.98,
    "epsdiluted": 1.98,
    "weightedAverageShsOut": 158068000,
    "weightedAverageShsOutDil": 158341000,
    "link": "https://www.sec.gov/Archives/edgar/data/36270/000119312516671500/0001193125-16-671500-index.htm",
    "finalLink": "https://www.sec.gov/Archives/edgar/data/36270/000119312516671500/d213692d10q.htm"
  },
  {
    "date": "2016-03-31",
    "symbol": "MTB",
    "reportedCurrency": "USD",
    "cik": "0000036270",
    "fillingDate": "2016-04-29",
    "acceptedDate": "2016-04-29 17:12:49",
    "calendarYear": "2016",
    "period": "Q1",
    "revenue": 1393767000,
    "costOfRevenue": 149870000,
    "grossProfit": 1243897000,
    "grossProfitRatio": 0.8924712667,
    "researchAndDevelopmentExpenses": 0,
    "generalAndAdministrativeExpenses": 457010000,
    "sellingAndMarketingExpenses": 21454000,
    "sellingGeneralAndAdministrativeExpenses": 478464000,
    "otherExpenses": 297631000,
    "operatingExpenses": 776095000,
    "costAndExpenses": 925965000,
    "interestIncome": 972834000,
    "interestExpense": 100870000,
    "depreciationAndAmortization": 51709000,
    "ebitda": 519511000,
    "ebitdaratio": 0.372738772,
    "operatingIncome": 467802000,
    "operatingIncomeRatio": 0.3356385967,
    "totalOtherIncomeExpensesNet": 0,
    "incomeBeforeTax": 467802000,
    "incomeBeforeTaxRatio": 0.3356385967,
    "incomeTaxExpense": 169274000,
    "netIncome": 298528000,
    "netIncomeRatio": 0.2141878808,
    "eps": 1.74,
    "epsdiluted": 1.73,
    "weightedAverageShsOut": 158476000,
    "weightedAverageShsOutDil": 159181000,
    "link": "https://www.sec.gov/Archives/edgar/data/36270/000119312516569978/0001193125-16-569978-index.htm",
    "finalLink": "https://www.sec.gov/Archives/edgar/data/36270/000119312516569978/d174513d10q.htm"
  },
  {
    "date": "2015-12-31",
    "symbol": "MTB",
    "reportedCurrency": "USD",
    "cik": "0000036270",
    "fillingDate": "2016-02-19",
    "acceptedDate": "2016-02-19 15:44:44",
    "calendarYear": "2015",
    "period": "Q4",
    "revenue": 1353709000,
    "costOfRevenue": 153333000,
    "grossProfit": 1200376000,
    "grossProfitRatio": 0.8867311956,
    "researchAndDevelopmentExpenses": 0,
    "generalAndAdministrativeExpenses": 453975000,
    "sellingAndMarketingExpenses": 0,
    "sellingGeneralAndAdministrativeExpenses": 453975000,
    "otherExpenses": 335362000,
    "operatingExpenses": 789337000,
    "costAndExpenses": 942670000,
    "interestIncome": 902377000,
    "interestExpense": 95333000,
    "depreciationAndAmortization": 47855000,
    "ebitda": 458894000,
    "ebitdaratio": 0.3389901375,
    "operatingIncome": 411039000,
    "operatingIncomeRatio": 0.303639113,
    "totalOtherIncomeExpensesNet": 0,
    "incomeBeforeTax": 411039000,
    "incomeBeforeTaxRatio": 0.303639113,
    "incomeTaxExpense": 140074000,
    "netIncome": 270965000,
    "netIncomeRatio": 0.2001648803,
    "eps": 1.65,
    "epsdiluted": 1.65,
    "weightedAverageShsOut": 150339000,
    "weightedAverageShsOutDil": 150718000,
    "link": "https://www.sec.gov/Archives/edgar/data/36270/000119312516469957/0001193125-16-469957-index.htm",
    "finalLink": "https://www.sec.gov/Archives/edgar/data/36270/000119312516469957/d60049d10k.htm"
  },
  {
    "date": "2015-09-30",
    "symbol": "MTB",
    "reportedCurrency": "USD",
    "cik": "0000036270",
    "fillingDate": "2015-10-30",
    "acceptedDate": "2015-10-30 17:21:02",
    "calendarYear": "2015",
    "period": "Q3",
    "revenue": 1209725000,
    "costOfRevenue": 121199000,
    "grossProfit": 1088526000,
    "grossProfitRatio": 0.8998127674,
    "researchAndDevelopmentExpenses": 0,
    "generalAndAdministrativeExpenses": 374657000,
    "sellingAndMarketingExpenses": 0,
    "sellingGeneralAndAdministrativeExpenses": 374657000,
    "otherExpenses": 279159000,
    "operatingExpenses": 653816000,
    "costAndExpenses": 775015000,
    "interestIncome": 770026000,
    "interestExpense": 77199000,
    "depreciationAndAmortization": 41965000,
    "ebitda": 476675000,
    "ebitdaratio": 0.3940358346,
    "operatingIncome": 434710000,
    "operatingIncomeRatio": 0.3593461324,
    "totalOtherIncomeExpensesNet": 0,
    "incomeBeforeTax": 434710000,
    "incomeBeforeTaxRatio": 0.3593461324,
    "incomeTaxExpense": 154309000,
    "netIncome": 280401000,
    "netIncomeRatio": 0.231789043,
    "eps": 1.94,
    "epsdiluted": 1.93,
    "weightedAverageShsOut": 132653000,
    "weightedAverageShsOutDil": 133376000,
    "link": "https://www.sec.gov/Archives/edgar/data/36270/000119312515360678/0001193125-15-360678-index.htm",
    "finalLink": "https://www.sec.gov/Archives/edgar/data/36270/000119312515360678/d71233d10q.htm"
  },
  {
    "date": "2015-06-30",
    "symbol": "MTB",
    "reportedCurrency": "USD",
    "cik": "0000036270",
    "fillingDate": "2015-08-05",
    "acceptedDate": "2015-08-05 15:54:47",
    "calendarYear": "2015",
    "period": "Q2",
    "revenue": 1257381000,
    "costOfRevenue": 107226000,
    "grossProfit": 1150155000,
    "grossProfitRatio": 0.9147227451,
    "researchAndDevelopmentExpenses": 0,
    "generalAndAdministrativeExpenses": 372458000,
    "sellingAndMarketingExpenses": 0,
    "sellingGeneralAndAdministrativeExpenses": 372458000,
    "otherExpenses": 324170000,
    "operatingExpenses": 696628000,
    "costAndExpenses": 803854000,
    "interestIncome": 760354000,
    "interestExpense": 77226000,
    "depreciationAndAmortization": 42359000,
    "ebitda": 495886000,
    "ebitdaratio": 0.3943800646,
    "operatingIncome": 453527000,
    "operatingIncomeRatio": 0.3606917871,
    "totalOtherIncomeExpensesNet": 0,
    "incomeBeforeTax": 453527000,
    "incomeBeforeTaxRatio": 0.3606917871,
    "incomeTaxExpense": 166839000,
    "netIncome": 286688000,
    "netIncomeRatio": 0.2280040815,
    "eps": 1.99,
    "epsdiluted": 1.98,
    "weightedAverageShsOut": 132403000,
    "weightedAverageShsOutDil": 133116000,
    "link": "https://www.sec.gov/Archives/edgar/data/36270/000119312515278633/0001193125-15-278633-index.htm",
    "finalLink": "https://www.sec.gov/Archives/edgar/data/36270/000119312515278633/d948169d10q.htm"
  },
  {
    "date": "2015-03-31",
    "symbol": "MTB",
    "reportedCurrency": "USD",
    "cik": "0000036270",
    "fillingDate": "2015-05-08",
    "acceptedDate": "2015-05-08 17:09:17",
    "calendarYear": "2015",
    "period": "Q1",
    "revenue": 1178290000,
    "costOfRevenue": 116499000,
    "grossProfit": 1061791000,
    "grossProfitRatio": 0.9011287544,
    "researchAndDevelopmentExpenses": 0,
    "generalAndAdministrativeExpenses": 400553000,
    "sellingAndMarketingExpenses": 0,
    "sellingGeneralAndAdministrativeExpenses": 400553000,
    "otherExpenses": 285822000,
    "operatingExpenses": 686375000,
    "costAndExpenses": 802874000,
    "interestIncome": 738087000,
    "interestExpense": 78499000,
    "depreciationAndAmortization": 43170000,
    "ebitda": 418586000,
    "ebitdaratio": 0.3552487079,
    "operatingIncome": 375416000,
    "operatingIncomeRatio": 0.3186108683,
    "totalOtherIncomeExpensesNet": 0,
    "incomeBeforeTax": 375416000,
    "incomeBeforeTaxRatio": 0.3186108683,
    "incomeTaxExpense": 133803000,
    "netIncome": 241613000,
    "netIncomeRatio": 0.2050539341,
    "eps": 1.66,
    "epsdiluted": 1.65,
    "weightedAverageShsOut": 131830000,
    "weightedAverageShsOutDil": 132769000,
    "link": "https://www.sec.gov/Archives/edgar/data/36270/000119312515179816/0001193125-15-179816-index.htm",
    "finalLink": "https://www.sec.gov/Archives/edgar/data/36270/000119312515179816/d900640d10q.htm"
  },
  {
    "date": "2014-12-31",
    "symbol": "MTB",
    "reportedCurrency": "USD",
    "cik": "0000036270",
    "fillingDate": "2015-02-20",
    "acceptedDate": "2015-02-20 16:18:46",
    "calendarYear": "2014",
    "period": "Q4",
    "revenue": 1212304000,
    "costOfRevenue": 107772000,
    "grossProfit": 1104532000,
    "grossProfitRatio": 0.9111015059,
    "researchAndDevelopmentExpenses": 0,
    "generalAndAdministrativeExpenses": 356830000,
    "sellingAndMarketingExpenses": 0,
    "sellingGeneralAndAdministrativeExpenses": 356830000,
    "otherExpenses": 327327000,
    "operatingExpenses": 684157000,
    "costAndExpenses": 791929000,
    "interestIncome": 756612000,
    "interestExpense": 74772000,
    "depreciationAndAmortization": 45988000,
    "ebitda": 466363000,
    "ebitdaratio": 0.3846914635,
    "operatingIncome": 420375000,
    "operatingIncomeRatio": 0.346757084,
    "totalOtherIncomeExpensesNet": 0,
    "incomeBeforeTax": 420375000,
    "incomeBeforeTaxRatio": 0.346757084,
    "incomeTaxExpense": 142826000,
    "netIncome": 277549000,
    "netIncomeRatio": 0.2289434003,
    "eps": 1.93,
    "epsdiluted": 1.92,
    "weightedAverageShsOut": 131730000,
    "weightedAverageShsOutDil": 132278000,
    "link": "https://www.sec.gov/Archives/edgar/data/36270/000119312515056342/0001193125-15-056342-index.htm",
    "finalLink": "https://www.sec.gov/Archives/edgar/data/36270/000119312515056342/d837418d10k.htm"
  },
  {
    "date": "2014-09-30",
    "symbol": "MTB",
    "reportedCurrency": "USD",
    "cik": "0000036270",
    "fillingDate": "2014-11-06",
    "acceptedDate": "2014-11-06 09:28:28",
    "calendarYear": "2014",
    "period": "Q3",
    "revenue": 1198248000,
    "costOfRevenue": 102964000,
    "grossProfit": 1095284000,
    "grossProfitRatio": 0.9140712106,
    "researchAndDevelopmentExpenses": 0,
    "generalAndAdministrativeExpenses": 361969000,
    "sellingAndMarketingExpenses": 0,
    "sellingGeneralAndAdministrativeExpenses": 361969000,
    "otherExpenses": 307504000,
    "operatingExpenses": 669473000,
    "costAndExpenses": 772437000,
    "interestIncome": 743023000,
    "interestExpense": 73964000,
    "depreciationAndAmortization": 49445000,
    "ebitda": 475256000,
    "ebitdaratio": 0.3966257402,
    "operatingIncome": 425811000,
    "operatingIncomeRatio": 0.3553613275,
    "totalOtherIncomeExpensesNet": 0,
    "incomeBeforeTax": 425811000,
    "incomeBeforeTaxRatio": 0.3553613275,
    "incomeTaxExpense": 150467000,
    "netIncome": 275344000,
    "netIncomeRatio": 0.229788825,
    "eps": 1.92,
    "epsdiluted": 1.91,
    "weightedAverageShsOut": 143408000,
    "weightedAverageShsOutDil": 143408000,
    "link": "https://www.sec.gov/Archives/edgar/data/36270/000119312514399981/0001193125-14-399981-index.htm",
    "finalLink": "https://www.sec.gov/Archives/edgar/data/36270/000119312514399981/d790827d10q.htm"
  },
  {
    "date": "2014-06-30",
    "symbol": "MTB",
    "reportedCurrency": "USD",
    "cik": "0000036270",
    "fillingDate": "2014-08-07",
    "acceptedDate": "2014-08-07 17:18:27",
    "calendarYear": "2014",
    "period": "Q2",
    "revenue": 1194757000,
    "costOfRevenue": 95176000,
    "grossProfit": 1099581000,
    "grossProfitRatio": 0.9203386128,
    "researchAndDevelopmentExpenses": 0,
    "generalAndAdministrativeExpenses": 354868000,
    "sellingAndMarketingExpenses": 0,
    "sellingGeneralAndAdministrativeExpenses": 354868000,
    "otherExpenses": 316847000,
    "operatingExpenses": 671715000,
    "costAndExpenses": 766891000,
    "interestIncome": 734290000,
    "interestExpense": 65176000,
    "depreciationAndAmortization": 50735000,
    "ebitda": 478601000,
    "ebitdaratio": 0.4005843866,
    "operatingIncome": 427866000,
    "operatingIncomeRatio": 0.3581196846,
    "totalOtherIncomeExpensesNet": 0,
    "incomeBeforeTax": 427866000,
    "incomeBeforeTaxRatio": 0.3581196846,
    "incomeTaxExpense": 143530000,
    "netIncome": 284336000,
    "netIncomeRatio": 0.2379864692,
    "eps": 1.99,
    "epsdiluted": 1.98,
    "weightedAverageShsOut": 142882000,
    "weightedAverageShsOutDil": 142882000,
    "link": "https://www.sec.gov/Archives/edgar/data/36270/000119312514300977/0001193125-14-300977-index.htm",
    "finalLink": "https://www.sec.gov/Archives/edgar/data/36270/000119312514300977/d742661d10q.htm"
  },
  {
    "date": "2014-03-31",
    "symbol": "MTB",
    "reportedCurrency": "USD",
    "cik": "0000036270",
    "fillingDate": "2014-05-08",
    "acceptedDate": "2014-05-08 13:12:00",
    "calendarYear": "2014",
    "period": "Q1",
    "revenue": 1147513000,
    "costOfRevenue": 98519000,
    "grossProfit": 1048994000,
    "grossProfitRatio": 0.914145635,
    "researchAndDevelopmentExpenses": 0,
    "generalAndAdministrativeExpenses": 386814000,
    "sellingAndMarketingExpenses": 0,
    "sellingGeneralAndAdministrativeExpenses": 386814000,
    "otherExpenses": 307874000,
    "operatingExpenses": 694688000,
    "costAndExpenses": 793207000,
    "interestIncome": 722952000,
    "interestExpense": 66519000,
    "depreciationAndAmortization": 52562000,
    "ebitda": 406868000,
    "ebitdaratio": 0.3545650463,
    "operatingIncome": 354306000,
    "operatingIncomeRatio": 0.3087599008,
    "totalOtherIncomeExpensesNet": 0,
    "incomeBeforeTax": 354306000,
    "incomeBeforeTaxRatio": 0.3087599008,
    "incomeTaxExpense": 125289000,
    "netIncome": 229017000,
    "netIncomeRatio": 0.199576824,
    "eps": 1.63,
    "epsdiluted": 1.61,
    "weightedAverageShsOut": 140501000,
    "weightedAverageShsOutDil": 140501000,
    "link": "https://www.sec.gov/Archives/edgar/data/36270/000119312514189500/0001193125-14-189500-index.htm",
    "finalLink": "https://www.sec.gov/Archives/edgar/data/36270/000119312514189500/d709160d10q.htm"
  },
  {
    "date": "2013-12-31",
    "symbol": "MTB",
    "reportedCurrency": "USD",
    "cik": "0000036270",
    "fillingDate": "2014-02-21",
    "acceptedDate": "2014-02-21 16:29:51",
    "calendarYear": "2013",
    "period": "Q4",
    "revenue": 1186848000,
    "costOfRevenue": 109982000,
    "grossProfit": 1076866000,
    "grossProfitRatio": 0.9073326997,
    "researchAndDevelopmentExpenses": 0,
    "generalAndAdministrativeExpenses": 353733000,
    "sellingAndMarketingExpenses": 0,
    "sellingGeneralAndAdministrativeExpenses": 353733000,
    "otherExpenses": 395475000,
    "operatingExpenses": 749208000,
    "costAndExpenses": 859190000,
    "interestIncome": 734466000,
    "interestExpense": 67982000,
    "depreciationAndAmortization": 53749000,
    "ebitda": 381407000,
    "ebitdaratio": 0.3213612864,
    "operatingIncome": 327658000,
    "operatingIncomeRatio": 0.2760741055,
    "totalOtherIncomeExpensesNet": 0,
    "incomeBeforeTax": 327658000,
    "incomeBeforeTaxRatio": 0.2760741055,
    "incomeTaxExpense": 106236000,
    "netIncome": 221422000,
    "netIncomeRatio": 0.1865630645,
    "eps": 1.57,
    "epsdiluted": 1.56,
    "weightedAverageShsOut": 141033000,
    "weightedAverageShsOutDil": 141033000,
    "link": "https://www.sec.gov/Archives/edgar/data/36270/000119312514062812/0001193125-14-062812-index.htm",
    "finalLink": "https://www.sec.gov/Archives/edgar/data/36270/000119312514062812/d631624d10k.htm"
  },
  {
    "date": "2013-09-30",
    "symbol": "MTB",
    "reportedCurrency": "USD",
    "cik": "0000036270",
    "fillingDate": "2013-11-12",
    "acceptedDate": "2013-11-12 09:42:25",
    "calendarYear": "2013",
    "period": "Q3",
    "revenue": 1223955000,
    "costOfRevenue": 117578000,
    "grossProfit": 1106377000,
    "grossProfitRatio": 0.9039360107,
    "researchAndDevelopmentExpenses": 0,
    "generalAndAdministrativeExpenses": 354209000,
    "sellingAndMarketingExpenses": 0,
    "sellingGeneralAndAdministrativeExpenses": 354209000,
    "otherExpenses": 308298000,
    "operatingExpenses": 662507000,
    "costAndExpenses": 780085000,
    "interestIncome": 742686000,
    "interestExpense": 69578000,
    "depreciationAndAmortization": 50134000,
    "ebitda": 494004000,
    "ebitdaratio": 0.4036128779,
    "operatingIncome": 443870000,
    "operatingIncomeRatio": 0.3626522217,
    "totalOtherIncomeExpensesNet": 0,
    "incomeBeforeTax": 443870000,
    "incomeBeforeTaxRatio": 0.3626522217,
    "incomeTaxExpense": 149391000,
    "netIncome": 294479000,
    "netIncomeRatio": 0.2405962638,
    "eps": 2.13,
    "epsdiluted": 2.11,
    "weightedAverageShsOut": 138253000,
    "weightedAverageShsOutDil": 138253000,
    "link": "https://www.sec.gov/Archives/edgar/data/36270/000119312513437273/0001193125-13-437273-index.htm",
    "finalLink": "https://www.sec.gov/Archives/edgar/data/36270/000119312513437273/d605947d10q.htm"
  },
  {
    "date": "2013-06-30",
    "symbol": "MTB",
    "reportedCurrency": "USD",
    "cik": "0000036270",
    "fillingDate": "2013-08-08",
    "acceptedDate": "2013-08-08 17:21:01",
    "calendarYear": "2013",
    "period": "Q2",
    "revenue": 1261349000,
    "costOfRevenue": 129620000,
    "grossProfit": 1131729000,
    "grossProfitRatio": 0.8972370058,
    "researchAndDevelopmentExpenses": 0,
    "generalAndAdministrativeExpenses": 340831000,
    "sellingAndMarketingExpenses": 0,
    "sellingGeneralAndAdministrativeExpenses": 340831000,
    "otherExpenses": 260213000,
    "operatingExpenses": 601044000,
    "costAndExpenses": 730664000,
    "interestIncome": 750207000,
    "interestExpense": 72620000,
    "depreciationAndAmortization": 49274000,
    "ebitda": 579959000,
    "ebitdaratio": 0.4597926506,
    "operatingIncome": 530685000,
    "operatingIncomeRatio": 0.4207281252,
    "totalOtherIncomeExpensesNet": 0,
    "incomeBeforeTax": 530685000,
    "incomeBeforeTaxRatio": 0.4207281252,
    "incomeTaxExpense": 182219000,
    "netIncome": 348466000,
    "netIncomeRatio": 0.276264539,
    "eps": 2.56,
    "epsdiluted": 2.55,
    "weightedAverageShsOut": 136120000,
    "weightedAverageShsOutDil": 136120000,
    "link": "https://www.sec.gov/Archives/edgar/data/36270/000119312513327179/0001193125-13-327179-index.htm",
    "finalLink": "https://www.sec.gov/Archives/edgar/data/36270/000119312513327179/d561144d10q.htm"
  },
  {
    "date": "2013-03-31",
    "symbol": "MTB",
    "reportedCurrency": "USD",
    "cik": "0000036270",
    "fillingDate": "2013-05-09",
    "acceptedDate": "2013-05-09 16:55:26",
    "calendarYear": "2013",
    "period": "Q1",
    "revenue": 1166513000,
    "costOfRevenue": 111925000,
    "grossProfit": 1054588000,
    "grossProfitRatio": 0.9040516479,
    "researchAndDevelopmentExpenses": 0,
    "generalAndAdministrativeExpenses": 375989000,
    "sellingAndMarketingExpenses": 0,
    "sellingGeneralAndAdministrativeExpenses": 375989000,
    "otherExpenses": 263263000,
    "operatingExpenses": 639252000,
    "costAndExpenses": 751177000,
    "interestIncome": 729975000,
    "interestExpense": 73925000,
    "depreciationAndAmortization": 50578000,
    "ebitda": 465914000,
    "ebitdaratio": 0.3994074648,
    "operatingIncome": 415336000,
    "operatingIncomeRatio": 0.3560491825,
    "totalOtherIncomeExpensesNet": 0,
    "incomeBeforeTax": 415336000,
    "incomeBeforeTaxRatio": 0.3560491825,
    "incomeTaxExpense": 141223000,
    "netIncome": 274113000,
    "netIncomeRatio": 0.2349849509,
    "eps": 2,
    "epsdiluted": 1.98,
    "weightedAverageShsOut": 137057000,
    "weightedAverageShsOutDil": 137057000,
    "link": "https://www.sec.gov/Archives/edgar/data/36270/000119312513211311/0001193125-13-211311-index.htm",
    "finalLink": "https://www.sec.gov/Archives/edgar/data/36270/000119312513211311/d520274d10q.htm"
  },
  {
    "date": "2012-12-31",
    "symbol": "MTB",
    "reportedCurrency": "USD",
    "cik": "0000036270",
    "fillingDate": "2013-02-25",
    "acceptedDate": "2013-02-22 18:04:22",
    "calendarYear": "2012",
    "period": "Q4",
    "revenue": 1170127000,
    "costOfRevenue": 126931000,
    "grossProfit": 1043196000,
    "grossProfitRatio": 0.8915237406,
    "researchAndDevelopmentExpenses": 0,
    "generalAndAdministrativeExpenses": 314896000,
    "sellingAndMarketingExpenses": 0,
    "sellingGeneralAndAdministrativeExpenses": 314896000,
    "otherExpenses": 282860000,
    "operatingExpenses": 597756000,
    "costAndExpenses": 724687000,
    "interestIncome": 745353000,
    "interestExpense": 77931000,
    "depreciationAndAmortization": 49773000,
    "ebitda": 495213000,
    "ebitdaratio": 0.4232130358,
    "operatingIncome": 445440000,
    "operatingIncomeRatio": 0.3806766274,
    "totalOtherIncomeExpensesNet": 0,
    "incomeBeforeTax": 445440000,
    "incomeBeforeTaxRatio": 0.3806766274,
    "incomeTaxExpense": 149247000,
    "netIncome": 296193000,
    "netIncomeRatio": 0.2531289339,
    "eps": 2.18,
    "epsdiluted": 2.16,
    "weightedAverageShsOut": 135868000,
    "weightedAverageShsOutDil": 135868000,
    "link": "https://www.sec.gov/Archives/edgar/data/36270/000119312513071824/0001193125-13-071824-index.htm",
    "finalLink": "https://www.sec.gov/Archives/edgar/data/36270/000119312513071824/d440871d10k.htm"
  },
  {
    "date": "2012-09-30",
    "symbol": "MTB",
    "reportedCurrency": "USD",
    "cik": "0000036270",
    "fillingDate": "2012-11-06",
    "acceptedDate": "2012-11-06 17:18:37",
    "calendarYear": "2012",
    "period": "Q3",
    "revenue": 1195767000,
    "costOfRevenue": 128129000,
    "grossProfit": 1067638000,
    "grossProfitRatio": 0.8928478541,
    "researchAndDevelopmentExpenses": 0,
    "generalAndAdministrativeExpenses": 345547000,
    "sellingAndMarketingExpenses": 0,
    "sellingGeneralAndAdministrativeExpenses": 345547000,
    "otherExpenses": 275663000,
    "operatingExpenses": 621210000,
    "costAndExpenses": 749339000,
    "interestIncome": 744851000,
    "interestExpense": 82129000,
    "depreciationAndAmortization": 51572000,
    "ebitda": 498000000,
    "ebitdaratio": 0.4164690947,
    "operatingIncome": 446428000,
    "operatingIncomeRatio": 0.3733402912,
    "totalOtherIncomeExpensesNet": 0,
    "incomeBeforeTax": 446428000,
    "incomeBeforeTaxRatio": 0.3733402912,
    "incomeTaxExpense": 152966000,
    "netIncome": 293462000,
    "netIncomeRatio": 0.2454173765,
    "eps": 2.18,
    "epsdiluted": 2.17,
    "weightedAverageShsOut": 134616000,
    "weightedAverageShsOutDil": 134616000,
    "link": "https://www.sec.gov/Archives/edgar/data/36270/000119312512454853/0001193125-12-454853-index.htm",
    "finalLink": "https://www.sec.gov/Archives/edgar/data/36270/000119312512454853/d417415d10q.htm"
  },
  {
    "date": "2012-06-30",
    "symbol": "MTB",
    "reportedCurrency": "USD",
    "cik": "0000036270",
    "fillingDate": "2012-08-09",
    "acceptedDate": "2012-08-09 14:00:33",
    "calendarYear": "2012",
    "period": "Q2",
    "revenue": 1135671000,
    "costOfRevenue": 149403000,
    "grossProfit": 986268000,
    "grossProfitRatio": 0.8684451747,
    "researchAndDevelopmentExpenses": 0,
    "generalAndAdministrativeExpenses": 348648000,
    "sellingAndMarketingExpenses": 0,
    "sellingGeneralAndAdministrativeExpenses": 348648000,
    "otherExpenses": 285379000,
    "operatingExpenses": 634027000,
    "costAndExpenses": 783430000,
    "interestIncome": 737386000,
    "interestExpense": 89403000,
    "depreciationAndAmortization": 50944000,
    "ebitda": 403185000,
    "ebitdaratio": 0.3550191913,
    "operatingIncome": 352241000,
    "operatingIncomeRatio": 0.3101611294,
    "totalOtherIncomeExpensesNet": 0,
    "incomeBeforeTax": 352241000,
    "incomeBeforeTaxRatio": 0.3101611294,
    "incomeTaxExpense": 118861000,
    "netIncome": 233380000,
    "netIncomeRatio": 0.2054996562,
    "eps": 1.71,
    "epsdiluted": 1.71,
    "weightedAverageShsOut": 136480000,
    "weightedAverageShsOutDil": 136480000,
    "link": "https://www.sec.gov/Archives/edgar/data/36270/000119312512346904/0001193125-12-346904-index.htm",
    "finalLink": "https://www.sec.gov/Archives/edgar/data/36270/000119312512346904/d361901d10q.htm"
  },
  {
    "date": "2012-03-31",
    "symbol": "MTB",
    "reportedCurrency": "USD",
    "cik": "0000036270",
    "fillingDate": "2012-05-10",
    "acceptedDate": "2012-05-10 14:10:20",
    "calendarYear": "2012",
    "period": "Q1",
    "revenue": 1095570000,
    "costOfRevenue": 142706000,
    "grossProfit": 952864000,
    "grossProfitRatio": 0.869742691,
    "researchAndDevelopmentExpenses": 0,
    "generalAndAdministrativeExpenses": 375047000,
    "sellingAndMarketingExpenses": 0,
    "sellingGeneralAndAdministrativeExpenses": 375047000,
    "otherExpenses": 269400000,
    "operatingExpenses": 644447000,
    "costAndExpenses": 787153000,
    "interestIncome": 714095000,
    "interestExpense": 93706000,
    "depreciationAndAmortization": 52272000,
    "ebitda": 360689000,
    "ebitdaratio": 0.3292249697,
    "operatingIncome": 308417000,
    "operatingIncomeRatio": 0.2815128198,
    "totalOtherIncomeExpensesNet": 0,
    "incomeBeforeTax": 308417000,
    "incomeBeforeTaxRatio": 0.2815128198,
    "incomeTaxExpense": 101954000,
    "netIncome": 206463000,
    "netIncomeRatio": 0.1884525863,
    "eps": 1.5,
    "epsdiluted": 1.5,
    "weightedAverageShsOut": 125616000,
    "weightedAverageShsOutDil": 125616000,
    "link": "https://www.sec.gov/Archives/edgar/data/36270/000119312512224923/0001193125-12-224923-index.htm",
    "finalLink": "https://www.sec.gov/Archives/edgar/data/36270/000119312512224923/d332232d10q.htm"
  },
  {
    "date": "2011-12-31",
    "symbol": "MTB",
    "reportedCurrency": "USD",
    "cik": "0000036270",
    "fillingDate": "2012-02-23",
    "acceptedDate": "2012-02-23 15:43:54",
    "calendarYear": "2011",
    "period": "Q4",
    "revenue": 1067660000,
    "costOfRevenue": 171969000,
    "grossProfit": 895691000,
    "grossProfitRatio": 0.8389290598,
    "researchAndDevelopmentExpenses": 0,
    "generalAndAdministrativeExpenses": 310836000,
    "sellingAndMarketingExpenses": 0,
    "sellingGeneralAndAdministrativeExpenses": 310836000,
    "otherExpenses": 381953000,
    "operatingExpenses": 692789000,
    "costAndExpenses": 864758000,
    "interestIncome": 716000000,
    "interestExpense": 97969000,
    "depreciationAndAmortization": 53210000,
    "ebitda": 256112000,
    "ebitdaratio": 0.2398816103,
    "operatingIncome": 202902000,
    "operatingIncomeRatio": 0.1900436469,
    "totalOtherIncomeExpensesNet": 0,
    "incomeBeforeTax": 202902000,
    "incomeBeforeTaxRatio": 0.1900436469,
    "incomeTaxExpense": 55162000,
    "netIncome": 147740000,
    "netIncomeRatio": 0.1383773861,
    "eps": 1.18,
    "epsdiluted": 1.18,
    "weightedAverageShsOut": 124637000,
    "weightedAverageShsOutDil": 125616000,
    "link": "https://www.sec.gov/Archives/edgar/data/36270/000119312512075161/0001193125-12-075161-index.htm",
    "finalLink": "https://www.sec.gov/Archives/edgar/data/36270/000119312512075161/d262829d10k.htm"
  },
  {
    "date": "2011-09-30",
    "symbol": "MTB",
    "reportedCurrency": "USD",
    "cik": "0000036270",
    "fillingDate": "2011-11-09",
    "acceptedDate": "2011-11-09 15:47:38",
    "calendarYear": "2011",
    "period": "Q3",
    "revenue": 1105286000,
    "costOfRevenue": 161632000,
    "grossProfit": 943654000,
    "grossProfitRatio": 0.853764546,
    "researchAndDevelopmentExpenses": 0,
    "generalAndAdministrativeExpenses": 362491000,
    "sellingAndMarketingExpenses": 0,
    "sellingGeneralAndAdministrativeExpenses": 362491000,
    "otherExpenses": 316081000,
    "operatingExpenses": 678572000,
    "costAndExpenses": 840204000,
    "interestIncome": 720351000,
    "interestExpense": 103632000,
    "depreciationAndAmortization": 52404000,
    "ebitda": 317486000,
    "ebitdaratio": 0.2872433017,
    "operatingIncome": 265082000,
    "operatingIncomeRatio": 0.2398311387,
    "totalOtherIncomeExpensesNet": 0,
    "incomeBeforeTax": 265082000,
    "incomeBeforeTaxRatio": 0.2398311387,
    "incomeTaxExpense": 81974000,
    "netIncome": 183108000,
    "netIncomeRatio": 0.1656657191,
    "eps": 1.32,
    "epsdiluted": 1.32,
    "weightedAverageShsOut": 124575000,
    "weightedAverageShsOutDil": 124860000,
    "link": "https://www.sec.gov/Archives/edgar/data/36270/000119312511304463/0001193125-11-304463-index.htm",
    "finalLink": "https://www.sec.gov/Archives/edgar/data/36270/000119312511304463/d248817d10q.htm"
  },
  {
    "date": "2011-06-30",
    "symbol": "MTB",
    "reportedCurrency": "USD",
    "cik": "0000036270",
    "fillingDate": "2011-08-09",
    "acceptedDate": "2011-08-09 16:48:28",
    "calendarYear": "2011",
    "period": "Q2",
    "revenue": 1195132000,
    "costOfRevenue": 165051000,
    "grossProfit": 1030081000,
    "grossProfitRatio": 0.8618972632,
    "researchAndDevelopmentExpenses": 0,
    "generalAndAdministrativeExpenses": 336510000,
    "sellingAndMarketingExpenses": 0,
    "sellingGeneralAndAdministrativeExpenses": 336510000,
    "otherExpenses": 245608000,
    "operatingExpenses": 582118000,
    "costAndExpenses": 747169000,
    "interestIncome": 688253000,
    "interestExpense": 102051000,
    "depreciationAndAmortization": 48396000,
    "ebitda": 496359000,
    "ebitdaratio": 0.4153173039,
    "operatingIncome": 447963000,
    "operatingIncomeRatio": 0.3748230321,
    "totalOtherIncomeExpensesNet": 0,
    "incomeBeforeTax": 447963000,
    "incomeBeforeTaxRatio": 0.3748230321,
    "incomeTaxExpense": 125605000,
    "netIncome": 322358000,
    "netIncomeRatio": 0.2697258545,
    "eps": 2.43,
    "epsdiluted": 2.42,
    "weightedAverageShsOut": 132658000,
    "weightedAverageShsOutDil": 132658000,
    "link": "https://www.sec.gov/Archives/edgar/data/36270/000095012311075147/0000950123-11-075147-index.htm",
    "finalLink": "https://www.sec.gov/Archives/edgar/data/36270/000095012311075147/l42881e10vq.htm"
  },
  {
    "date": "2011-03-31",
    "symbol": "MTB",
    "reportedCurrency": "USD",
    "cik": "0000036270",
    "fillingDate": "2011-04-29",
    "acceptedDate": "2011-04-29 15:31:10",
    "calendarYear": "2011",
    "period": "Q1",
    "revenue": 988581000,
    "costOfRevenue": 173679000,
    "grossProfit": 814902000,
    "grossProfitRatio": 0.8243148513,
    "researchAndDevelopmentExpenses": 0,
    "generalAndAdministrativeExpenses": 294386000,
    "sellingAndMarketingExpenses": 0,
    "sellingGeneralAndAdministrativeExpenses": 294386000,
    "otherExpenses": 211863000,
    "operatingExpenses": 506249000,
    "costAndExpenses": 679928000,
    "interestIncome": 667483000,
    "interestExpense": 98679000,
    "depreciationAndAmortization": 43770000,
    "ebitda": 352423000,
    "ebitdaratio": 0.3564938027,
    "operatingIncome": 308653000,
    "operatingIncomeRatio": 0.3122182199,
    "totalOtherIncomeExpensesNet": 0,
    "incomeBeforeTax": 308653000,
    "incomeBeforeTaxRatio": 0.3122182199,
    "incomeTaxExpense": 102380000,
    "netIncome": 206273000,
    "netIncomeRatio": 0.2086556387,
    "eps": 1.59,
    "epsdiluted": 1.59,
    "weightedAverageShsOut": 129731000,
    "weightedAverageShsOutDil": 129731000,
    "link": "https://www.sec.gov/Archives/edgar/data/36270/000095012311041929/0000950123-11-041929-index.htm",
    "finalLink": "https://www.sec.gov/Archives/edgar/data/36270/000095012311041929/l42335e10vq.htm"
  },
  {
    "date": "2010-12-31",
    "symbol": "MTB",
    "reportedCurrency": "USD",
    "cik": "0000036270",
    "fillingDate": "2011-02-22",
    "acceptedDate": "2011-02-22 10:22:48",
    "calendarYear": "2010",
    "period": "Q4",
    "revenue": 910026000,
    "costOfRevenue": 193628000,
    "grossProfit": 716398000,
    "grossProfitRatio": 0.7872280572,
    "researchAndDevelopmentExpenses": 0,
    "generalAndAdministrativeExpenses": 236330000,
    "sellingAndMarketingExpenses": 0,
    "sellingGeneralAndAdministrativeExpenses": 236330000,
    "otherExpenses": 173307000,
    "operatingExpenses": 409637000,
    "costAndExpenses": 603265000,
    "interestIncome": 682725000,
    "interestExpense": 108628000,
    "depreciationAndAmortization": 43395000,
    "ebitda": 350156000,
    "ebitdaratio": 0.3847758196,
    "operatingIncome": 306761000,
    "operatingIncomeRatio": 0.3370903688,
    "totalOtherIncomeExpensesNet": 0,
    "incomeBeforeTax": 306761000,
    "incomeBeforeTaxRatio": 0.3370903688,
    "incomeTaxExpense": 102319000,
    "netIncome": 204442000,
    "netIncomeRatio": 0.2246551197,
    "eps": 1.58,
    "epsdiluted": 1.58,
    "weightedAverageShsOut": 129731000,
    "weightedAverageShsOutDil": 129731000,
    "link": "https://www.sec.gov/Archives/edgar/data/36270/000095012311016289/0000950123-11-016289-index.htm",
    "finalLink": "https://www.sec.gov/Archives/edgar/data/36270/000095012311016289/l40880e10vk.htm"
  },
  {
    "date": "2010-09-30",
    "symbol": "MTB",
    "reportedCurrency": "USD",
    "cik": "0000036270",
    "fillingDate": "2010-11-05",
    "acceptedDate": "2010-11-05 17:06:51",
    "calendarYear": "2010",
    "period": "Q3",
    "revenue": 991791000,
    "costOfRevenue": 209032000,
    "grossProfit": 782759000,
    "grossProfitRatio": 0.7892378535,
    "researchAndDevelopmentExpenses": 0,
    "generalAndAdministrativeExpenses": 272248000,
    "sellingAndMarketingExpenses": 0,
    "sellingGeneralAndAdministrativeExpenses": 272248000,
    "otherExpenses": 223877000,
    "operatingExpenses": 496125000,
    "costAndExpenses": 705157000,
    "interestIncome": 685900000,
    "interestExpense": 116032000,
    "depreciationAndAmortization": 44706000,
    "ebitda": 331340000,
    "ebitdaratio": 0.3340824831,
    "operatingIncome": 286634000,
    "operatingIncomeRatio": 0.289006454,
    "totalOtherIncomeExpensesNet": 0,
    "incomeBeforeTax": 286634000,
    "incomeBeforeTaxRatio": 0.289006454,
    "incomeTaxExpense": 94619000,
    "netIncome": 192015000,
    "netIncomeRatio": 0.1936042977,
    "eps": 1.49,
    "epsdiluted": 1.48,
    "weightedAverageShsOut": 128869000,
    "weightedAverageShsOutDil": 128869000,
    "link": "https://www.sec.gov/Archives/edgar/data/36270/000095012310101786/0000950123-10-101786-index.htm",
    "finalLink": "https://www.sec.gov/Archives/edgar/data/36270/000095012310101786/l40772e10vq.htm"
  },
  {
    "date": "2010-06-30",
    "symbol": "MTB",
    "reportedCurrency": "USD",
    "cik": "0000036270",
    "fillingDate": "2010-08-04",
    "acceptedDate": "2010-08-04 16:12:22",
    "calendarYear": "2010",
    "period": "Q2",
    "revenue": 986900000,
    "costOfRevenue": 202557000,
    "grossProfit": 784343000,
    "grossProfitRatio": 0.7947542811,
    "researchAndDevelopmentExpenses": 0,
    "generalAndAdministrativeExpenses": 276018000,
    "sellingAndMarketingExpenses": 0,
    "sellingGeneralAndAdministrativeExpenses": 276018000,
    "otherExpenses": 228609000,
    "operatingExpenses": 504627000,
    "costAndExpenses": 707184000,
    "interestIncome": 684784000,
    "interestExpense": 117557000,
    "depreciationAndAmortization": 45934000,
    "ebitda": 325650000,
    "ebitdaratio": 0.3299726416,
    "operatingIncome": 279716000,
    "operatingIncomeRatio": 0.2834289188,
    "totalOtherIncomeExpensesNet": 0,
    "incomeBeforeTax": 279716000,
    "incomeBeforeTaxRatio": 0.2834289188,
    "incomeTaxExpense": 90967000,
    "netIncome": 188749000,
    "netIncomeRatio": 0.1912544331,
    "eps": 1.47,
    "epsdiluted": 1.46,
    "weightedAverageShsOut": 128401000,
    "weightedAverageShsOutDil": 128401000,
    "link": "https://www.sec.gov/Archives/edgar/data/36270/000095012310072487/0000950123-10-072487-index.htm",
    "finalLink": "https://www.sec.gov/Archives/edgar/data/36270/000095012310072487/l40332e10vq.htm"
  },
  {
    "date": "2010-03-31",
    "symbol": "MTB",
    "reportedCurrency": "USD",
    "cik": "0000036270",
    "fillingDate": "2010-05-07",
    "acceptedDate": "2010-05-07 06:06:09",
    "calendarYear": "2010",
    "period": "Q1",
    "revenue": 939806000,
    "costOfRevenue": 225052000,
    "grossProfit": 714754000,
    "grossProfitRatio": 0.7605335569,
    "researchAndDevelopmentExpenses": 0,
    "generalAndAdministrativeExpenses": 294437000,
    "sellingAndMarketingExpenses": 0,
    "sellingGeneralAndAdministrativeExpenses": 294437000,
    "otherExpenses": 200639000,
    "operatingExpenses": 495076000,
    "costAndExpenses": 720128000,
    "interestIncome": 676386000,
    "interestExpense": 120052000,
    "depreciationAndAmortization": 48327000,
    "ebitda": 268005000,
    "ebitdaratio": 0.2851705565,
    "operatingIncome": 219678000,
    "operatingIncomeRatio": 0.2337482417,
    "totalOtherIncomeExpensesNet": 0,
    "incomeBeforeTax": 219678000,
    "incomeBeforeTaxRatio": 0.2337482417,
    "incomeTaxExpense": 68723000,
    "netIncome": 150955000,
    "netIncomeRatio": 0.1606235755,
    "eps": 1.16,
    "epsdiluted": 1.15,
    "weightedAverageShsOut": 118256000,
    "weightedAverageShsOutDil": 118256000,
    "link": "https://www.sec.gov/Archives/edgar/data/36270/000095012310045933/0000950123-10-045933-index.htm",
    "finalLink": "https://www.sec.gov/Archives/edgar/data/36270/000095012310045933/l39397e10vq.htm"
  },
  {
    "date": "2009-12-31",
    "symbol": "MTB",
    "reportedCurrency": "USD",
    "cik": "0000036270",
    "fillingDate": "2010-02-19",
    "acceptedDate": "2010-02-19 16:46:34",
    "calendarYear": "2009",
    "period": "Q4",
    "revenue": 766457000,
    "costOfRevenue": 278950000,
    "grossProfit": 487507000,
    "grossProfitRatio": 0.6360526422,
    "researchAndDevelopmentExpenses": 0,
    "generalAndAdministrativeExpenses": 238104000,
    "sellingAndMarketingExpenses": 0,
    "sellingGeneralAndAdministrativeExpenses": 238104000,
    "otherExpenses": 48245000,
    "operatingExpenses": 286349000,
    "costAndExpenses": 565299000,
    "interestIncome": 692669000,
    "interestExpense": 133950000,
    "depreciationAndAmortization": 53349000,
    "ebitda": 254507000,
    "ebitdaratio": 0.3320564624,
    "operatingIncome": 201158000,
    "operatingIncomeRatio": 0.2624517749,
    "totalOtherIncomeExpensesNet": 0,
    "incomeBeforeTax": 201158000,
    "incomeBeforeTaxRatio": 0.2624517749,
    "incomeTaxExpense": 64340000,
    "netIncome": 170829000,
    "netIncomeRatio": 0.222881388,
    "eps": 1.31,
    "epsdiluted": 1.31,
    "weightedAverageShsOut": 130134000,
    "weightedAverageShsOutDil": 130134000,
    "link": "https://www.sec.gov/Archives/edgar/data/36270/000095012310014582/0000950123-10-014582-index.htm",
    "finalLink": "https://www.sec.gov/Archives/edgar/data/36270/000095012310014582/l38289e10vk.htm"
  },
  {
    "date": "2009-09-30",
    "symbol": "MTB",
    "reportedCurrency": "USD",
    "cik": "0000036270",
    "fillingDate": "2009-11-05",
    "acceptedDate": "2009-11-04 19:22:34",
    "calendarYear": "2009",
    "period": "Q3",
    "revenue": 1053963000,
    "costOfRevenue": 306938000,
    "grossProfit": 747025000,
    "grossProfitRatio": 0.7087772531,
    "researchAndDevelopmentExpenses": 0,
    "generalAndAdministrativeExpenses": 284802000,
    "sellingAndMarketingExpenses": 0,
    "sellingGeneralAndAdministrativeExpenses": 284802000,
    "otherExpenses": 290398000,
    "operatingExpenses": 575200000,
    "costAndExpenses": 882138000,
    "interestIncome": 700593000,
    "interestExpense": 152938000,
    "depreciationAndAmortization": 48618000,
    "ebitda": 220443000,
    "ebitdaratio": 0.2091562987,
    "operatingIncome": 171825000,
    "operatingIncomeRatio": 0.1630275446,
    "totalOtherIncomeExpensesNet": 0,
    "incomeBeforeTax": 171825000,
    "incomeBeforeTaxRatio": 0.1630275446,
    "incomeTaxExpense": 44161000,
    "netIncome": 127664000,
    "netIncomeRatio": 0.1211275918,
    "eps": 0.97,
    "epsdiluted": 0.97,
    "weightedAverageShsOut": 117416000,
    "weightedAverageShsOutDil": 117547000,
    "link": "https://www.sec.gov/Archives/edgar/data/36270/000095012309057789/0000950123-09-057789-index.htm",
    "finalLink": "https://www.sec.gov/Archives/edgar/data/36270/000095012309057789/l37542e10vq.htm"
  },
  {
    "date": "2009-06-30",
    "symbol": "MTB",
    "reportedCurrency": "USD",
    "cik": "0000036270",
    "fillingDate": "2009-08-04",
    "acceptedDate": "2009-08-04 17:22:24",
    "calendarYear": "2009",
    "period": "Q2",
    "revenue": 949279000,
    "costOfRevenue": 322856000,
    "grossProfit": 626423000,
    "grossProfitRatio": 0.659893456,
    "researchAndDevelopmentExpenses": 0,
    "generalAndAdministrativeExpenses": 11554000,
    "sellingAndMarketingExpenses": 0,
    "sellingGeneralAndAdministrativeExpenses": 11554000,
    "otherExpenses": 552363000,
    "operatingExpenses": 563917000,
    "costAndExpenses": 886773000,
    "interestIncome": 677423000,
    "interestExpense": 175856000,
    "depreciationAndAmortization": 44592000,
    "ebitda": 107098000,
    "ebitdaratio": 0.1128203616,
    "operatingIncome": 62506000,
    "operatingIncomeRatio": 0.0658457629,
    "totalOtherIncomeExpensesNet": 0,
    "incomeBeforeTax": 62506000,
    "incomeBeforeTaxRatio": 0.0658457629,
    "incomeTaxExpense": 11318000,
    "netIncome": 51188000,
    "netIncomeRatio": 0.05392303,
    "eps": 0.36,
    "epsdiluted": 0.36,
    "weightedAverageShsOut": 113218000,
    "weightedAverageShsOutDil": 113521000,
    "link": "https://www.sec.gov/Archives/edgar/data/36270/000095012309029698/0000950123-09-029698-index.htm",
    "finalLink": "https://www.sec.gov/Archives/edgar/data/36270/000095012309029698/l37181e10vq.htm"
  },
  {
    "date": "2009-03-31",
    "symbol": "MTB",
    "reportedCurrency": "USD",
    "cik": "0000036270",
    "fillingDate": "2009-05-08",
    "acceptedDate": "2009-05-08 16:51:26",
    "calendarYear": "2009",
    "period": "Q1",
    "revenue": 953805000,
    "costOfRevenue": 364705000,
    "grossProfit": 589100000,
    "grossProfitRatio": 0.6176314865,
    "researchAndDevelopmentExpenses": 0,
    "generalAndAdministrativeExpenses": 258487000,
    "sellingAndMarketingExpenses": 0,
    "sellingGeneralAndAdministrativeExpenses": 258487000,
    "otherExpenses": 246811000,
    "operatingExpenses": 505298000,
    "costAndExpenses": 870003000,
    "interestIncome": 654512000,
    "interestExpense": 206705000,
    "depreciationAndAmortization": 44362000,
    "ebitda": 128164000,
    "ebitdaratio": 0.1343712813,
    "operatingIncome": 83802000,
    "operatingIncomeRatio": 0.0878607262,
    "totalOtherIncomeExpensesNet": 0,
    "incomeBeforeTax": 83802000,
    "incomeBeforeTaxRatio": 0.0878607262,
    "incomeTaxExpense": 19581000,
    "netIncome": 64221000,
    "netIncomeRatio": 0.0673313728,
    "eps": 0.49,
    "epsdiluted": 0.49,
    "weightedAverageShsOut": 110439000,
    "weightedAverageShsOutDil": 110439000,
    "link": "https://www.sec.gov/Archives/edgar/data/36270/000095015209004997/0000950152-09-004997-index.htm",
    "finalLink": "https://www.sec.gov/Archives/edgar/data/36270/000095015209004997/l36365ae10vq.htm"
  },
  {
    "date": "2008-12-31",
    "symbol": "MTB",
    "reportedCurrency": "USD",
    "cik": "0000036270",
    "fillingDate": "2009-02-23",
    "acceptedDate": "2009-02-23 09:44:13",
    "calendarYear": "2008",
    "period": "Q4",
    "revenue": 1053371000,
    "costOfRevenue": 439426000,
    "grossProfit": 613945000,
    "grossProfitRatio": 0.5828383352,
    "researchAndDevelopmentExpenses": 0,
    "generalAndAdministrativeExpenses": 232410000,
    "sellingAndMarketingExpenses": 0,
    "sellingGeneralAndAdministrativeExpenses": 232410000,
    "otherExpenses": 251862000,
    "operatingExpenses": 484272000,
    "costAndExpenses": 923698000,
    "interestIncome": 774501000,
    "interestExpense": 288426000,
    "depreciationAndAmortization": 45612000,
    "ebitda": 175285000,
    "ebitdaratio": 0.1664038596,
    "operatingIncome": 129673000,
    "operatingIncomeRatio": 0.1231028764,
    "totalOtherIncomeExpensesNet": 0,
    "incomeBeforeTax": 129673000,
    "incomeBeforeTaxRatio": 0.1231028764,
    "incomeTaxExpense": 27432000,
    "netIncome": 102241000,
    "netIncomeRatio": 0.0970607697,
    "eps": 0.93,
    "epsdiluted": 0.93,
    "weightedAverageShsOut": 110370000,
    "weightedAverageShsOutDil": 110439000,
    "link": "https://www.sec.gov/Archives/edgar/data/36270/000095015209001650/0000950152-09-001650-index.htm",
    "finalLink": "https://www.sec.gov/Archives/edgar/data/36270/000095015209001650/l35056ae10vk.htm"
  },
  {
    "date": "2008-09-30",
    "symbol": "MTB",
    "reportedCurrency": "USD",
    "cik": "0000036270",
    "fillingDate": "2008-11-07",
    "acceptedDate": "2008-11-07 17:14:53",
    "calendarYear": "2008",
    "period": "Q3",
    "revenue": 915071000,
    "costOfRevenue": 414115000,
    "grossProfit": 500956000,
    "grossProfitRatio": 0.5474504164,
    "researchAndDevelopmentExpenses": 0,
    "generalAndAdministrativeExpenses": 236678000,
    "sellingAndMarketingExpenses": 0,
    "sellingGeneralAndAdministrativeExpenses": 236678000,
    "otherExpenses": 198085000,
    "operatingExpenses": 434763000,
    "costAndExpenses": 848878000,
    "interestIncome": 801354000,
    "interestExpense": 313115000,
    "depreciationAndAmortization": 46141000,
    "ebitda": 112334000,
    "ebitdaratio": 0.1227598733,
    "operatingIncome": 66193000,
    "operatingIncomeRatio": 0.0723364635,
    "totalOtherIncomeExpensesNet": 0,
    "incomeBeforeTax": 66193000,
    "incomeBeforeTaxRatio": 0.0723364635,
    "incomeTaxExpense": -24992000,
    "netIncome": 91185000,
    "netIncomeRatio": 0.0996480055,
    "eps": 0.83,
    "epsdiluted": 0.82,
    "weightedAverageShsOut": 109861000,
    "weightedAverageShsOutDil": 111201000,
    "link": "https://www.sec.gov/Archives/edgar/data/36270/000095015208008974/0000950152-08-008974-index.htm",
    "finalLink": "https://www.sec.gov/Archives/edgar/data/36270/000095015208008974/l34440ae10vq.htm"
  },
  {
    "date": "2008-06-30",
    "symbol": "MTB",
    "reportedCurrency": "USD",
    "cik": "0000036270",
    "fillingDate": "2008-07-31",
    "acceptedDate": "2008-07-31 17:07:02",
    "calendarYear": "2008",
    "period": "Q2",
    "revenue": 1088756000,
    "costOfRevenue": 430942000,
    "grossProfit": 657814000,
    "grossProfitRatio": 0.6041886336,
    "researchAndDevelopmentExpenses": 0,
    "generalAndAdministrativeExpenses": 236127000,
    "sellingAndMarketingExpenses": 0,
    "sellingGeneralAndAdministrativeExpenses": 236127000,
    "otherExpenses": 183583000,
    "operatingExpenses": 419710000,
    "costAndExpenses": 850652000,
    "interestIncome": 817574000,
    "interestExpense": 330942000,
    "depreciationAndAmortization": 45935000,
    "ebitda": 284039000,
    "ebitdaratio": 0.2608839814,
    "operatingIncome": 238104000,
    "operatingIncomeRatio": 0.2186936283,
    "totalOtherIncomeExpensesNet": 0,
    "incomeBeforeTax": 238104000,
    "incomeBeforeTaxRatio": 0.2186936283,
    "incomeTaxExpense": 77839000,
    "netIncome": 160265000,
    "netIncomeRatio": 0.1472001073,
    "eps": 1.45,
    "epsdiluted": 1.44,
    "weightedAverageShsOut": 110191000,
    "weightedAverageShsOutDil": 111227000,
    "link": "https://www.sec.gov/Archives/edgar/data/36270/000095015208005860/0000950152-08-005860-index.htm",
    "finalLink": "https://www.sec.gov/Archives/edgar/data/36270/000095015208005860/l32621ae10vq.htm"
  },
  {
    "date": "2008-03-31",
    "symbol": "MTB",
    "reportedCurrency": "USD",
    "cik": "0000036270",
    "fillingDate": "2008-05-07",
    "acceptedDate": "2008-05-07 17:00:47",
    "calendarYear": "2008",
    "period": "Q1",
    "revenue": 1198085000,
    "costOfRevenue": 465312000,
    "grossProfit": 732773000,
    "grossProfitRatio": 0.6116202106,
    "researchAndDevelopmentExpenses": 0,
    "generalAndAdministrativeExpenses": 263306000,
    "sellingAndMarketingExpenses": 0,
    "sellingGeneralAndAdministrativeExpenses": 263306000,
    "otherExpenses": 163658000,
    "operatingExpenses": 426964000,
    "costAndExpenses": 892276000,
    "interestIncome": 884162000,
    "interestExpense": 405312000,
    "depreciationAndAmortization": 48102000,
    "ebitda": 353911000,
    "ebitdaratio": 0.2953972381,
    "operatingIncome": 305809000,
    "operatingIncomeRatio": 0.2552481669,
    "totalOtherIncomeExpensesNet": 0,
    "incomeBeforeTax": 305809000,
    "incomeBeforeTaxRatio": 0.2552481669,
    "incomeTaxExpense": 103613000,
    "netIncome": 202196000,
    "netIncomeRatio": 0.1687659891,
    "eps": 1.84,
    "epsdiluted": 1.82,
    "weightedAverageShsOut": 110017000,
    "weightedAverageShsOutDil": 110967000,
    "link": "https://www.sec.gov/Archives/edgar/data/36270/000095015208003591/0000950152-08-003591-index.htm",
    "finalLink": "https://www.sec.gov/Archives/edgar/data/36270/000095015208003591/l31441ae10vq.htm"
  },
  {
    "date": "2007-12-31",
    "symbol": "MTB",
    "reportedCurrency": "USD",
    "cik": "0000036270",
    "fillingDate": "2008-02-21",
    "acceptedDate": "2008-02-21 16:42:06",
    "calendarYear": "2007",
    "period": "Q4",
    "revenue": 1064129000,
    "costOfRevenue": 543364000,
    "grossProfit": 520765000,
    "grossProfitRatio": 0.4893814566,
    "researchAndDevelopmentExpenses": 0,
    "generalAndAdministrativeExpenses": 226111000,
    "sellingAndMarketingExpenses": 0,
    "sellingGeneralAndAdministrativeExpenses": 226111000,
    "otherExpenses": 210427000,
    "operatingExpenses": 436538000,
    "costAndExpenses": 979902000,
    "interestIncome": 912574000,
    "interestExpense": 442364000,
    "depreciationAndAmortization": 43860000,
    "ebitda": 128087000,
    "ebitdaratio": 0.1203679253,
    "operatingIncome": 84227000,
    "operatingIncomeRatio": 0.079151118,
    "totalOtherIncomeExpensesNet": 0,
    "incomeBeforeTax": 84227000,
    "incomeBeforeTaxRatio": 0.079151118,
    "incomeTaxExpense": 19297000,
    "netIncome": 64930000,
    "netIncomeRatio": 0.0610170383,
    "eps": 0.59,
    "epsdiluted": 0.59,
    "weightedAverageShsOut": 107856000,
    "weightedAverageShsOutDil": 110017000,
    "link": "https://www.sec.gov/Archives/edgar/data/36270/000095015208001291/0000950152-08-001291-index.htm",
    "finalLink": "https://www.sec.gov/Archives/edgar/data/36270/000095015208001291/l29155ae10vk.htm"
  },
  {
    "date": "2007-09-30",
    "symbol": "MTB",
    "reportedCurrency": "USD",
    "cik": "0000036270",
    "fillingDate": "2007-11-01",
    "acceptedDate": "2007-11-01 06:04:26",
    "calendarYear": "2007",
    "period": "Q3",
    "revenue": 1145913000,
    "costOfRevenue": 459326000,
    "grossProfit": 686587000,
    "grossProfitRatio": 0.5991615419,
    "researchAndDevelopmentExpenses": 0,
    "generalAndAdministrativeExpenses": 220750000,
    "sellingAndMarketingExpenses": 0,
    "sellingGeneralAndAdministrativeExpenses": 220750000,
    "otherExpenses": 169778000,
    "operatingExpenses": 390528000,
    "costAndExpenses": 849854000,
    "interestIncome": 893014000,
    "interestExpense": 425326000,
    "depreciationAndAmortization": 43710000,
    "ebitda": 339769000,
    "ebitdaratio": 0.2965050575,
    "operatingIncome": 296059000,
    "operatingIncomeRatio": 0.2583608005,
    "totalOtherIncomeExpensesNet": 0,
    "incomeBeforeTax": 296059000,
    "incomeBeforeTaxRatio": 0.2583608005,
    "incomeTaxExpense": 96872000,
    "netIncome": 199187000,
    "netIncomeRatio": 0.1738238418,
    "eps": 1.86,
    "epsdiluted": 1.83,
    "weightedAverageShsOut": 107056000,
    "weightedAverageShsOutDil": 108957000,
    "link": "https://www.sec.gov/Archives/edgar/data/36270/000095015207008435/0000950152-07-008435-index.htm",
    "finalLink": "https://www.sec.gov/Archives/edgar/data/36270/000095015207008435/l28545ae10vq.htm"
  },
  {
    "date": "2007-06-30",
    "symbol": "MTB",
    "reportedCurrency": "USD",
    "cik": "0000036270",
    "fillingDate": "2007-08-02",
    "acceptedDate": "2007-08-01 18:12:08",
    "calendarYear": "2007",
    "period": "Q2",
    "revenue": 1161293000,
    "costOfRevenue": 446264000,
    "grossProfit": 715029000,
    "grossProfitRatio": 0.6157179971,
    "researchAndDevelopmentExpenses": 0,
    "generalAndAdministrativeExpenses": 224700000,
    "sellingAndMarketingExpenses": 0,
    "sellingGeneralAndAdministrativeExpenses": 224700000,
    "otherExpenses": 167951000,
    "operatingExpenses": 392651000,
    "costAndExpenses": 838915000,
    "interestIncome": 878176000,
    "interestExpense": 416264000,
    "depreciationAndAmortization": 44063000,
    "ebitda": 366441000,
    "ebitdaratio": 0.3155456892,
    "operatingIncome": 322378000,
    "operatingIncomeRatio": 0.2776026377,
    "totalOtherIncomeExpensesNet": 0,
    "incomeBeforeTax": 322378000,
    "incomeBeforeTaxRatio": 0.2776026377,
    "incomeTaxExpense": 108209000,
    "netIncome": 214169000,
    "netIncomeRatio": 0.1844228804,
    "eps": 1.98,
    "epsdiluted": 1.95,
    "weightedAverageShsOut": 107939000,
    "weightedAverageShsOutDil": 109919000,
    "link": "https://www.sec.gov/Archives/edgar/data/36270/000095015207006284/0000950152-07-006284-index.htm",
    "finalLink": "https://www.sec.gov/Archives/edgar/data/36270/000095015207006284/l27222ae10vq.htm"
  },
  {
    "date": "2007-03-31",
    "symbol": "MTB",
    "reportedCurrency": "USD",
    "cik": "0000036270",
    "fillingDate": "2007-05-07",
    "acceptedDate": "2007-05-07 16:47:48",
    "calendarYear": "2007",
    "period": "Q1",
    "revenue": 1097532000,
    "costOfRevenue": 437622000,
    "grossProfit": 659910000,
    "grossProfitRatio": 0.6012672068,
    "researchAndDevelopmentExpenses": 0,
    "generalAndAdministrativeExpenses": 236754000,
    "sellingAndMarketingExpenses": 0,
    "sellingGeneralAndAdministrativeExpenses": 236754000,
    "otherExpenses": 162283000,
    "operatingExpenses": 399037000,
    "costAndExpenses": 836659000,
    "interestIncome": 861049000,
    "interestExpense": 410622000,
    "depreciationAndAmortization": 46526000,
    "ebitda": 307399000,
    "ebitdaratio": 0.2800820386,
    "operatingIncome": 260873000,
    "operatingIncomeRatio": 0.2376905639,
    "totalOtherIncomeExpensesNet": 0,
    "incomeBeforeTax": 260873000,
    "incomeBeforeTaxRatio": 0.2376905639,
    "incomeTaxExpense": 84900000,
    "netIncome": 175973000,
    "netIncomeRatio": 0.1603351884,
    "eps": 1.6,
    "epsdiluted": 1.57,
    "weightedAverageShsOut": 109694000,
    "weightedAverageShsOutDil": 112187000,
    "link": "https://www.sec.gov/Archives/edgar/data/36270/000095015207004017/0000950152-07-004017-index.htm",
    "finalLink": "https://www.sec.gov/Archives/edgar/data/36270/000095015207004017/l25868ae10vq.htm"
  },
  {
    "date": "2006-12-31",
    "symbol": "MTB",
    "reportedCurrency": "USD",
    "cik": "0000036270",
    "fillingDate": "2007-02-23",
    "acceptedDate": "2007-02-23 17:19:48",
    "calendarYear": "2006",
    "period": "Q4",
    "revenue": 1127491000,
    "costOfRevenue": 432356000,
    "grossProfit": 695135000,
    "grossProfitRatio": 0.6165326375,
    "researchAndDevelopmentExpenses": 0,
    "generalAndAdministrativeExpenses": 213129000,
    "sellingAndMarketingExpenses": 0,
    "sellingGeneralAndAdministrativeExpenses": 213129000,
    "otherExpenses": 170681000,
    "operatingExpenses": 383810000,
    "costAndExpenses": 816166000,
    "interestIncome": 871074000,
    "interestExpense": 404356000,
    "depreciationAndAmortization": 46748000,
    "ebitda": 358073000,
    "ebitdaratio": 0.3175839098,
    "operatingIncome": 311325000,
    "operatingIncomeRatio": 0.276121938,
    "totalOtherIncomeExpensesNet": 0,
    "incomeBeforeTax": 311325000,
    "incomeBeforeTaxRatio": 0.276121938,
    "incomeTaxExpense": 97996000,
    "netIncome": 213329000,
    "netIncomeRatio": 0.1892068318,
    "eps": 1.94,
    "epsdiluted": 1.94,
    "weightedAverageShsOut": 109694000,
    "weightedAverageShsOutDil": 109694000,
    "link": "https://www.sec.gov/Archives/edgar/data/36270/000095015207001456/0000950152-07-001456-index.htm",
    "finalLink": "https://www.sec.gov/Archives/edgar/data/36270/000095015207001456/l22721ae10vk.htm"
  },
  {
    "date": "2006-09-30",
    "symbol": "MTB",
    "reportedCurrency": "USD",
    "cik": "0000036270",
    "fillingDate": "2006-11-03",
    "acceptedDate": "2006-11-03 15:32:27",
    "calendarYear": "2006",
    "period": "Q3",
    "revenue": 1126738000,
    "costOfRevenue": 412652000,
    "grossProfit": 714086000,
    "grossProfitRatio": 0.6337640161,
    "researchAndDevelopmentExpenses": 0,
    "generalAndAdministrativeExpenses": 218980000,
    "sellingAndMarketingExpenses": 0,
    "sellingGeneralAndAdministrativeExpenses": 218980000,
    "otherExpenses": 189961000,
    "operatingExpenses": 408941000,
    "costAndExpenses": 821593000,
    "interestIncome": 852836000,
    "interestExpense": 395652000,
    "depreciationAndAmortization": 47599000,
    "ebitda": 352744000,
    "ebitdaratio": 0.3130665692,
    "operatingIncome": 305145000,
    "operatingIncomeRatio": 0.2708216107,
    "totalOtherIncomeExpensesNet": 0,
    "incomeBeforeTax": 305145000,
    "incomeBeforeTaxRatio": 0.2708216107,
    "incomeTaxExpense": 94775000,
    "netIncome": 210370000,
    "netIncomeRatio": 0.1867071138,
    "eps": 1.89,
    "epsdiluted": 1.85,
    "weightedAverageShsOut": 111047000,
    "weightedAverageShsOutDil": 113897000,
    "link": "https://www.sec.gov/Archives/edgar/data/36270/000095015206008784/0000950152-06-008784-index.htm",
    "finalLink": "https://www.sec.gov/Archives/edgar/data/36270/000095015206008784/l22686ae10vq.htm"
  },
  {
    "date": "2006-06-30",
    "symbol": "MTB",
    "reportedCurrency": "USD",
    "cik": "0000036270",
    "fillingDate": "2006-08-01",
    "acceptedDate": "2006-08-01 16:27:38",
    "calendarYear": "2006",
    "period": "Q2",
    "revenue": 1075513000,
    "costOfRevenue": 383298000,
    "grossProfit": 692215000,
    "grossProfitRatio": 0.6436137917,
    "researchAndDevelopmentExpenses": 0,
    "generalAndAdministrativeExpenses": 217162000,
    "sellingAndMarketingExpenses": 0,
    "sellingGeneralAndAdministrativeExpenses": 217162000,
    "otherExpenses": 159835000,
    "operatingExpenses": 376997000,
    "costAndExpenses": 760295000,
    "interestIncome": 812911000,
    "interestExpense": 366298000,
    "depreciationAndAmortization": 39330000,
    "ebitda": 354548000,
    "ebitdaratio": 0.3296547787,
    "operatingIncome": 315218000,
    "operatingIncomeRatio": 0.2930861831,
    "totalOtherIncomeExpensesNet": 0,
    "incomeBeforeTax": 315218000,
    "incomeBeforeTaxRatio": 0.2930861831,
    "incomeTaxExpense": 102645000,
    "netIncome": 212573000,
    "netIncomeRatio": 0.1976480061,
    "eps": 1.91,
    "epsdiluted": 1.87,
    "weightedAverageShsOut": 111259000,
    "weightedAverageShsOutDil": 113968000,
    "link": "https://www.sec.gov/Archives/edgar/data/36270/000095015206006335/0000950152-06-006335-index.htm",
    "finalLink": "https://www.sec.gov/Archives/edgar/data/36270/000095015206006335/l21370ae10vq.htm"
  },
  {
    "date": "2006-03-31",
    "symbol": "MTB",
    "reportedCurrency": "USD",
    "cik": "0000036270",
    "fillingDate": "2006-05-10",
    "acceptedDate": "2006-05-10 09:40:33",
    "calendarYear": "2006",
    "period": "Q1",
    "revenue": 1030203000,
    "costOfRevenue": 348246000,
    "grossProfit": 681957000,
    "grossProfitRatio": 0.6619637101,
    "researchAndDevelopmentExpenses": 0,
    "generalAndAdministrativeExpenses": 224082000,
    "sellingAndMarketingExpenses": 0,
    "sellingGeneralAndAdministrativeExpenses": 224082000,
    "otherExpenses": 157921000,
    "operatingExpenses": 382003000,
    "costAndExpenses": 730249000,
    "interestIncome": 777272000,
    "interestExpense": 330246000,
    "depreciationAndAmortization": 42254000,
    "ebitda": 342208000,
    "ebitdaratio": 0.3321753091,
    "operatingIncome": 299954000,
    "operatingIncomeRatio": 0.2911600917,
    "totalOtherIncomeExpensesNet": 0,
    "incomeBeforeTax": 299954000,
    "incomeBeforeTaxRatio": 0.2911600917,
    "incomeTaxExpense": 97037000,
    "netIncome": 202917000,
    "netIncomeRatio": 0.1969679762,
    "eps": 1.82,
    "epsdiluted": 1.77,
    "weightedAverageShsOut": 111693000,
    "weightedAverageShsOutDil": 114347000,
    "link": "https://www.sec.gov/Archives/edgar/data/36270/000095015206004200/0000950152-06-004200-index.htm",
    "finalLink": "https://www.sec.gov/Archives/edgar/data/36270/000095015206004200/l19865ae10vq.htm"
  },
  {
    "date": "2005-12-31",
    "symbol": "MTB",
    "reportedCurrency": "USD",
    "cik": "0000036270",
    "fillingDate": "2006-02-28",
    "acceptedDate": "2006-02-28 17:02:04",
    "calendarYear": "2005",
    "period": "Q4",
    "revenue": 1001705000,
    "costOfRevenue": 326493000,
    "grossProfit": 675212000,
    "grossProfitRatio": 0.6740627231,
    "researchAndDevelopmentExpenses": 0,
    "generalAndAdministrativeExpenses": 203317000,
    "sellingAndMarketingExpenses": 0,
    "sellingGeneralAndAdministrativeExpenses": 203317000,
    "otherExpenses": 165797000,
    "operatingExpenses": 369114000,
    "costAndExpenses": 695607000,
    "interestIncome": 753101000,
    "interestExpense": 303493000,
    "depreciationAndAmortization": 41729000,
    "ebitda": 347827000,
    "ebitdaratio": 0.3472349644,
    "operatingIncome": 306098000,
    "operatingIncomeRatio": 0.3055769912,
    "totalOtherIncomeExpensesNet": 0,
    "incomeBeforeTax": 306098000,
    "incomeBeforeTaxRatio": 0.3055769912,
    "incomeTaxExpense": 101113000,
    "netIncome": 204985000,
    "netIncomeRatio": 0.2046360955,
    "eps": 1.84,
    "epsdiluted": 1.84,
    "weightedAverageShsOut": 111693000,
    "weightedAverageShsOutDil": 111693000,
    "link": "https://www.sec.gov/Archives/edgar/data/36270/000095015206001522/0000950152-06-001522-index.htm",
    "finalLink": "https://www.sec.gov/Archives/edgar/data/36270/000095015206001522/l15080ae10vk.htm"
  },
  {
    "date": "2005-09-30",
    "symbol": "MTB",
    "reportedCurrency": "USD",
    "cik": "0000036270",
    "fillingDate": "2005-11-08",
    "acceptedDate": "2005-11-08 16:33:52",
    "calendarYear": "2005",
    "period": "Q3",
    "revenue": 942248000,
    "costOfRevenue": 287576000,
    "grossProfit": 654672000,
    "grossProfitRatio": 0.6947979725,
    "researchAndDevelopmentExpenses": 0,
    "generalAndAdministrativeExpenses": 207705000,
    "sellingAndMarketingExpenses": 0,
    "sellingGeneralAndAdministrativeExpenses": 207705000,
    "otherExpenses": 160545000,
    "operatingExpenses": 368250000,
    "costAndExpenses": 655826000,
    "interestIncome": 720754000,
    "interestExpense": 265576000,
    "depreciationAndAmortization": 42942000,
    "ebitda": 329364000,
    "ebitdaratio": 0.3495512859,
    "operatingIncome": 286422000,
    "operatingIncomeRatio": 0.3039772968,
    "totalOtherIncomeExpensesNet": 0,
    "incomeBeforeTax": 286422000,
    "incomeBeforeTaxRatio": 0.3039772968,
    "incomeTaxExpense": 95348000,
    "netIncome": 191074000,
    "netIncomeRatio": 0.202785254,
    "eps": 1.68,
    "epsdiluted": 1.64,
    "weightedAverageShsOut": 113530000,
    "weightedAverageShsOutDil": 116200000,
    "link": "https://www.sec.gov/Archives/edgar/data/36270/000095015205008934/0000950152-05-008934-index.htm",
    "finalLink": "https://www.sec.gov/Archives/edgar/data/36270/000095015205008934/l16649ae10vq.htm"
  },
  {
    "date": "2005-06-30",
    "symbol": "MTB",
    "reportedCurrency": "USD",
    "cik": "0000036270",
    "fillingDate": "2005-08-05",
    "acceptedDate": "2005-08-05 17:10:25",
    "calendarYear": "2005",
    "period": "Q2",
    "revenue": 921880000,
    "costOfRevenue": 248016000,
    "grossProfit": 673864000,
    "grossProfitRatio": 0.7309671541,
    "researchAndDevelopmentExpenses": 0,
    "generalAndAdministrativeExpenses": 204607000,
    "sellingAndMarketingExpenses": 0,
    "sellingGeneralAndAdministrativeExpenses": 204607000,
    "otherExpenses": 175834000,
    "operatingExpenses": 380441000,
    "costAndExpenses": 628457000,
    "interestIncome": 676518000,
    "interestExpense": 229016000,
    "depreciationAndAmortization": 43122000,
    "ebitda": 336545000,
    "ebitdaratio": 0.3650637827,
    "operatingIncome": 293423000,
    "operatingIncomeRatio": 0.3182876296,
    "totalOtherIncomeExpensesNet": 0,
    "incomeBeforeTax": 293423000,
    "incomeBeforeTaxRatio": 0.3182876296,
    "incomeTaxExpense": 96589000,
    "netIncome": 196834000,
    "netIncomeRatio": 0.2135136894,
    "eps": 1.73,
    "epsdiluted": 1.69,
    "weightedAverageShsOut": 113949000,
    "weightedAverageShsOutDil": 116422000,
    "link": "https://www.sec.gov/Archives/edgar/data/36270/000095015205006623/0000950152-05-006623-index.htm",
    "finalLink": "https://www.sec.gov/Archives/edgar/data/36270/000095015205006623/l15006ae10vq.htm"
  },
  {
    "date": "2005-03-31",
    "symbol": "MTB",
    "reportedCurrency": "USD",
    "cik": "0000036270",
    "fillingDate": "2005-05-10",
    "acceptedDate": "2005-05-10 14:54:48",
    "calendarYear": "2005",
    "period": "Q1",
    "revenue": 872579000,
    "costOfRevenue": 220266000,
    "grossProfit": 652313000,
    "grossProfitRatio": 0.747568988,
    "researchAndDevelopmentExpenses": 0,
    "generalAndAdministrativeExpenses": 206610000,
    "sellingAndMarketingExpenses": 0,
    "sellingGeneralAndAdministrativeExpenses": 206610000,
    "otherExpenses": 160727000,
    "operatingExpenses": 367337000,
    "costAndExpenses": 587603000,
    "interestIncome": 638321000,
    "interestExpense": 196266000,
    "depreciationAndAmortization": 45955000,
    "ebitda": 330931000,
    "ebitdaratio": 0.3792562049,
    "operatingIncome": 284976000,
    "operatingIncomeRatio": 0.3265904864,
    "totalOtherIncomeExpensesNet": 0,
    "incomeBeforeTax": 284976000,
    "incomeBeforeTaxRatio": 0.3265904864,
    "incomeTaxExpense": 95686000,
    "netIncome": 189290000,
    "netIncomeRatio": 0.2169316474,
    "eps": 1.65,
    "epsdiluted": 1.62,
    "weightedAverageShsOut": 114773000,
    "weightedAverageShsOutDil": 117184000,
    "link": "https://www.sec.gov/Archives/edgar/data/36270/000095015205004245/0000950152-05-004245-index.htm",
    "finalLink": "https://www.sec.gov/Archives/edgar/data/36270/000095015205004245/l13328ae10vq.htm"
  },
  {
    "date": "2004-12-31",
    "symbol": "MTB",
    "reportedCurrency": "USD",
    "cik": "0000036270",
    "fillingDate": "2005-02-25",
    "acceptedDate": "2005-02-25 14:42:05",
    "calendarYear": "2004",
    "period": "Q4",
    "revenue": 846506000,
    "costOfRevenue": 194755000,
    "grossProfit": 651751000,
    "grossProfitRatio": 0.7699307506,
    "researchAndDevelopmentExpenses": 0,
    "generalAndAdministrativeExpenses": 198152000,
    "sellingAndMarketingExpenses": 0,
    "sellingGeneralAndAdministrativeExpenses": 198152000,
    "otherExpenses": 163770000,
    "operatingExpenses": 361922000,
    "costAndExpenses": 556677000,
    "interestIncome": 608947000,
    "interestExpense": 166755000,
    "depreciationAndAmortization": 46387000,
    "ebitda": 336216000,
    "ebitdaratio": 0.3971808824,
    "operatingIncome": 289829000,
    "operatingIncomeRatio": 0.3423826884,
    "totalOtherIncomeExpensesNet": 0,
    "incomeBeforeTax": 289829000,
    "incomeBeforeTaxRatio": 0.3423826884,
    "incomeTaxExpense": 97624000,
    "netIncome": 192205000,
    "netIncomeRatio": 0.2270568667,
    "eps": 1.67,
    "epsdiluted": 1.67,
    "weightedAverageShsOut": 114773000,
    "weightedAverageShsOutDil": 114773000,
    "link": "https://www.sec.gov/Archives/edgar/data/36270/000095015205001517/0000950152-05-001517-index.htm",
    "finalLink": "https://www.sec.gov/Archives/edgar/data/36270/000095015205001517/l10178ae10vk.htm"
  },
  {
    "date": "2004-09-30",
    "symbol": "MTB",
    "reportedCurrency": "USD",
    "cik": "0000036270",
    "fillingDate": "2004-11-05",
    "acceptedDate": "2004-11-05 17:24:00",
    "calendarYear": "2004",
    "period": "Q3",
    "revenue": 827977000,
    "costOfRevenue": 160771000,
    "grossProfit": 667206000,
    "grossProfitRatio": 0.8058267319,
    "researchAndDevelopmentExpenses": 0,
    "generalAndAdministrativeExpenses": 205003000,
    "sellingAndMarketingExpenses": 0,
    "sellingGeneralAndAdministrativeExpenses": 205003000,
    "otherExpenses": 201919000,
    "operatingExpenses": 406922000,
    "costAndExpenses": 567693000,
    "interestIncome": 583052000,
    "interestExpense": 143771000,
    "depreciationAndAmortization": 48092000,
    "ebitda": 308376000,
    "ebitdaratio": 0.3724451283,
    "operatingIncome": 260284000,
    "operatingIncomeRatio": 0.3143613893,
    "totalOtherIncomeExpensesNet": 0,
    "incomeBeforeTax": 260284000,
    "incomeBeforeTaxRatio": 0.3143613893,
    "incomeTaxExpense": 73843000,
    "netIncome": 186441000,
    "netIncomeRatio": 0.2251765448,
    "eps": 1.59,
    "epsdiluted": 1.56,
    "weightedAverageShsOut": 116897000,
    "weightedAverageShsOutDil": 119665000,
    "link": "https://www.sec.gov/Archives/edgar/data/36270/000095015204007987/0000950152-04-007987-index.htm",
    "finalLink": "https://www.sec.gov/Archives/edgar/data/36270/000095015204007987/l09969ae10vq.htm"
  },
  {
    "date": "2004-06-30",
    "symbol": "MTB",
    "reportedCurrency": "USD",
    "cik": "0000036270",
    "fillingDate": "2004-07-30",
    "acceptedDate": "2004-07-30 15:46:54",
    "calendarYear": "2004",
    "period": "Q2",
    "revenue": 792935000,
    "costOfRevenue": 156805000,
    "grossProfit": 636130000,
    "grossProfitRatio": 0.8022473469,
    "researchAndDevelopmentExpenses": 0,
    "generalAndAdministrativeExpenses": 202647000,
    "sellingAndMarketingExpenses": 0,
    "sellingGeneralAndAdministrativeExpenses": 202647000,
    "otherExpenses": 154560000,
    "operatingExpenses": 357207000,
    "costAndExpenses": 514012000,
    "interestIncome": 560601000,
    "interestExpense": 126805000,
    "depreciationAndAmortization": 49951000,
    "ebitda": 328874000,
    "ebitdaratio": 0.4147553078,
    "operatingIncome": 278923000,
    "operatingIncomeRatio": 0.3517602326,
    "totalOtherIncomeExpensesNet": 0,
    "incomeBeforeTax": 278923000,
    "incomeBeforeTaxRatio": 0.3517602326,
    "incomeTaxExpense": 94538000,
    "netIncome": 184385000,
    "netIncomeRatio": 0.2325348232,
    "eps": 1.56,
    "epsdiluted": 1.53,
    "weightedAverageShsOut": 118224000,
    "weightedAverageShsOutDil": 120655000,
    "link": "https://www.sec.gov/Archives/edgar/data/36270/000095015204005764/0000950152-04-005764-index.htm",
    "finalLink": "https://www.sec.gov/Archives/edgar/data/36270/000095015204005764/l08656ae10vq.htm"
  },
  {
    "date": "2004-03-31",
    "symbol": "MTB",
    "reportedCurrency": "USD",
    "cik": "0000036270",
    "fillingDate": "2004-05-07",
    "acceptedDate": "2004-05-07 16:14:42",
    "calendarYear": "2004",
    "period": "Q1",
    "revenue": 774283000,
    "costOfRevenue": 146829000,
    "grossProfit": 627454000,
    "grossProfitRatio": 0.8103677854,
    "researchAndDevelopmentExpenses": 0,
    "generalAndAdministrativeExpenses": 200750000,
    "sellingAndMarketingExpenses": 0,
    "sellingGeneralAndAdministrativeExpenses": 200750000,
    "otherExpenses": 189217000,
    "operatingExpenses": 389967000,
    "costAndExpenses": 536796000,
    "interestIncome": 546132000,
    "interestExpense": 126829000,
    "depreciationAndAmortization": 51644000,
    "ebitda": 289131000,
    "ebitdaratio": 0.3734177297,
    "operatingIncome": 237487000,
    "operatingIncomeRatio": 0.3067186029,
    "totalOtherIncomeExpensesNet": 0,
    "incomeBeforeTax": 237487000,
    "incomeBeforeTaxRatio": 0.3067186029,
    "incomeTaxExpense": 77997000,
    "netIncome": 159490000,
    "netIncomeRatio": 0.2059841169,
    "eps": 1.33,
    "epsdiluted": 1.3,
    "weightedAverageShsOut": 119738000,
    "weightedAverageShsOutDil": 122316000,
    "link": "https://www.sec.gov/Archives/edgar/data/36270/000095015204003749/0000950152-04-003749-index.htm",
    "finalLink": "https://www.sec.gov/Archives/edgar/data/36270/000095015204003749/l06896ae10vq.htm"
  },
  {
    "date": "2003-12-31",
    "symbol": "MTB",
    "reportedCurrency": "USD",
    "cik": "0000036270",
    "fillingDate": "2004-02-26",
    "acceptedDate": "2004-02-26 17:07:58",
    "calendarYear": "2003",
    "period": "Q4",
    "revenue": 784230000,
    "costOfRevenue": 157173000,
    "grossProfit": 627057000,
    "grossProfitRatio": 0.7995830305,
    "researchAndDevelopmentExpenses": 0,
    "generalAndAdministrativeExpenses": 196651000,
    "sellingAndMarketingExpenses": 0,
    "sellingGeneralAndAdministrativeExpenses": 196651000,
    "otherExpenses": 181704000,
    "operatingExpenses": 378355000,
    "costAndExpenses": 535528000,
    "interestIncome": 550473000,
    "interestExpense": 129173000,
    "depreciationAndAmortization": 52828000,
    "ebitda": 301530000,
    "ebitdaratio": 0.3844917945,
    "operatingIncome": 248702000,
    "operatingIncomeRatio": 0.3171289035,
    "totalOtherIncomeExpensesNet": 0,
    "incomeBeforeTax": 248702000,
    "incomeBeforeTaxRatio": 0.3171289035,
    "incomeTaxExpense": 81801000,
    "netIncome": 166901000,
    "netIncomeRatio": 0.2128214937,
    "eps": 1.39,
    "epsdiluted": 1.39,
    "weightedAverageShsOut": 119738000,
    "weightedAverageShsOutDil": 119738000,
    "link": "https://www.sec.gov/Archives/edgar/data/36270/000095015204001428/0000950152-04-001428-index.htm",
    "finalLink": "https://www.sec.gov/Archives/edgar/data/36270/000095015204001428/l05919ae10vk.htm"
  },
  {
    "date": "2003-09-30",
    "symbol": "MTB",
    "reportedCurrency": "USD",
    "cik": "0000036270",
    "fillingDate": "2003-11-12",
    "acceptedDate": "2003-11-12 16:55:18",
    "calendarYear": "2003",
    "period": "Q3",
    "revenue": 795731000,
    "costOfRevenue": 167539000,
    "grossProfit": 628192000,
    "grossProfitRatio": 0.7894527171,
    "researchAndDevelopmentExpenses": 0,
    "generalAndAdministrativeExpenses": 214118000,
    "sellingAndMarketingExpenses": 0,
    "sellingGeneralAndAdministrativeExpenses": 214118000,
    "otherExpenses": 182282000,
    "operatingExpenses": 396400000,
    "costAndExpenses": 563939000,
    "interestIncome": 564137000,
    "interestExpense": 133539000,
    "depreciationAndAmortization": 51974000,
    "ebitda": 283766000,
    "ebitdaratio": 0.3566104626,
    "operatingIncome": 231792000,
    "operatingIncomeRatio": 0.2912944198,
    "totalOtherIncomeExpensesNet": 0,
    "incomeBeforeTax": 231792000,
    "incomeBeforeTaxRatio": 0.2912944198,
    "incomeTaxExpense": 75329000,
    "netIncome": 156463000,
    "netIncomeRatio": 0.1966280062,
    "eps": 1.31,
    "epsdiluted": 1.28,
    "weightedAverageShsOut": 119727000,
    "weightedAverageShsOutDil": 122593000,
    "link": "https://www.sec.gov/Archives/edgar/data/36270/000095015203009606/0000950152-03-009606-index.htm",
    "finalLink": "https://www.sec.gov/Archives/edgar/data/36270/000095015203009606/l03479ae10vq.htm"
  },
  {
    "date": "2003-06-30",
    "symbol": "MTB",
    "reportedCurrency": "USD",
    "cik": "0000036270",
    "fillingDate": "2003-08-12",
    "acceptedDate": "2003-08-12 17:10:35",
    "calendarYear": "2003",
    "period": "Q2",
    "revenue": 809293000,
    "costOfRevenue": 181506000,
    "grossProfit": 627787000,
    "grossProfitRatio": 0.7757227605,
    "researchAndDevelopmentExpenses": 0,
    "generalAndAdministrativeExpenses": 205481000,
    "sellingAndMarketingExpenses": 0,
    "sellingGeneralAndAdministrativeExpenses": 205481000,
    "otherExpenses": 225666000,
    "operatingExpenses": 431147000,
    "costAndExpenses": 612653000,
    "interestIncome": 576396000,
    "interestExpense": 145506000,
    "depreciationAndAmortization": 54167000,
    "ebitda": 250807000,
    "ebitdaratio": 0.3099087722,
    "operatingIncome": 196640000,
    "operatingIncomeRatio": 0.2429775125,
    "totalOtherIncomeExpensesNet": 0,
    "incomeBeforeTax": 196640000,
    "incomeBeforeTaxRatio": 0.2429775125,
    "incomeTaxExpense": 62600000,
    "netIncome": 134040000,
    "netIncomeRatio": 0.1656260464,
    "eps": 1.12,
    "epsdiluted": 1.1,
    "weightedAverageShsOut": 119393000,
    "weightedAverageShsOutDil": 122366000,
    "link": "https://www.sec.gov/Archives/edgar/data/36270/000095015203007588/0000950152-03-007588-index.htm",
    "finalLink": "https://www.sec.gov/Archives/edgar/data/36270/000095015203007588/l02011ae10vq.htm"
  },
  {
    "date": "2003-03-31",
    "symbol": "MTB",
    "reportedCurrency": "USD",
    "cik": "0000036270",
    "fillingDate": "2003-05-15",
    "acceptedDate": "2003-05-15 17:34:59",
    "calendarYear": "2003",
    "period": "Q1",
    "revenue": 568406000,
    "costOfRevenue": 152592000,
    "grossProfit": 415814000,
    "grossProfitRatio": 0.731544002,
    "researchAndDevelopmentExpenses": 0,
    "generalAndAdministrativeExpenses": 124074000,
    "sellingAndMarketingExpenses": 0,
    "sellingGeneralAndAdministrativeExpenses": 124074000,
    "otherExpenses": 118204000,
    "operatingExpenses": 242278000,
    "costAndExpenses": 394870000,
    "interestIncome": 435559000,
    "interestExpense": 119592000,
    "depreciationAndAmortization": 32693000,
    "ebitda": 206229000,
    "ebitdaratio": 0.3628198858,
    "operatingIncome": 173536000,
    "operatingIncomeRatio": 0.3053028997,
    "totalOtherIncomeExpensesNet": 0,
    "incomeBeforeTax": 173536000,
    "incomeBeforeTaxRatio": 0.3053028997,
    "incomeTaxExpense": 56998000,
    "netIncome": 116538000,
    "netIncomeRatio": 0.2050259849,
    "eps": 1.26,
    "epsdiluted": 1.23,
    "weightedAverageShsOut": 92399000,
    "weightedAverageShsOutDil": 95062000,
    "link": "https://www.sec.gov/Archives/edgar/data/36270/000095015203005600/0000950152-03-005600-index.htm",
    "finalLink": "https://www.sec.gov/Archives/edgar/data/36270/000095015203005600/l00408ae10vq.htm"
  },
  {
    "date": "2002-12-31",
    "symbol": "MTB",
    "reportedCurrency": "USD",
    "cik": "0000036270",
    "fillingDate": "2003-02-27",
    "acceptedDate": "2003-02-27 17:27:05",
    "calendarYear": "2002",
    "period": "Q4",
    "revenue": 596394000,
    "costOfRevenue": 169358000,
    "grossProfit": 427036000,
    "grossProfitRatio": 0.716030007,
    "researchAndDevelopmentExpenses": 0,
    "generalAndAdministrativeExpenses": 114115000,
    "sellingAndMarketingExpenses": 0,
    "sellingGeneralAndAdministrativeExpenses": 114115000,
    "otherExpenses": 126642000,
    "operatingExpenses": 240757000,
    "costAndExpenses": 410115000,
    "interestIncome": 458216000,
    "interestExpense": 136358000,
    "depreciationAndAmortization": 32326000,
    "ebitda": 218605000,
    "ebitdaratio": 0.3665445997,
    "operatingIncome": 186279000,
    "operatingIncomeRatio": 0.3123421765,
    "totalOtherIncomeExpensesNet": 0,
    "incomeBeforeTax": 186279000,
    "incomeBeforeTaxRatio": 0.3123421765,
    "incomeTaxExpense": 60460000,
    "netIncome": 125819000,
    "netIncomeRatio": 0.2109662404,
    "eps": 1.36,
    "epsdiluted": 1.36,
    "weightedAverageShsOut": 92399000,
    "weightedAverageShsOutDil": 92399000,
    "link": "https://www.sec.gov/Archives/edgar/data/36270/000095012803000281/0000950128-03-000281-index.htm",
    "finalLink": "https://www.sec.gov/Archives/edgar/data/36270/000095012803000281/l99139ae10vk.htm"
  },
  {
    "date": "2002-09-30",
    "symbol": "MTB",
    "reportedCurrency": "USD",
    "cik": "0000036270",
    "fillingDate": "2002-11-14",
    "acceptedDate": "2002-11-14 19:10:15",
    "calendarYear": "2002",
    "period": "Q3",
    "revenue": 589617000,
    "costOfRevenue": 183080000,
    "grossProfit": 406537000,
    "grossProfitRatio": 0.6894933491,
    "researchAndDevelopmentExpenses": 0,
    "generalAndAdministrativeExpenses": 113243000,
    "sellingAndMarketingExpenses": 0,
    "sellingGeneralAndAdministrativeExpenses": 113243000,
    "otherExpenses": 120583000,
    "operatingExpenses": 233826000,
    "costAndExpenses": 416906000,
    "interestIncome": 461271000,
    "interestExpense": 146080000,
    "depreciationAndAmortization": 32605000,
    "ebitda": 205316000,
    "ebitdaratio": 0.3482192678,
    "operatingIncome": 172711000,
    "operatingIncomeRatio": 0.2929206587,
    "totalOtherIncomeExpensesNet": 0,
    "incomeBeforeTax": 172711000,
    "incomeBeforeTaxRatio": 0.2929206587,
    "incomeTaxExpense": 55496000,
    "netIncome": 117215000,
    "netIncomeRatio": 0.1987985421,
    "eps": 1.27,
    "epsdiluted": 1.23,
    "weightedAverageShsOut": 92017000,
    "weightedAverageShsOutDil": 95036000,
    "link": "https://www.sec.gov/Archives/edgar/data/36270/000095015202008534/0000950152-02-008534-index.htm",
    "finalLink": "https://www.sec.gov/Archives/edgar/data/36270/000095015202008534/l96707ae10vq.htm"
  },
  {
    "date": "2002-06-30",
    "symbol": "MTB",
    "reportedCurrency": "USD",
    "cik": "0000036270",
    "fillingDate": "2002-07-31",
    "acceptedDate": "2002-07-31 17:01:07",
    "calendarYear": "2002",
    "period": "Q2",
    "revenue": 582604000,
    "costOfRevenue": 179949000,
    "grossProfit": 402655000,
    "grossProfitRatio": 0.691129824,
    "researchAndDevelopmentExpenses": 0,
    "generalAndAdministrativeExpenses": 115650000,
    "sellingAndMarketingExpenses": 0,
    "sellingGeneralAndAdministrativeExpenses": 115650000,
    "otherExpenses": 107566000,
    "operatingExpenses": 223216000,
    "costAndExpenses": 403165000,
    "interestIncome": 461425000,
    "interestExpense": 151949000,
    "depreciationAndAmortization": 32866000,
    "ebitda": 212305000,
    "ebitdaratio": 0.3644070415,
    "operatingIncome": 179439000,
    "operatingIncomeRatio": 0.3079947958,
    "totalOtherIncomeExpensesNet": 0,
    "incomeBeforeTax": 179439000,
    "incomeBeforeTaxRatio": 0.3079947958,
    "incomeTaxExpense": 57945000,
    "netIncome": 121494000,
    "netIncomeRatio": 0.2085361584,
    "eps": 1.31,
    "epsdiluted": 1.26,
    "weightedAverageShsOut": 92608000,
    "weightedAverageShsOutDil": 96188000,
    "link": "https://www.sec.gov/Archives/edgar/data/36270/000095015202005785/0000950152-02-005785-index.htm",
    "finalLink": "https://www.sec.gov/Archives/edgar/data/36270/000095015202005785/l95416ae10vq.htm"
  },
  {
    "date": "2002-03-31",
    "symbol": "MTB",
    "reportedCurrency": "USD",
    "cik": "0000036270",
    "fillingDate": "2002-05-14",
    "acceptedDate": "2002-05-14 17:16:10",
    "calendarYear": "2002",
    "period": "Q1",
    "revenue": 585415000,
    "costOfRevenue": 184127000,
    "grossProfit": 401288000,
    "grossProfitRatio": 0.6854761152,
    "researchAndDevelopmentExpenses": 0,
    "generalAndAdministrativeExpenses": 123454000,
    "sellingAndMarketingExpenses": 0,
    "sellingGeneralAndAdministrativeExpenses": 123454000,
    "otherExpenses": 109830000,
    "operatingExpenses": 233284000,
    "costAndExpenses": 417411000,
    "interestIncome": 461187000,
    "interestExpense": 160127000,
    "depreciationAndAmortization": 31990000,
    "ebitda": 199994000,
    "ebitdaratio": 0.3416277342,
    "operatingIncome": 168004000,
    "operatingIncomeRatio": 0.2869827387,
    "totalOtherIncomeExpensesNet": 0,
    "incomeBeforeTax": 168004000,
    "incomeBeforeTaxRatio": 0.2869827387,
    "incomeTaxExpense": 54427000,
    "netIncome": 113577000,
    "netIncomeRatio": 0.1940110862,
    "eps": 1.22,
    "epsdiluted": 1.18,
    "weightedAverageShsOut": 93096000,
    "weightedAverageShsOutDil": 96252000,
    "link": "https://www.sec.gov/Archives/edgar/data/36270/000095015202004197/0000950152-02-004197-index.htm",
    "finalLink": "https://www.sec.gov/Archives/edgar/data/36270/000095015202004197/l94048ae10-q.htm"
  },
  {
    "date": "2001-12-31",
    "symbol": "MTB",
    "reportedCurrency": "USD",
    "cik": "0000036270",
    "fillingDate": "2002-02-28",
    "acceptedDate": "2002-02-28 00:00:00",
    "calendarYear": "2001",
    "period": "Q4",
    "revenue": 619409000,
    "costOfRevenue": 219849000,
    "grossProfit": 399560000,
    "grossProfitRatio": 0.6450665069,
    "researchAndDevelopmentExpenses": 0,
    "generalAndAdministrativeExpenses": 110345000,
    "sellingAndMarketingExpenses": 0,
    "sellingGeneralAndAdministrativeExpenses": 110345000,
    "otherExpenses": 133966000,
    "operatingExpenses": 244311000,
    "costAndExpenses": 464160000,
    "interestIncome": 491713000,
    "interestExpense": 186849000,
    "depreciationAndAmortization": 47678000,
    "ebitda": 202927000,
    "ebitdaratio": 0.3276139029,
    "operatingIncome": 155249000,
    "operatingIncomeRatio": 0.2506405299,
    "totalOtherIncomeExpensesNet": 0,
    "incomeBeforeTax": 155249000,
    "incomeBeforeTaxRatio": 0.2506405299,
    "incomeTaxExpense": 53515000,
    "netIncome": 101734000,
    "netIncomeRatio": 0.1642436581,
    "eps": 1.09,
    "epsdiluted": 1.09,
    "weightedAverageShsOut": 93265000,
    "weightedAverageShsOutDil": 93265000,
    "link": "https://www.sec.gov/Archives/edgar/data/36270/000095015202001414/0000950152-02-001414-index.htm",
    "finalLink": "https://www.sec.gov/Archives/edgar/data/36270/000095015202001414/l92906ae10-k.htm"
  },
  {
    "date": "2001-09-30",
    "symbol": "MTB",
    "reportedCurrency": "USD",
    "cik": "0000036270",
    "fillingDate": "2001-11-14",
    "acceptedDate": "2001-11-14 00:00:00",
    "calendarYear": "2001",
    "period": "Q3",
    "revenue": 642136000,
    "costOfRevenue": 255674000,
    "grossProfit": 386462000,
    "grossProfitRatio": 0.6018382399,
    "researchAndDevelopmentExpenses": 0,
    "generalAndAdministrativeExpenses": 109250000,
    "sellingAndMarketingExpenses": 0,
    "sellingGeneralAndAdministrativeExpenses": 109250000,
    "otherExpenses": 126944000,
    "operatingExpenses": 236194000,
    "costAndExpenses": 491868000,
    "interestIncome": 521969000,
    "interestExpense": 227674000,
    "depreciationAndAmortization": 49703000,
    "ebitda": 199971000,
    "ebitdaratio": 0.3114153388,
    "operatingIncome": 150268000,
    "operatingIncomeRatio": 0.2340127325,
    "totalOtherIncomeExpensesNet": 0,
    "incomeBeforeTax": 150268000,
    "incomeBeforeTaxRatio": 0.2340127325,
    "incomeTaxExpense": 52401000,
    "netIncome": 97867000,
    "netIncomeRatio": 0.1524085241,
    "eps": 1.02,
    "epsdiluted": 0.98,
    "weightedAverageShsOut": 96115000,
    "weightedAverageShsOutDil": 99597000,
    "link": "https://www.sec.gov/Archives/edgar/data/36270/000095015201505880/0000950152-01-505880-index.htm",
    "finalLink": "https://www.sec.gov/Archives/edgar/data/36270/000095015201505880/l90984ae10-q.htm"
  },
  {
    "date": "2001-06-30",
    "symbol": "MTB",
    "reportedCurrency": "USD",
    "cik": "0000036270",
    "fillingDate": "2001-08-13",
    "acceptedDate": "2001-08-13 00:00:00",
    "calendarYear": "2001",
    "period": "Q2",
    "revenue": 657461000,
    "costOfRevenue": 276477000,
    "grossProfit": 380984000,
    "grossProfitRatio": 0.5794777181,
    "researchAndDevelopmentExpenses": 0,
    "generalAndAdministrativeExpenses": 109455000,
    "sellingAndMarketingExpenses": 0,
    "sellingGeneralAndAdministrativeExpenses": 109455000,
    "otherExpenses": 123557000,
    "operatingExpenses": 233012000,
    "costAndExpenses": 509489000,
    "interestIncome": 539625000,
    "interestExpense": 252477000,
    "depreciationAndAmortization": 49049000,
    "ebitda": 197021000,
    "ebitdaratio": 0.2996694861,
    "operatingIncome": 147972000,
    "operatingIncomeRatio": 0.2250658214,
    "totalOtherIncomeExpensesNet": 0,
    "incomeBeforeTax": 147972000,
    "incomeBeforeTaxRatio": 0.2250658214,
    "incomeTaxExpense": 53164000,
    "netIncome": 94808000,
    "netIncomeRatio": 0.1442032303,
    "eps": 0.98,
    "epsdiluted": 0.94,
    "weightedAverageShsOut": 97125000,
    "weightedAverageShsOutDil": 100722000,
    "link": "https://www.sec.gov/Archives/edgar/data/36270/000095015201503761/0000950152-01-503761-index.htm",
    "finalLink": "https://www.sec.gov/Archives/edgar/data/36270/000095015201503761/l89733ae10-q.htm"
  },
  {
    "date": "2001-03-31",
    "symbol": "MTB",
    "reportedCurrency": "USD",
    "cik": "0000036270",
    "fillingDate": "2001-05-15",
    "acceptedDate": "2001-05-15 00:00:00",
    "calendarYear": "2001",
    "period": "Q1",
    "revenue": 660305000,
    "costOfRevenue": 295097000,
    "grossProfit": 365208000,
    "grossProfitRatio": 0.55308986,
    "researchAndDevelopmentExpenses": 0,
    "generalAndAdministrativeExpenses": 105887000,
    "sellingAndMarketingExpenses": 0,
    "sellingGeneralAndAdministrativeExpenses": 105887000,
    "otherExpenses": 128914000,
    "operatingExpenses": 234801000,
    "costAndExpenses": 529898000,
    "interestIncome": 548578000,
    "interestExpense": 276597000,
    "depreciationAndAmortization": 47514000,
    "ebitda": 177921000,
    "ebitdaratio": 0.2694527529,
    "operatingIncome": 130407000,
    "operatingIncomeRatio": 0.197495097,
    "totalOtherIncomeExpensesNet": 0,
    "incomeBeforeTax": 130407000,
    "incomeBeforeTaxRatio": 0.197495097,
    "incomeTaxExpense": 46741000,
    "netIncome": 83666000,
    "netIncomeRatio": 0.1267081122,
    "eps": 0.88,
    "epsdiluted": 0.85,
    "weightedAverageShsOut": 95427000,
    "weightedAverageShsOutDil": 98605000,
    "link": "https://www.sec.gov/Archives/edgar/data/36270/000095015201502004/0000950152-01-502004-index.htm",
    "finalLink": "https://www.sec.gov/Archives/edgar/data/36270/000095015201502004/l88353ae10-q.htm"
  },
  {
    "date": "2000-12-31",
    "symbol": "MTB",
    "reportedCurrency": "USD",
    "cik": "0000036270",
    "fillingDate": "2001-03-09",
    "acceptedDate": "2001-03-09 00:00:00",
    "calendarYear": "2000",
    "period": "Q4",
    "revenue": 647364000,
    "costOfRevenue": 300538000,
    "grossProfit": 346826000,
    "grossProfitRatio": 0.5357511385,
    "researchAndDevelopmentExpenses": 0,
    "generalAndAdministrativeExpenses": 99471000,
    "sellingAndMarketingExpenses": 0,
    "sellingGeneralAndAdministrativeExpenses": 99471000,
    "otherExpenses": 134716000,
    "operatingExpenses": 234187000,
    "costAndExpenses": 534725000,
    "interestIncome": 544586000,
    "interestExpense": 286538000,
    "depreciationAndAmortization": 43742000,
    "ebitda": 156381000,
    "ebitdaratio": 0.2415657961,
    "operatingIncome": 112639000,
    "operatingIncomeRatio": 0.1739963915,
    "totalOtherIncomeExpensesNet": 0,
    "incomeBeforeTax": 112639000,
    "incomeBeforeTaxRatio": 0.1739963915,
    "incomeTaxExpense": 40672000,
    "netIncome": 71967000,
    "netIncomeRatio": 0.1111692958,
    "eps": 0.75,
    "epsdiluted": 0.75,
    "weightedAverageShsOut": 91939000,
    "weightedAverageShsOutDil": 95427000,
    "link": "https://www.sec.gov/Archives/edgar/data/36270/000095015201500250/0000950152-01-500250-index.htm",
    "finalLink": "https://www.sec.gov/Archives/edgar/data/36270/000095015201500250/l86788ae10-k.htm"
  },
  {
    "date": "2000-09-30",
    "symbol": "MTB",
    "reportedCurrency": "USD",
    "cik": "0000036270",
    "fillingDate": "2000-11-14",
    "acceptedDate": "2000-11-14 00:00:00",
    "calendarYear": "2000",
    "period": "Q3",
    "revenue": 498394000,
    "costOfRevenue": 228622000,
    "grossProfit": 269772000,
    "grossProfitRatio": 0.5412825997,
    "researchAndDevelopmentExpenses": 0,
    "generalAndAdministrativeExpenses": 76099000,
    "sellingAndMarketingExpenses": 0,
    "sellingGeneralAndAdministrativeExpenses": 76099000,
    "otherExpenses": 77860000,
    "operatingExpenses": 153959000,
    "costAndExpenses": 382581000,
    "interestIncome": 421880000,
    "interestExpense": 219622000,
    "depreciationAndAmortization": 27362000,
    "ebitda": 143175000,
    "ebitdaratio": 0.28727272,
    "operatingIncome": 115813000,
    "operatingIncomeRatio": 0.2323723801,
    "totalOtherIncomeExpensesNet": 0,
    "incomeBeforeTax": 115813000,
    "incomeBeforeTaxRatio": 0.2323723801,
    "incomeTaxExpense": 41397000,
    "netIncome": 74416000,
    "netIncomeRatio": 0.1493115888,
    "eps": 0.97,
    "epsdiluted": 0.94,
    "weightedAverageShsOut": 76748000,
    "weightedAverageShsOutDil": 79417000,
    "link": "https://www.sec.gov/Archives/edgar/data/36270/000095015200008026/0000950152-00-008026-index.htm",
    "finalLink": "https://www.sec.gov/Archives/edgar/data/36270/000095015200008026/l84610ae10-q.htm"
  },
  {
    "date": "2000-06-30",
    "symbol": "MTB",
    "reportedCurrency": "USD",
    "cik": "0000036270",
    "fillingDate": "2000-08-10",
    "acceptedDate": "2000-08-10 00:00:00",
    "calendarYear": "2000",
    "period": "Q2",
    "revenue": 480842000,
    "costOfRevenue": 214706000,
    "grossProfit": 266136000,
    "grossProfitRatio": 0.5534791054,
    "researchAndDevelopmentExpenses": 0,
    "generalAndAdministrativeExpenses": 76938000,
    "sellingAndMarketingExpenses": 0,
    "sellingGeneralAndAdministrativeExpenses": 76938000,
    "otherExpenses": 78772000,
    "operatingExpenses": 155710000,
    "costAndExpenses": 370416000,
    "interestIncome": 407460000,
    "interestExpense": 208706000,
    "depreciationAndAmortization": 26799000,
    "ebitda": 137225000,
    "ebitdaratio": 0.2853848042,
    "operatingIncome": 110426000,
    "operatingIncomeRatio": 0.22965132,
    "totalOtherIncomeExpensesNet": 0,
    "incomeBeforeTax": 110426000,
    "incomeBeforeTaxRatio": 0.22965132,
    "incomeTaxExpense": 38888000,
    "netIncome": 71538000,
    "netIncomeRatio": 0.1487765212,
    "eps": 0.93,
    "epsdiluted": 0.91,
    "weightedAverageShsOut": 76630000,
    "weightedAverageShsOutDil": 78880000,
    "link": "https://www.sec.gov/Archives/edgar/data/36270/000095015200005830/0000950152-00-005830-index.htm",
    "finalLink": "https://www.sec.gov/Archives/edgar/data/36270/000095015200005830/e10-q.htm"
  },
  {
    "date": "2000-03-31",
    "symbol": "MTB",
    "reportedCurrency": "USD",
    "cik": "0000036270",
    "fillingDate": "2000-05-01",
    "acceptedDate": "2000-05-01 00:00:00",
    "calendarYear": "2000",
    "period": "Q1",
    "revenue": 470856000,
    "costOfRevenue": 212731000,
    "grossProfit": 258125000,
    "grossProfitRatio": 0.5482036971,
    "researchAndDevelopmentExpenses": 0,
    "generalAndAdministrativeExpenses": 76701000,
    "sellingAndMarketingExpenses": 0,
    "sellingGeneralAndAdministrativeExpenses": 76701000,
    "otherExpenses": 73896000,
    "operatingExpenses": 150597000,
    "costAndExpenses": 363328000,
    "interestIncome": 398858000,
    "interestExpense": 203731000,
    "depreciationAndAmortization": 26229000,
    "ebitda": 133757000,
    "ebitdaratio": 0.284071988,
    "operatingIncome": 107528000,
    "operatingIncomeRatio": 0.2283670591,
    "totalOtherIncomeExpensesNet": 0,
    "incomeBeforeTax": 107528000,
    "incomeBeforeTaxRatio": 0.2283670591,
    "incomeTaxExpense": 39293000,
    "netIncome": 68235000,
    "netIncomeRatio": 0.1449169173,
    "eps": 0.89,
    "epsdiluted": 0.86,
    "weightedAverageShsOut": 77110000,
    "weightedAverageShsOutDil": 79220000,
    "link": "https://www.sec.gov/Archives/edgar/data/36270/000095015200003383/0000950152-00-003383-index.html",
    "finalLink": "https://www.sec.gov/Archives/edgar/data/36270/000095015200003383/0000950152-00-003383-d1.html"
  },
  {
    "date": "1999-12-31",
    "symbol": "MTB",
    "reportedCurrency": "USD",
    "cik": "0000036270",
    "fillingDate": "2000-02-25",
    "acceptedDate": "2000-02-25 00:00:00",
    "calendarYear": "1999",
    "period": "Q4",
    "revenue": 460000000,
    "costOfRevenue": 206700000,
    "grossProfit": 253300000,
    "grossProfitRatio": 0.5506521739,
    "researchAndDevelopmentExpenses": 0,
    "generalAndAdministrativeExpenses": 73400000,
    "sellingAndMarketingExpenses": 0,
    "sellingGeneralAndAdministrativeExpenses": 73400000,
    "otherExpenses": 75700000,
    "operatingExpenses": 149100000,
    "costAndExpenses": 355800000,
    "interestIncome": 389600000,
    "interestExpense": 192700000,
    "depreciationAndAmortization": 26700000,
    "ebitda": 130900000,
    "ebitdaratio": 0.2845652174,
    "operatingIncome": 104200000,
    "operatingIncomeRatio": 0.2265217391,
    "totalOtherIncomeExpensesNet": 0,
    "incomeBeforeTax": 104200000,
    "incomeBeforeTaxRatio": 0.2265217391,
    "incomeTaxExpense": 38100000,
    "netIncome": 66100000,
    "netIncomeRatio": 0.1436956522,
    "eps": 0.86,
    "epsdiluted": 0.86,
    "weightedAverageShsOut": 77110000,
    "weightedAverageShsOutDil": 77110000,
    "link": "https://www.sec.gov/Archives/edgar/data/36270/000091205700008501/0000912057-00-008501-index.html",
    "finalLink": "https://www.sec.gov/Archives/edgar/data/36270/000091205700008501/0000912057-00-008501.txt"
  },
  {
    "date": "1999-09-30",
    "symbol": "MTB",
    "reportedCurrency": "USD",
    "cik": "0000036270",
    "fillingDate": "1999-11-12",
    "acceptedDate": "1999-11-12 00:00:00",
    "calendarYear": "1999",
    "period": "Q3",
    "revenue": 445600000,
    "costOfRevenue": 193500000,
    "grossProfit": 252100000,
    "grossProfitRatio": 0.5657540395,
    "researchAndDevelopmentExpenses": 0,
    "generalAndAdministrativeExpenses": 71600000,
    "sellingAndMarketingExpenses": 0,
    "sellingGeneralAndAdministrativeExpenses": 71600000,
    "otherExpenses": 73300000,
    "operatingExpenses": 144900000,
    "costAndExpenses": 338400000,
    "interestIncome": 373100000,
    "interestExpense": 180000000,
    "depreciationAndAmortization": 24400000,
    "ebitda": 131600000,
    "ebitdaratio": 0.2953321364,
    "operatingIncome": 107200000,
    "operatingIncomeRatio": 0.2405745063,
    "totalOtherIncomeExpensesNet": 0,
    "incomeBeforeTax": 107200000,
    "incomeBeforeTaxRatio": 0.2405745063,
    "incomeTaxExpense": 39600000,
    "netIncome": 67600000,
    "netIncomeRatio": 0.1517055655,
    "eps": 0.86,
    "epsdiluted": 0.83,
    "weightedAverageShsOut": 78021000,
    "weightedAverageShsOutDil": 81012000,
    "link": "https://www.sec.gov/Archives/edgar/data/36270/000091205799005336/0000912057-99-005336-index.html",
    "finalLink": "https://www.sec.gov/Archives/edgar/data/36270/000091205799005336/"
  },
  {
    "date": "1999-06-30",
    "symbol": "MTB",
    "reportedCurrency": "USD",
    "cik": "0000036270",
    "fillingDate": "1999-08-13",
    "acceptedDate": "1999-08-13 00:00:00",
    "calendarYear": "1999",
    "period": "Q2",
    "revenue": 426206000,
    "costOfRevenue": 179800000,
    "grossProfit": 246406000,
    "grossProfitRatio": 0.5781382712,
    "researchAndDevelopmentExpenses": 0,
    "generalAndAdministrativeExpenses": 71400000,
    "sellingAndMarketingExpenses": 0,
    "sellingGeneralAndAdministrativeExpenses": 71400000,
    "otherExpenses": 74206000,
    "operatingExpenses": 145606000,
    "costAndExpenses": 325406000,
    "interestIncome": 359400000,
    "interestExpense": 171300000,
    "depreciationAndAmortization": 23100000,
    "ebitda": 123900000,
    "ebitdaratio": 0.290704495,
    "operatingIncome": 100800000,
    "operatingIncomeRatio": 0.2365053519,
    "totalOtherIncomeExpensesNet": 0,
    "incomeBeforeTax": 100800000,
    "incomeBeforeTaxRatio": 0.2365053519,
    "incomeTaxExpense": 35800000,
    "netIncome": 65000000,
    "netIncomeRatio": 0.1525084114,
    "eps": 0.84,
    "epsdiluted": 0.8,
    "weightedAverageShsOut": 77381000,
    "weightedAverageShsOutDil": 81250000,
    "link": "https://www.sec.gov/Archives/edgar/data/36270/000104746999031886/0001047469-99-031886-index.html",
    "finalLink": "https://www.sec.gov/Archives/edgar/data/36270/000104746999031886/"
  },
  {
    "date": "1999-03-31",
    "symbol": "MTB",
    "reportedCurrency": "USD",
    "cik": "0000036270",
    "fillingDate": "1999-05-14",
    "acceptedDate": "1999-05-14 00:00:00",
    "calendarYear": "1999",
    "period": "Q1",
    "revenue": 429261000,
    "costOfRevenue": 183745000,
    "grossProfit": 245516000,
    "grossProfitRatio": 0.5719503985,
    "researchAndDevelopmentExpenses": 0,
    "generalAndAdministrativeExpenses": 68400000,
    "sellingAndMarketingExpenses": 0,
    "sellingGeneralAndAdministrativeExpenses": 68400000,
    "otherExpenses": 71016000,
    "operatingExpenses": 139416000,
    "costAndExpenses": 323161000,
    "interestIncome": 356545000,
    "interestExpense": 175245000,
    "depreciationAndAmortization": 22800000,
    "ebitda": 128900000,
    "ebitdaratio": 0.3002835105,
    "operatingIncome": 106100000,
    "operatingIncomeRatio": 0.2471689718,
    "totalOtherIncomeExpensesNet": 0,
    "incomeBeforeTax": 106100000,
    "incomeBeforeTaxRatio": 0.2471689718,
    "incomeTaxExpense": 39200000,
    "netIncome": 66900000,
    "netIncomeRatio": 0.1558492386,
    "eps": 0.87,
    "epsdiluted": 0.83,
    "weightedAverageShsOut": 76897000,
    "weightedAverageShsOutDil": 80602000,
    "link": "https://www.sec.gov/Archives/edgar/data/36270/000104746999020641/0001047469-99-020641-index.html",
    "finalLink": "https://www.sec.gov/Archives/edgar/data/36270/0001047469-99-020641.txt"
  },
  {
    "date": "1998-12-31",
    "symbol": "MTB",
    "reportedCurrency": "USD",
    "cik": "0000036270",
    "fillingDate": "1999-03-19",
    "acceptedDate": "1999-03-19 00:00:00",
    "calendarYear": "1998",
    "period": "Q4",
    "revenue": 423600000,
    "costOfRevenue": 190900000,
    "grossProfit": 232700000,
    "grossProfitRatio": 0.5493389991,
    "researchAndDevelopmentExpenses": 0,
    "generalAndAdministrativeExpenses": 67700000,
    "sellingAndMarketingExpenses": 0,
    "sellingGeneralAndAdministrativeExpenses": 67700000,
    "otherExpenses": 71000000,
    "operatingExpenses": 138700000,
    "costAndExpenses": 329600000,
    "interestIncome": 356400000,
    "interestExpense": 183400000,
    "depreciationAndAmortization": 22400000,
    "ebitda": 116400000,
    "ebitdaratio": 0.2747875354,
    "operatingIncome": 94000000,
    "operatingIncomeRatio": 0.2219074599,
    "totalOtherIncomeExpensesNet": 0,
    "incomeBeforeTax": 94000000,
    "incomeBeforeTaxRatio": 0.2219074599,
    "incomeTaxExpense": 36100000,
    "netIncome": 57900000,
    "netIncomeRatio": 0.1366855524,
    "eps": 0.75,
    "epsdiluted": 0.75,
    "weightedAverageShsOut": 76897000,
    "weightedAverageShsOutDil": 76897000,
    "link": "https://www.sec.gov/Archives/edgar/data/36270/000104746999010544/0001047469-99-010544-index.html",
    "finalLink": "https://www.sec.gov/Archives/edgar/data/36270/0001047469-99-010544.txt"
  },
  {
    "date": "1998-09-30",
    "symbol": "MTB",
    "reportedCurrency": "USD",
    "cik": "0000036270",
    "fillingDate": "1998-11-13",
    "acceptedDate": "1998-11-13 00:00:00",
    "calendarYear": "1998",
    "period": "Q3",
    "revenue": 424200000,
    "costOfRevenue": 195500000,
    "grossProfit": 228700000,
    "grossProfitRatio": 0.5391324847,
    "researchAndDevelopmentExpenses": 0,
    "generalAndAdministrativeExpenses": 63500000,
    "sellingAndMarketingExpenses": 0,
    "sellingGeneralAndAdministrativeExpenses": 63500000,
    "otherExpenses": 75000000,
    "operatingExpenses": 138500000,
    "costAndExpenses": 334000000,
    "interestIncome": 360200000,
    "interestExpense": 185000000,
    "depreciationAndAmortization": 22900000,
    "ebitda": 113100000,
    "ebitdaratio": 0.2666195191,
    "operatingIncome": 90200000,
    "operatingIncomeRatio": 0.2126355493,
    "totalOtherIncomeExpensesNet": 0,
    "incomeBeforeTax": 90200000,
    "incomeBeforeTaxRatio": 0.2126355493,
    "incomeTaxExpense": 33700000,
    "netIncome": 56500000,
    "netIncomeRatio": 0.1331918906,
    "eps": 0.71,
    "epsdiluted": 0.68,
    "weightedAverageShsOut": 79577000,
    "weightedAverageShsOutDil": 83088000,
    "link": "https://www.sec.gov/Archives/edgar/data/36270/000104746998040843/0001047469-98-040843-index.html",
    "finalLink": "https://www.sec.gov/Archives/edgar/data/36270/0001047469-98-040843.txt"
  },
  {
    "date": "1998-06-30",
    "symbol": "MTB",
    "reportedCurrency": "USD",
    "cik": "0000036270",
    "fillingDate": "1998-08-13",
    "acceptedDate": "1998-08-13 00:00:00",
    "calendarYear": "1998",
    "period": "Q2",
    "revenue": 428200000,
    "costOfRevenue": 197900000,
    "grossProfit": 230300000,
    "grossProfitRatio": 0.5378327884,
    "researchAndDevelopmentExpenses": 0,
    "generalAndAdministrativeExpenses": 69900000,
    "sellingAndMarketingExpenses": 0,
    "sellingGeneralAndAdministrativeExpenses": 69900000,
    "otherExpenses": 85100000,
    "operatingExpenses": 155000000,
    "costAndExpenses": 352900000,
    "interestIncome": 363100000,
    "interestExpense": 184700000,
    "depreciationAndAmortization": 22800000,
    "ebitda": 98100000,
    "ebitdaratio": 0.2290985521,
    "operatingIncome": 75300000,
    "operatingIncomeRatio": 0.1758524054,
    "totalOtherIncomeExpensesNet": 0,
    "incomeBeforeTax": 75300000,
    "incomeBeforeTaxRatio": 0.1758524054,
    "incomeTaxExpense": 30600000,
    "netIncome": 44700000,
    "netIncomeRatio": 0.1043904717,
    "eps": 0.56,
    "epsdiluted": 0.53,
    "weightedAverageShsOut": 79821000,
    "weightedAverageShsOutDil": 84340000,
    "link": "https://www.sec.gov/Archives/edgar/data/36270/000104746998031118/0001047469-98-031118-index.html",
    "finalLink": "https://www.sec.gov/Archives/edgar/data/36270/0001047469-98-031118.txt"
  },
  {
    "date": "1998-03-31",
    "symbol": "MTB",
    "reportedCurrency": "USD",
    "cik": "0000036270",
    "fillingDate": "1998-05-15",
    "acceptedDate": "1998-05-15 00:00:00",
    "calendarYear": "1998",
    "period": "Q1",
    "revenue": 346700000,
    "costOfRevenue": 146600000,
    "grossProfit": 200100000,
    "grossProfitRatio": 0.5771560427,
    "researchAndDevelopmentExpenses": 0,
    "generalAndAdministrativeExpenses": 58300000,
    "sellingAndMarketingExpenses": 0,
    "sellingGeneralAndAdministrativeExpenses": 58300000,
    "otherExpenses": 75600000,
    "operatingExpenses": 133900000,
    "costAndExpenses": 280500000,
    "interestIncome": 277800000,
    "interestExpense": 134600000,
    "depreciationAndAmortization": 11500000,
    "ebitda": 77700000,
    "ebitdaratio": 0.2241130661,
    "operatingIncome": 66200000,
    "operatingIncomeRatio": 0.1909431785,
    "totalOtherIncomeExpensesNet": 0,
    "incomeBeforeTax": 66200000,
    "incomeBeforeTaxRatio": 0.1909431785,
    "incomeTaxExpense": 17200000,
    "netIncome": 49000000,
    "netIncomeRatio": 0.1413325642,
    "eps": 0.73,
    "epsdiluted": 0.7,
    "weightedAverageShsOut": 67123000,
    "weightedAverageShsOutDil": 70000000,
    "link": "https://www.sec.gov/Archives/edgar/data/36270/000100547798001689/0001005477-98-001689-index.html",
    "finalLink": "https://www.sec.gov/Archives/edgar/data/36270/0001005477-98-001689.txt"
  },
  {
    "date": "1997-12-31",
    "symbol": "MTB",
    "reportedCurrency": "USD",
    "cik": "0000036270",
    "fillingDate": "1998-03-16",
    "acceptedDate": "1998-03-16 00:00:00",
    "calendarYear": "1997",
    "period": "Q4",
    "revenue": 328600000,
    "costOfRevenue": 145300000,
    "grossProfit": 183300000,
    "grossProfitRatio": 0.557821059,
    "researchAndDevelopmentExpenses": 0,
    "generalAndAdministrativeExpenses": 54600000,
    "sellingAndMarketingExpenses": 0,
    "sellingGeneralAndAdministrativeExpenses": 54600000,
    "otherExpenses": 56200000,
    "operatingExpenses": 110800000,
    "costAndExpenses": 256100000,
    "interestIncome": 275600000,
    "interestExpense": 133300000,
    "depreciationAndAmortization": 16600000,
    "ebitda": 89100000,
    "ebitdaratio": 0.2711503348,
    "operatingIncome": 72500000,
    "operatingIncomeRatio": 0.2206329884,
    "totalOtherIncomeExpensesNet": 0,
    "incomeBeforeTax": 72500000,
    "incomeBeforeTaxRatio": 0.2206329884,
    "incomeTaxExpense": 26200000,
    "netIncome": 46300000,
    "netIncomeRatio": 0.1409007912,
    "eps": 0.69,
    "epsdiluted": 0.69,
    "weightedAverageShsOut": 66136000,
    "weightedAverageShsOutDil": 67123000,
    "link": "https://www.sec.gov/Archives/edgar/data/36270/000104746998010018/0001047469-98-010018-index.html",
    "finalLink": "https://www.sec.gov/Archives/edgar/data/36270/"
  },
  {
    "date": "1997-09-30",
    "symbol": "MTB",
    "reportedCurrency": "USD",
    "cik": "0000036270",
    "fillingDate": "1997-10-27",
    "acceptedDate": "1997-10-27 00:00:00",
    "calendarYear": "1997",
    "period": "Q3",
    "revenue": 319900000,
    "costOfRevenue": 141800000,
    "grossProfit": 178100000,
    "grossProfitRatio": 0.5567364802,
    "researchAndDevelopmentExpenses": 0,
    "generalAndAdministrativeExpenses": 56300000,
    "sellingAndMarketingExpenses": 0,
    "sellingGeneralAndAdministrativeExpenses": 56300000,
    "otherExpenses": 48400000,
    "operatingExpenses": 104700000,
    "costAndExpenses": 246500000,
    "interestIncome": 269700000,
    "interestExpense": 129800000,
    "depreciationAndAmortization": 8700000,
    "ebitda": 82100000,
    "ebitdaratio": 0.2566427008,
    "operatingIncome": 73400000,
    "operatingIncomeRatio": 0.2294467021,
    "totalOtherIncomeExpensesNet": 0,
    "incomeBeforeTax": 73400000,
    "incomeBeforeTaxRatio": 0.2294467021,
    "incomeTaxExpense": 27500000,
    "netIncome": 45900000,
    "netIncomeRatio": 0.1434823382,
    "eps": 0.7,
    "epsdiluted": 0.66,
    "weightedAverageShsOut": 65571000,
    "weightedAverageShsOutDil": 69545000,
    "link": "https://www.sec.gov/Archives/edgar/data/36270/000100547797002384/0001005477-97-002384-index.html",
    "finalLink": "https://www.sec.gov/Archives/edgar/data/36270/0001005477-97-002384.txt"
  },
  {
    "date": "1997-06-30",
    "symbol": "MTB",
    "reportedCurrency": "USD",
    "cik": "0000036270",
    "fillingDate": "1997-08-07",
    "acceptedDate": "1997-08-07 00:00:00",
    "calendarYear": "1997",
    "period": "Q2",
    "revenue": 307900000,
    "costOfRevenue": 136700000,
    "grossProfit": 171200000,
    "grossProfitRatio": 0.5560246833,
    "researchAndDevelopmentExpenses": 0,
    "generalAndAdministrativeExpenses": 53600000,
    "sellingAndMarketingExpenses": 0,
    "sellingGeneralAndAdministrativeExpenses": 53600000,
    "otherExpenses": 48500000,
    "operatingExpenses": 102100000,
    "costAndExpenses": 238800000,
    "interestIncome": 263900000,
    "interestExpense": 125700000,
    "depreciationAndAmortization": 8700000,
    "ebitda": 77800000,
    "ebitdaratio": 0.2526794414,
    "operatingIncome": 69100000,
    "operatingIncomeRatio": 0.2244235141,
    "totalOtherIncomeExpensesNet": 0,
    "incomeBeforeTax": 69100000,
    "incomeBeforeTaxRatio": 0.2244235141,
    "incomeTaxExpense": 26300000,
    "netIncome": 42800000,
    "netIncomeRatio": 0.1390061708,
    "eps": 0.65,
    "epsdiluted": 0.62,
    "weightedAverageShsOut": 65846000,
    "weightedAverageShsOutDil": 69032000,
    "link": "https://www.sec.gov/Archives/edgar/data/36270/000091205797026380/0000912057-97-026380-index.html",
    "finalLink": "https://www.sec.gov/Archives/edgar/data/36270/0000912057-97-026380.txt"
  },
  {
    "date": "1997-03-31",
    "symbol": "MTB",
    "reportedCurrency": "USD",
    "cik": "0000036270",
    "fillingDate": "1997-05-15",
    "acceptedDate": "1997-05-15 00:00:00",
    "calendarYear": "1997",
    "period": "Q1",
    "revenue": 301700000,
    "costOfRevenue": 130400000,
    "grossProfit": 171300000,
    "grossProfitRatio": 0.5677825655,
    "researchAndDevelopmentExpenses": 0,
    "generalAndAdministrativeExpenses": 55600000,
    "sellingAndMarketingExpenses": 0,
    "sellingGeneralAndAdministrativeExpenses": 55600000,
    "otherExpenses": 48600000,
    "operatingExpenses": 104200000,
    "costAndExpenses": 234600000,
    "interestIncome": 255800000,
    "interestExpense": 119400000,
    "depreciationAndAmortization": 8400000,
    "ebitda": 75500000,
    "ebitdaratio": 0.2502485913,
    "operatingIncome": 67100000,
    "operatingIncomeRatio": 0.2224063639,
    "totalOtherIncomeExpensesNet": 0,
    "incomeBeforeTax": 67100000,
    "incomeBeforeTaxRatio": 0.2224063639,
    "incomeTaxExpense": 25800000,
    "netIncome": 41300000,
    "netIncomeRatio": 0.1368909513,
    "eps": 0.62,
    "epsdiluted": 0.58,
    "weightedAverageShsOut": 66613000,
    "weightedAverageShsOutDil": 71207000,
    "link": "https://www.sec.gov/Archives/edgar/data/36270/000091205797017990/0000912057-97-017990-index.html",
    "finalLink": "https://www.sec.gov/Archives/edgar/data/36270/0000912057-97-017990.txt"
  },
  {
    "date": "1996-12-31",
    "symbol": "MTB",
    "reportedCurrency": "USD",
    "cik": "0000036270",
    "fillingDate": "1997-03-18",
    "acceptedDate": "1997-03-18 00:00:00",
    "calendarYear": "1996",
    "period": "Q4",
    "revenue": 303500000,
    "costOfRevenue": 130700000,
    "grossProfit": 172800000,
    "grossProfitRatio": 0.5693574959,
    "researchAndDevelopmentExpenses": 0,
    "generalAndAdministrativeExpenses": 54500000,
    "sellingAndMarketingExpenses": 0,
    "sellingGeneralAndAdministrativeExpenses": 54500000,
    "otherExpenses": 52600000,
    "operatingExpenses": 107100000,
    "costAndExpenses": 237800000,
    "interestIncome": 255900000,
    "interestExpense": 119300000,
    "depreciationAndAmortization": 7000000,
    "ebitda": 72700000,
    "ebitdaratio": 0.239538715,
    "operatingIncome": 65700000,
    "operatingIncomeRatio": 0.2164744646,
    "totalOtherIncomeExpensesNet": 0,
    "incomeBeforeTax": 65700000,
    "incomeBeforeTaxRatio": 0.2164744646,
    "incomeTaxExpense": 25300000,
    "netIncome": 40400000,
    "netIncomeRatio": 0.1331136738,
    "eps": 0.61,
    "epsdiluted": 0.61,
    "weightedAverageShsOut": 66613000,
    "weightedAverageShsOutDil": 66613000,
    "link": "https://www.sec.gov/Archives/edgar/data/36270/000091205797009154/0000912057-97-009154-index.html",
    "finalLink": "https://www.sec.gov/Archives/edgar/data/36270/0000912057-97-009154.txt"
  },
  {
    "date": "1996-09-30",
    "symbol": "MTB",
    "reportedCurrency": "USD",
    "cik": "0000036270",
    "fillingDate": "1996-09-30",
    "acceptedDate": "1996-09-30 00:00:00",
    "calendarYear": "1996",
    "period": "Q3",
    "revenue": 295000000,
    "costOfRevenue": 128400000,
    "grossProfit": 166600000,
    "grossProfitRatio": 0.5647457627,
    "researchAndDevelopmentExpenses": 0,
    "generalAndAdministrativeExpenses": 52500000,
    "sellingAndMarketingExpenses": 0,
    "sellingGeneralAndAdministrativeExpenses": 52500000,
    "otherExpenses": 55100000,
    "operatingExpenses": 107600000,
    "costAndExpenses": 236000000,
    "interestIncome": 250100000,
    "interestExpense": 117900000,
    "depreciationAndAmortization": 8000000,
    "ebitda": 67000000,
    "ebitdaratio": 0.2271186441,
    "operatingIncome": 59000000,
    "operatingIncomeRatio": 0.2,
    "totalOtherIncomeExpensesNet": 0,
    "incomeBeforeTax": 59000000,
    "incomeBeforeTaxRatio": 0.2,
    "incomeTaxExpense": 23100000,
    "netIncome": 35900000,
    "netIncomeRatio": 0.1216949153,
    "eps": 0.53,
    "epsdiluted": 0.51,
    "weightedAverageShsOut": 67736000,
    "weightedAverageShsOutDil": 70392000,
    "link": "",
    "finalLink": ""
  },
  {
    "date": "1996-06-30",
    "symbol": "MTB",
    "reportedCurrency": "USD",
    "cik": "0000036270",
    "fillingDate": "1996-08-12",
    "acceptedDate": "1996-08-12 00:00:00",
    "calendarYear": "1996",
    "period": "Q2",
    "revenue": 289100000,
    "costOfRevenue": 126700000,
    "grossProfit": 162400000,
    "grossProfitRatio": 0.5617433414,
    "researchAndDevelopmentExpenses": 0,
    "generalAndAdministrativeExpenses": 49100000,
    "sellingAndMarketingExpenses": 0,
    "sellingGeneralAndAdministrativeExpenses": 49100000,
    "otherExpenses": 48800000,
    "operatingExpenses": 97900000,
    "costAndExpenses": 224600000,
    "interestIncome": 247600000,
    "interestExpense": 115000000,
    "depreciationAndAmortization": 7600000,
    "ebitda": 72100000,
    "ebitdaratio": 0.2493946731,
    "operatingIncome": 64500000,
    "operatingIncomeRatio": 0.2231061916,
    "totalOtherIncomeExpensesNet": 0,
    "incomeBeforeTax": 64500000,
    "incomeBeforeTaxRatio": 0.2231061916,
    "incomeTaxExpense": 25800000,
    "netIncome": 38700000,
    "netIncomeRatio": 0.133863715,
    "eps": 0.57,
    "epsdiluted": 0.54,
    "weightedAverageShsOut": 67895000,
    "weightedAverageShsOutDil": 71667000,
    "link": "https://www.sec.gov/Archives/edgar/data/36270/000095014696001363/0000950146-96-001363-index.html",
    "finalLink": "https://www.sec.gov/Archives/edgar/data/36270/0000950146-96-001363.txt"
  },
  {
    "date": "1996-03-31",
    "symbol": "MTB",
    "reportedCurrency": "USD",
    "cik": "0000036270",
    "fillingDate": "1996-05-14",
    "acceptedDate": "1996-05-14 00:00:00",
    "calendarYear": "1996",
    "period": "Q1",
    "revenue": 280100000,
    "costOfRevenue": 123900000,
    "grossProfit": 156200000,
    "grossProfitRatio": 0.5576579793,
    "researchAndDevelopmentExpenses": 0,
    "generalAndAdministrativeExpenses": 52100000,
    "sellingAndMarketingExpenses": 0,
    "sellingGeneralAndAdministrativeExpenses": 52100000,
    "otherExpenses": 44200000,
    "operatingExpenses": 96300000,
    "costAndExpenses": 220200000,
    "interestIncome": 243800000,
    "interestExpense": 114200000,
    "depreciationAndAmortization": 7400000,
    "ebitda": 67300000,
    "ebitdaratio": 0.2402713317,
    "operatingIncome": 59900000,
    "operatingIncomeRatio": 0.2138521956,
    "totalOtherIncomeExpensesNet": 0,
    "incomeBeforeTax": 59900000,
    "incomeBeforeTaxRatio": 0.2138521956,
    "incomeTaxExpense": 23700000,
    "netIncome": 36200000,
    "netIncomeRatio": 0.1292395573,
    "eps": 0.55,
    "epsdiluted": 0.5,
    "weightedAverageShsOut": 64182000,
    "weightedAverageShsOutDil": 70600000,
    "link": "https://www.sec.gov/Archives/edgar/data/36270/000095014696000747/0000950146-96-000747-index.html",
    "finalLink": "https://www.sec.gov/Archives/edgar/data/36270/0000950146-96-000747.txt"
  },
  {
    "date": "1995-12-31",
    "symbol": "MTB",
    "reportedCurrency": "USD",
    "cik": "0000036270",
    "fillingDate": "1996-03-15",
    "acceptedDate": "1996-03-15 00:00:00",
    "calendarYear": "1995",
    "period": "Q4",
    "revenue": 286500000,
    "costOfRevenue": 128900000,
    "grossProfit": 157600000,
    "grossProfitRatio": 0.55008726,
    "researchAndDevelopmentExpenses": 0,
    "generalAndAdministrativeExpenses": 48200000,
    "sellingAndMarketingExpenses": 0,
    "sellingGeneralAndAdministrativeExpenses": 48200000,
    "otherExpenses": 48700000,
    "operatingExpenses": 96900000,
    "costAndExpenses": 225800000,
    "interestIncome": 241700000,
    "interestExpense": 116800000,
    "depreciationAndAmortization": 11400000,
    "ebitda": 72100000,
    "ebitdaratio": 0.2516579407,
    "operatingIncome": 60700000,
    "operatingIncomeRatio": 0.2118673647,
    "totalOtherIncomeExpensesNet": 0,
    "incomeBeforeTax": 60700000,
    "incomeBeforeTaxRatio": 0.2118673647,
    "incomeTaxExpense": 23900000,
    "netIncome": 36800000,
    "netIncomeRatio": 0.1284467714,
    "eps": 0.57,
    "epsdiluted": 0.57,
    "weightedAverageShsOut": 64182000,
    "weightedAverageShsOutDil": 64182000,
    "link": "https://www.sec.gov/Archives/edgar/data/36270/000095014696000453/0000950146-96-000453-index.html",
    "finalLink": "https://www.sec.gov/Archives/edgar/data/36270/0000950146-96-000453.txt"
  },
  {
    "date": "1995-09-30",
    "symbol": "MTB",
    "reportedCurrency": "USD",
    "cik": "0000036270",
    "fillingDate": "1995-11-14",
    "acceptedDate": "1995-11-14 00:00:00",
    "calendarYear": "1995",
    "period": "Q3",
    "revenue": 284600000,
    "costOfRevenue": 127600000,
    "grossProfit": 157000000,
    "grossProfitRatio": 0.5516514406,
    "researchAndDevelopmentExpenses": 0,
    "generalAndAdministrativeExpenses": 49700000,
    "sellingAndMarketingExpenses": 0,
    "sellingGeneralAndAdministrativeExpenses": 49700000,
    "otherExpenses": 48000000,
    "operatingExpenses": 97700000,
    "costAndExpenses": 225300000,
    "interestIncome": 240200000,
    "interestExpense": 116300000,
    "depreciationAndAmortization": 4900000,
    "ebitda": 64200000,
    "ebitdaratio": 0.2255797611,
    "operatingIncome": 59300000,
    "operatingIncomeRatio": 0.2083626142,
    "totalOtherIncomeExpensesNet": 0,
    "incomeBeforeTax": 59300000,
    "incomeBeforeTaxRatio": 0.2083626142,
    "incomeTaxExpense": 23700000,
    "netIncome": 35600000,
    "netIncomeRatio": 0.1250878426,
    "eps": 0.51,
    "epsdiluted": 0.49,
    "weightedAverageShsOut": 69804000,
    "weightedAverageShsOutDil": 72653000,
    "link": "https://www.sec.gov/Archives/edgar/data/36270/000095014695000699/0000950146-95-000699-index.html",
    "finalLink": "https://www.sec.gov/Archives/edgar/data/36270/0000950146-95-000699.txt"
  }
]