[
  {
    "date": "2024-12-31",
    "symbol": "MTB",
    "reportedCurrency": "USD",
    "cik": "0000036270",
    "fillingDate": "2025-02-19",
    "acceptedDate": "2025-02-19 13:32:26",
    "calendarYear": "2024",
    "period": "FY",
    "revenue": 13405000000,
    "costOfRevenue": 4784000000,
    "grossProfit": 8621000000,
    "grossProfitRatio": 0.6431182395,
    "researchAndDevelopmentExpenses": 0,
    "generalAndAdministrativeExpenses": 3274000000,
    "sellingAndMarketingExpenses": 104000000,
    "sellingGeneralAndAdministrativeExpenses": 3378000000,
    "otherExpenses": 1933000000,
    "operatingExpenses": 5311000000,
    "costAndExpenses": 10095000000,
    "interestIncome": 11026000000,
    "interestExpense": 4174000000,
    "depreciationAndAmortization": 508000000,
    "ebitda": 3818000000,
    "ebitdaratio": 0.2848190974,
    "operatingIncome": 3310000000,
    "operatingIncomeRatio": 0.24692279,
    "totalOtherIncomeExpensesNet": 0,
    "incomeBeforeTax": 3310000000,
    "incomeBeforeTaxRatio": 0.24692279,
    "incomeTaxExpense": 722000000,
    "netIncome": 2588000000,
    "netIncomeRatio": 0.1930622902,
    "eps": 14.71,
    "epsdiluted": 14.64,
    "weightedAverageShsOut": 166479000,
    "weightedAverageShsOutDil": 167319000,
    "link": "https://www.sec.gov/Archives/edgar/data/36270/000162828025006267/0001628280-25-006267-index.htm",
    "finalLink": "https://www.sec.gov/Archives/edgar/data/36270/000162828025006267/mtb-20241231.htm"
  },
  {
    "date": "2023-12-31",
    "symbol": "MTB",
    "reportedCurrency": "USD",
    "cik": "0000036270",
    "fillingDate": "2024-02-21",
    "acceptedDate": "2024-02-21 16:37:54",
    "calendarYear": "2023",
    "period": "FY",
    "revenue": 12507000000,
    "costOfRevenue": 3754000000,
    "grossProfit": 8753000000,
    "grossProfitRatio": 0.6998480851,
    "researchAndDevelopmentExpenses": 0,
    "generalAndAdministrativeExpenses": 3115000000,
    "sellingAndMarketingExpenses": 108000000,
    "sellingGeneralAndAdministrativeExpenses": 3223000000,
    "otherExpenses": 1911000000,
    "operatingExpenses": 5134000000,
    "costAndExpenses": 8888000000,
    "interestIncome": 10224000000,
    "interestExpense": 3109000000,
    "depreciationAndAmortization": 497000000,
    "ebitda": 4116000000,
    "ebitdaratio": 0.3290957064,
    "operatingIncome": 3619000000,
    "operatingIncomeRatio": 0.2893579595,
    "totalOtherIncomeExpensesNet": 0,
    "incomeBeforeTax": 3619000000,
    "incomeBeforeTaxRatio": 0.2893579595,
    "incomeTaxExpense": 878000000,
    "netIncome": 2741000000,
    "netIncomeRatio": 0.2191572719,
    "eps": 15.85,
    "epsdiluted": 15.79,
    "weightedAverageShsOut": 166361000,
    "weightedAverageShsOutDil": 167002000,
    "link": "https://www.sec.gov/Archives/edgar/data/36270/000095017024017990/0000950170-24-017990-index.htm",
    "finalLink": "https://www.sec.gov/Archives/edgar/data/36270/000095017024017990/mtb-20231231.htm"
  },
  {
    "date": "2022-12-31",
    "symbol": "MTB",
    "reportedCurrency": "USD",
    "cik": "0000036270",
    "fillingDate": "2023-02-22",
    "acceptedDate": "2023-02-22 16:55:46",
    "calendarYear": "2022",
    "period": "FY",
    "revenue": 8438000000,
    "costOfRevenue": 942000000,
    "grossProfit": 7496000000,
    "grossProfitRatio": 0.8883621711,
    "researchAndDevelopmentExpenses": 0,
    "generalAndAdministrativeExpenses": 2877000000,
    "sellingAndMarketingExpenses": 90000000,
    "sellingGeneralAndAdministrativeExpenses": 2967000000,
    "otherExpenses": 1917000000,
    "operatingExpenses": 4884000000,
    "costAndExpenses": 5826000000,
    "interestIncome": 6247000000,
    "interestExpense": 425000000,
    "depreciationAndAmortization": 435000000,
    "ebitda": 3047000000,
    "ebitdaratio": 0.3611045271,
    "operatingIncome": 2612000000,
    "operatingIncomeRatio": 0.3095520265,
    "totalOtherIncomeExpensesNet": 0,
    "incomeBeforeTax": 2612000000,
    "incomeBeforeTaxRatio": 0.3095520265,
    "incomeTaxExpense": 620000000,
    "netIncome": 1992000000,
    "netIncomeRatio": 0.2360748993,
    "eps": 11.59,
    "epsdiluted": 11.53,
    "weightedAverageShsOut": 163174000,
    "weightedAverageShsOutDil": 164030000,
    "link": "https://www.sec.gov/Archives/edgar/data/36270/000095017023003804/0000950170-23-003804-index.htm",
    "finalLink": "https://www.sec.gov/Archives/edgar/data/36270/000095017023003804/mtb-20221231.htm"
  },
  {
    "date": "2021-12-31",
    "symbol": "MTB",
    "reportedCurrency": "USD",
    "cik": "0000036270",
    "fillingDate": "2022-02-16",
    "acceptedDate": "2022-02-16 16:56:03",
    "calendarYear": "2021",
    "period": "FY",
    "revenue": 6076000000,
    "costOfRevenue": 39000000,
    "grossProfit": 6037000000,
    "grossProfitRatio": 0.9935813035,
    "researchAndDevelopmentExpenses": 0,
    "generalAndAdministrativeExpenses": 2116000000,
    "sellingAndMarketingExpenses": 64000000,
    "sellingGeneralAndAdministrativeExpenses": 2180000000,
    "otherExpenses": 1402000000,
    "operatingExpenses": 3582000000,
    "costAndExpenses": 3621000000,
    "interestIncome": 3939000000,
    "interestExpense": 114000000,
    "depreciationAndAmortization": 324000000,
    "ebitda": 2779000000,
    "ebitdaratio": 0.4573732719,
    "operatingIncome": 2455000000,
    "operatingIncomeRatio": 0.4040487163,
    "totalOtherIncomeExpensesNet": 0,
    "incomeBeforeTax": 2455000000,
    "incomeBeforeTaxRatio": 0.4040487163,
    "incomeTaxExpense": 596000000,
    "netIncome": 1859000000,
    "netIncomeRatio": 0.305957867,
    "eps": 13.81,
    "epsdiluted": 13.8,
    "weightedAverageShsOut": 128674000,
    "weightedAverageShsOutDil": 128812000,
    "link": "https://www.sec.gov/Archives/edgar/data/36270/000156459022005400/0001564590-22-005400-index.htm",
    "finalLink": "https://www.sec.gov/Archives/edgar/data/36270/000156459022005400/mtb-10k_20211231.htm"
  },
  {
    "date": "2020-12-31",
    "symbol": "MTB",
    "reportedCurrency": "USD",
    "cik": "0000036270",
    "fillingDate": "2021-02-22",
    "acceptedDate": "2021-02-22 17:02:04",
    "calendarYear": "2020",
    "period": "FY",
    "revenue": 6281156000,
    "costOfRevenue": 1126395000,
    "grossProfit": 5154761000,
    "grossProfitRatio": 0.8206707491,
    "researchAndDevelopmentExpenses": 0,
    "generalAndAdministrativeExpenses": 2004495000,
    "sellingAndMarketingExpenses": 61904000,
    "sellingGeneralAndAdministrativeExpenses": 2066399000,
    "otherExpenses": 1318841000,
    "operatingExpenses": 3385240000,
    "costAndExpenses": 4511635000,
    "interestIncome": 4192712000,
    "interestExpense": 326395000,
    "depreciationAndAmortization": 320288000,
    "ebitda": 2089809000,
    "ebitdaratio": 0.3327108895,
    "operatingIncome": 1769521000,
    "operatingIncomeRatio": 0.281719002,
    "totalOtherIncomeExpensesNet": 0,
    "incomeBeforeTax": 1769521000,
    "incomeBeforeTaxRatio": 0.281719002,
    "incomeTaxExpense": 416369000,
    "netIncome": 1353152000,
    "netIncomeRatio": 0.215430408,
    "eps": 9.94,
    "epsdiluted": 9.94,
    "weightedAverageShsOut": 128679000,
    "weightedAverageShsOutDil": 128704000,
    "link": "https://www.sec.gov/Archives/edgar/data/36270/000156459021007188/0001564590-21-007188-index.htm",
    "finalLink": "https://www.sec.gov/Archives/edgar/data/36270/000156459021007188/mtb-10k_20201231.htm"
  },
  {
    "date": "2019-12-31",
    "symbol": "MTB",
    "reportedCurrency": "USD",
    "cik": "0000036270",
    "fillingDate": "2020-02-20",
    "acceptedDate": "2020-02-19 19:12:12",
    "calendarYear": "2019",
    "period": "FY",
    "revenue": 6941272000,
    "costOfRevenue": 925329000,
    "grossProfit": 6015943000,
    "grossProfitRatio": 0.8666917245,
    "researchAndDevelopmentExpenses": 0,
    "generalAndAdministrativeExpenses": 1942332000,
    "sellingAndMarketingExpenses": 93472000,
    "sellingGeneralAndAdministrativeExpenses": 2035804000,
    "otherExpenses": 1432878000,
    "operatingExpenses": 3468682000,
    "costAndExpenses": 4394011000,
    "interestIncome": 4879593000,
    "interestExpense": 749329000,
    "depreciationAndAmortization": 301315000,
    "ebitda": 2848576000,
    "ebitdaratio": 0.4103824198,
    "operatingIncome": 2547261000,
    "operatingIncomeRatio": 0.3669732291,
    "totalOtherIncomeExpensesNet": 0,
    "incomeBeforeTax": 2547261000,
    "incomeBeforeTaxRatio": 0.3669732291,
    "incomeTaxExpense": 618112000,
    "netIncome": 1929149000,
    "netIncomeRatio": 0.2779244208,
    "eps": 13.76,
    "epsdiluted": 13.75,
    "weightedAverageShsOut": 134412000,
    "weightedAverageShsOutDil": 134462000,
    "link": "https://www.sec.gov/Archives/edgar/data/36270/000156459020005365/0001564590-20-005365-index.htm",
    "finalLink": "https://www.sec.gov/Archives/edgar/data/36270/000156459020005365/mtb-10k_20191231.htm"
  },
  {
    "date": "2018-12-31",
    "symbol": "MTB",
    "reportedCurrency": "USD",
    "cik": "0000036270",
    "fillingDate": "2019-02-20",
    "acceptedDate": "2019-02-20 16:53:06",
    "calendarYear": "2018",
    "period": "FY",
    "revenue": 6454711000,
    "costOfRevenue": 658409000,
    "grossProfit": 5796302000,
    "grossProfitRatio": 0.897995588,
    "researchAndDevelopmentExpenses": 0,
    "generalAndAdministrativeExpenses": 1820790000,
    "sellingAndMarketingExpenses": 85710000,
    "sellingGeneralAndAdministrativeExpenses": 1906500000,
    "otherExpenses": 1381562000,
    "operatingExpenses": 3288062000,
    "costAndExpenses": 3946471000,
    "interestIncome": 4598711000,
    "interestExpense": 526409000,
    "depreciationAndAmortization": 179005000,
    "ebitda": 2687245000,
    "ebitdaratio": 0.4163230546,
    "operatingIncome": 2508240000,
    "operatingIncomeRatio": 0.3885905969,
    "totalOtherIncomeExpensesNet": 0,
    "incomeBeforeTax": 2508240000,
    "incomeBeforeTaxRatio": 0.3885905969,
    "incomeTaxExpense": 590160000,
    "netIncome": 1918080000,
    "netIncomeRatio": 0.2971597024,
    "eps": 12.75,
    "epsdiluted": 12.74,
    "weightedAverageShsOut": 138510000,
    "weightedAverageShsOutDil": 138510000,
    "link": "https://www.sec.gov/Archives/edgar/data/36270/000156459019003467/0001564590-19-003467-index.htm",
    "finalLink": "https://www.sec.gov/Archives/edgar/data/36270/000156459019003467/mtb-10k_20181231.htm"
  },
  {
    "date": "2017-12-31",
    "symbol": "MTB",
    "reportedCurrency": "USD",
    "cik": "0000036270",
    "fillingDate": "2018-02-22",
    "acceptedDate": "2018-02-22 15:22:45",
    "calendarYear": "2017",
    "period": "FY",
    "revenue": 6018938000,
    "costOfRevenue": 554751000,
    "grossProfit": 5464187000,
    "grossProfitRatio": 0.9078324116,
    "researchAndDevelopmentExpenses": 0,
    "generalAndAdministrativeExpenses": 1750665000,
    "sellingAndMarketingExpenses": 69203000,
    "sellingGeneralAndAdministrativeExpenses": 1819868000,
    "otherExpenses": 1320457000,
    "operatingExpenses": 3140325000,
    "costAndExpenses": 3695076000,
    "interestIncome": 4167795000,
    "interestExpense": 386751000,
    "depreciationAndAmortization": 197125000,
    "ebitda": 2520987000,
    "ebitdaratio": 0.4188424935,
    "operatingIncome": 2323862000,
    "operatingIncomeRatio": 0.3860916992,
    "totalOtherIncomeExpensesNet": 0,
    "incomeBeforeTax": 2323862000,
    "incomeBeforeTaxRatio": 0.3860916992,
    "incomeTaxExpense": 915556000,
    "netIncome": 1408306000,
    "netIncomeRatio": 0.2339791505,
    "eps": 8.72,
    "epsdiluted": 8.7,
    "weightedAverageShsOut": 152238000,
    "weightedAverageShsOutDil": 152551000,
    "link": "https://www.sec.gov/Archives/edgar/data/36270/000156459018002855/0001564590-18-002855-index.htm",
    "finalLink": "https://www.sec.gov/Archives/edgar/data/36270/000156459018002855/mtb-10k_20171231.htm"
  },
  {
    "date": "2016-12-31",
    "symbol": "MTB",
    "reportedCurrency": "USD",
    "cik": "0000036270",
    "fillingDate": "2017-02-22",
    "acceptedDate": "2017-02-22 17:09:34",
    "calendarYear": "2016",
    "period": "FY",
    "revenue": 5721867000,
    "costOfRevenue": 615984000,
    "grossProfit": 5105883000,
    "grossProfitRatio": 0.8923456277,
    "researchAndDevelopmentExpenses": 0,
    "generalAndAdministrativeExpenses": 1723119000,
    "sellingAndMarketingExpenses": 87137000,
    "sellingGeneralAndAdministrativeExpenses": 1810256000,
    "otherExpenses": 1237229000,
    "operatingExpenses": 3047485000,
    "costAndExpenses": 3663469000,
    "interestIncome": 3895871000,
    "interestExpense": 425984000,
    "depreciationAndAmortization": 200591000,
    "ebitda": 2258989000,
    "ebitdaratio": 0.3947992849,
    "operatingIncome": 2058398000,
    "operatingIncomeRatio": 0.3597423708,
    "totalOtherIncomeExpensesNet": 0,
    "incomeBeforeTax": 2058398000,
    "incomeBeforeTaxRatio": 0.3597423708,
    "incomeTaxExpense": 743284000,
    "netIncome": 1315114000,
    "netIncomeRatio": 0.2298400155,
    "eps": 7.8,
    "epsdiluted": 7.78,
    "weightedAverageShsOut": 156857000,
    "weightedAverageShsOutDil": 157304000,
    "link": "https://www.sec.gov/Archives/edgar/data/36270/000156459017002016/0001564590-17-002016-index.htm",
    "finalLink": "https://www.sec.gov/Archives/edgar/data/36270/000156459017002016/mtb-10k_20161231.htm"
  },
  {
    "date": "2015-12-31",
    "symbol": "MTB",
    "reportedCurrency": "USD",
    "cik": "0000036270",
    "fillingDate": "2016-02-19",
    "acceptedDate": "2016-02-19 15:44:44",
    "calendarYear": "2015",
    "period": "FY",
    "revenue": 4995881000,
    "costOfRevenue": 498257000,
    "grossProfit": 4497624000,
    "grossProfitRatio": 0.9002664395,
    "researchAndDevelopmentExpenses": 0,
    "generalAndAdministrativeExpenses": 1601643000,
    "sellingAndMarketingExpenses": 59227000,
    "sellingGeneralAndAdministrativeExpenses": 1660870000,
    "otherExpenses": 1162062000,
    "operatingExpenses": 2822932000,
    "costAndExpenses": 3321189000,
    "interestIncome": 3170844000,
    "interestExpense": 328257000,
    "depreciationAndAmortization": 175349000,
    "ebitda": 1850041000,
    "ebitdaratio": 0.3703132641,
    "operatingIncome": 1674692000,
    "operatingIncomeRatio": 0.3352145497,
    "totalOtherIncomeExpensesNet": 0,
    "incomeBeforeTax": 1674692000,
    "incomeBeforeTaxRatio": 0.3352145497,
    "incomeTaxExpense": 595025000,
    "netIncome": 1079667000,
    "netIncomeRatio": 0.2161114326,
    "eps": 7.22,
    "epsdiluted": 7.18,
    "weightedAverageShsOut": 136804000,
    "weightedAverageShsOutDil": 137533000,
    "link": "https://www.sec.gov/Archives/edgar/data/36270/000119312516469957/0001193125-16-469957-index.htm",
    "finalLink": "https://www.sec.gov/Archives/edgar/data/36270/000119312516469957/d60049d10k.htm"
  },
  {
    "date": "2014-12-31",
    "symbol": "MTB",
    "reportedCurrency": "USD",
    "cik": "0000036270",
    "fillingDate": "2015-02-20",
    "acceptedDate": "2015-02-20 16:18:46",
    "calendarYear": "2014",
    "period": "FY",
    "revenue": 4736150000,
    "costOfRevenue": 404431000,
    "grossProfit": 4331719000,
    "grossProfitRatio": 0.9146076455,
    "researchAndDevelopmentExpenses": 0,
    "generalAndAdministrativeExpenses": 1460481000,
    "sellingAndMarketingExpenses": 47111000,
    "sellingGeneralAndAdministrativeExpenses": 1507592000,
    "otherExpenses": 1181882000,
    "operatingExpenses": 2689474000,
    "costAndExpenses": 3093905000,
    "interestIncome": 2956877000,
    "interestExpense": 280431000,
    "depreciationAndAmortization": 198730000,
    "ebitda": 1840975000,
    "ebitdaratio": 0.3887070722,
    "operatingIncome": 1642245000,
    "operatingIncomeRatio": 0.3467468302,
    "totalOtherIncomeExpensesNet": 0,
    "incomeBeforeTax": 1642245000,
    "incomeBeforeTaxRatio": 0.3467468302,
    "incomeTaxExpense": 575999000,
    "netIncome": 1066246000,
    "netIncomeRatio": 0.2251292717,
    "eps": 7.47,
    "epsdiluted": 7.42,
    "weightedAverageShsOut": 131001000,
    "weightedAverageShsOutDil": 131844000,
    "link": "https://www.sec.gov/Archives/edgar/data/36270/000119312515056342/0001193125-15-056342-index.htm",
    "finalLink": "https://www.sec.gov/Archives/edgar/data/36270/000119312515056342/d837418d10k.htm"
  },
  {
    "date": "2013-12-31",
    "symbol": "MTB",
    "reportedCurrency": "USD",
    "cik": "0000036270",
    "fillingDate": "2014-02-21",
    "acceptedDate": "2014-02-21 16:29:51",
    "calendarYear": "2013",
    "period": "FY",
    "revenue": 4838665000,
    "costOfRevenue": 469105000,
    "grossProfit": 4369560000,
    "grossProfitRatio": 0.9030507382,
    "researchAndDevelopmentExpenses": 0,
    "generalAndAdministrativeExpenses": 1424762000,
    "sellingAndMarketingExpenses": 0,
    "sellingGeneralAndAdministrativeExpenses": 1424762000,
    "otherExpenses": 1179230000,
    "operatingExpenses": 2603992000,
    "costAndExpenses": 3073097000,
    "interestIncome": 2957334000,
    "interestExpense": 284105000,
    "depreciationAndAmortization": 203735000,
    "ebitda": 1969303000,
    "ebitdaratio": 0.4069930446,
    "operatingIncome": 1765568000,
    "operatingIncomeRatio": 0.3648874225,
    "totalOtherIncomeExpensesNet": 0,
    "incomeBeforeTax": 1765568000,
    "incomeBeforeTaxRatio": 0.3648874225,
    "incomeTaxExpense": 627088000,
    "netIncome": 1138480000,
    "netIncomeRatio": 0.2352880392,
    "eps": 8.26,
    "epsdiluted": 8.2,
    "weightedAverageShsOut": 137831000,
    "weightedAverageShsOutDil": 137831000,
    "link": "https://www.sec.gov/Archives/edgar/data/36270/000119312514062812/0001193125-14-062812-index.htm",
    "finalLink": "https://www.sec.gov/Archives/edgar/data/36270/000119312514062812/d631624d10k.htm"
  },
  {
    "date": "2012-12-31",
    "symbol": "MTB",
    "reportedCurrency": "USD",
    "cik": "0000036270",
    "fillingDate": "2013-02-25",
    "acceptedDate": "2013-02-22 18:04:22",
    "calendarYear": "2012",
    "period": "FY",
    "revenue": 4630466000,
    "costOfRevenue": 547169000,
    "grossProfit": 4083297000,
    "grossProfitRatio": 0.8818328436,
    "researchAndDevelopmentExpenses": 0,
    "generalAndAdministrativeExpenses": 1415650000,
    "sellingAndMarketingExpenses": 0,
    "sellingGeneralAndAdministrativeExpenses": 1415650000,
    "otherExpenses": 1115121000,
    "operatingExpenses": 2530771000,
    "costAndExpenses": 3077940000,
    "interestIncome": 2941685000,
    "interestExpense": 343169000,
    "depreciationAndAmortization": 204561000,
    "ebitda": 1757087000,
    "ebitdaratio": 0.3794622399,
    "operatingIncome": 1552526000,
    "operatingIncomeRatio": 0.3352850447,
    "totalOtherIncomeExpensesNet": 0,
    "incomeBeforeTax": 1552526000,
    "incomeBeforeTaxRatio": 0.3352850447,
    "incomeTaxExpense": 523028000,
    "netIncome": 1029498000,
    "netIncomeRatio": 0.2223314025,
    "eps": 7.57,
    "epsdiluted": 7.54,
    "weightedAverageShsOut": 135997000,
    "weightedAverageShsOutDil": 135997000,
    "link": "https://www.sec.gov/Archives/edgar/data/36270/000119312513071824/0001193125-13-071824-index.htm",
    "finalLink": "https://www.sec.gov/Archives/edgar/data/36270/000119312513071824/d440871d10k.htm"
  },
  {
    "date": "2011-12-31",
    "symbol": "MTB",
    "reportedCurrency": "USD",
    "cik": "0000036270",
    "fillingDate": "2012-02-23",
    "acceptedDate": "2012-02-23 15:43:54",
    "calendarYear": "2011",
    "period": "FY",
    "revenue": 4399230000,
    "costOfRevenue": 672331000,
    "grossProfit": 3726899000,
    "grossProfitRatio": 0.8471707549,
    "researchAndDevelopmentExpenses": 0,
    "generalAndAdministrativeExpenses": 1304223000,
    "sellingAndMarketingExpenses": 0,
    "sellingGeneralAndAdministrativeExpenses": 1304223000,
    "otherExpenses": 1198076000,
    "operatingExpenses": 2502299000,
    "costAndExpenses": 3174630000,
    "interestIncome": 2792087000,
    "interestExpense": 402331000,
    "depreciationAndAmortization": 197780000,
    "ebitda": 1422380000,
    "ebitdaratio": 0.3233247637,
    "operatingIncome": 1224600000,
    "operatingIncomeRatio": 0.278366896,
    "totalOtherIncomeExpensesNet": 0,
    "incomeBeforeTax": 1224600000,
    "incomeBeforeTaxRatio": 0.278366896,
    "incomeTaxExpense": 365121000,
    "netIncome": 859479000,
    "netIncomeRatio": 0.1953703262,
    "eps": 6.37,
    "epsdiluted": 6.35,
    "weightedAverageShsOut": 134926000,
    "weightedAverageShsOutDil": 134926000,
    "link": "https://www.sec.gov/Archives/edgar/data/36270/000119312512075161/0001193125-12-075161-index.htm",
    "finalLink": "https://www.sec.gov/Archives/edgar/data/36270/000119312512075161/d262829d10k.htm"
  },
  {
    "date": "2010-12-31",
    "symbol": "MTB",
    "reportedCurrency": "USD",
    "cik": "0000036270",
    "fillingDate": "2011-02-22",
    "acceptedDate": "2011-02-22 10:22:48",
    "calendarYear": "2010",
    "period": "FY",
    "revenue": 3863663000,
    "costOfRevenue": 830269000,
    "grossProfit": 3033394000,
    "grossProfitRatio": 0.7851083285,
    "researchAndDevelopmentExpenses": 0,
    "generalAndAdministrativeExpenses": 1079033000,
    "sellingAndMarketingExpenses": 0,
    "sellingGeneralAndAdministrativeExpenses": 1079033000,
    "otherExpenses": 861572000,
    "operatingExpenses": 1940605000,
    "costAndExpenses": 2770874000,
    "interestIncome": 2729795000,
    "interestExpense": 462269000,
    "depreciationAndAmortization": 182362000,
    "ebitda": 1275151000,
    "ebitdaratio": 0.330036807,
    "operatingIncome": 1092789000,
    "operatingIncomeRatio": 0.282837556,
    "totalOtherIncomeExpensesNet": 0,
    "incomeBeforeTax": 1092789000,
    "incomeBeforeTaxRatio": 0.282837556,
    "incomeTaxExpense": 356628000,
    "netIncome": 736161000,
    "netIncomeRatio": 0.1905344747,
    "eps": 5.72,
    "epsdiluted": 5.69,
    "weightedAverageShsOut": 118191000,
    "weightedAverageShsOutDil": 118843000,
    "link": "https://www.sec.gov/Archives/edgar/data/36270/000095012311016289/0000950123-11-016289-index.htm",
    "finalLink": "https://www.sec.gov/Archives/edgar/data/36270/000095012311016289/l40880e10vk.htm"
  },
  {
    "date": "2009-12-31",
    "symbol": "MTB",
    "reportedCurrency": "USD",
    "cik": "0000036270",
    "fillingDate": "2010-02-19",
    "acceptedDate": "2010-02-19 16:46:34",
    "calendarYear": "2009",
    "period": "FY",
    "revenue": 3799201000,
    "costOfRevenue": 1273449000,
    "grossProfit": 2525752000,
    "grossProfitRatio": 0.6648113643,
    "researchAndDevelopmentExpenses": 0,
    "generalAndAdministrativeExpenses": 1098392000,
    "sellingAndMarketingExpenses": 0,
    "sellingGeneralAndAdministrativeExpenses": 1098392000,
    "otherExpenses": 908069000,
    "operatingExpenses": 2006461000,
    "costAndExpenses": 3279910000,
    "interestIncome": 2725197000,
    "interestExpense": 669449000,
    "depreciationAndAmortization": 190921000,
    "ebitda": 710212000,
    "ebitdaratio": 0.1869372007,
    "operatingIncome": 519291000,
    "operatingIncomeRatio": 0.136684266,
    "totalOtherIncomeExpensesNet": 0,
    "incomeBeforeTax": 519291000,
    "incomeBeforeTaxRatio": 0.136684266,
    "incomeTaxExpense": 139400000,
    "netIncome": 379891000,
    "netIncomeRatio": 0.0999923405,
    "eps": 2.9,
    "epsdiluted": 2.89,
    "weightedAverageShsOut": 114660000,
    "weightedAverageShsOutDil": 114776000,
    "link": "https://www.sec.gov/Archives/edgar/data/36270/000095012310014582/0000950123-10-014582-index.htm",
    "finalLink": "https://www.sec.gov/Archives/edgar/data/36270/000095012310014582/l38289e10vk.htm"
  },
  {
    "date": "2008-12-31",
    "symbol": "MTB",
    "reportedCurrency": "USD",
    "cik": "0000036270",
    "fillingDate": "2009-02-23",
    "acceptedDate": "2009-02-23 09:44:13",
    "calendarYear": "2008",
    "period": "FY",
    "revenue": 4254023000,
    "costOfRevenue": 1749795000,
    "grossProfit": 2504228000,
    "grossProfitRatio": 0.5886728868,
    "researchAndDevelopmentExpenses": 0,
    "generalAndAdministrativeExpenses": 963775000,
    "sellingAndMarketingExpenses": 0,
    "sellingGeneralAndAdministrativeExpenses": 963775000,
    "otherExpenses": 800674000,
    "operatingExpenses": 1764449000,
    "costAndExpenses": 3514244000,
    "interestIncome": 3277591000,
    "interestExpense": 1337795000,
    "depreciationAndAmortization": 185790000,
    "ebitda": 925569000,
    "ebitdaratio": 0.2175749873,
    "operatingIncome": 739779000,
    "operatingIncomeRatio": 0.1739010344,
    "totalOtherIncomeExpensesNet": 0,
    "incomeBeforeTax": 739779000,
    "incomeBeforeTaxRatio": 0.1739010344,
    "incomeTaxExpense": 183892000,
    "netIncome": 555887000,
    "netIncomeRatio": 0.1306732474,
    "eps": 5.04,
    "epsdiluted": 5.01,
    "weightedAverageShsOut": 110295000,
    "weightedAverageShsOutDil": 110904000,
    "link": "https://www.sec.gov/Archives/edgar/data/36270/000095015209001650/0000950152-09-001650-index.htm",
    "finalLink": "https://www.sec.gov/Archives/edgar/data/36270/000095015209001650/l35056ae10vk.htm"
  },
  {
    "date": "2007-12-31",
    "symbol": "MTB",
    "reportedCurrency": "USD",
    "cik": "0000036270",
    "fillingDate": "2008-02-21",
    "acceptedDate": "2008-02-21 16:42:06",
    "calendarYear": "2007",
    "period": "FY",
    "revenue": 4468867000,
    "costOfRevenue": 1886576000,
    "grossProfit": 2582291000,
    "grossProfitRatio": 0.5778401998,
    "researchAndDevelopmentExpenses": 0,
    "generalAndAdministrativeExpenses": 912518000,
    "sellingAndMarketingExpenses": 0,
    "sellingGeneralAndAdministrativeExpenses": 912518000,
    "otherExpenses": 706236000,
    "operatingExpenses": 1618754000,
    "costAndExpenses": 3505330000,
    "interestIncome": 3544813000,
    "interestExpense": 1694576000,
    "depreciationAndAmortization": 178159000,
    "ebitda": 1141696000,
    "ebitdaratio": 0.2554777307,
    "operatingIncome": 963537000,
    "operatingIncomeRatio": 0.2156110262,
    "totalOtherIncomeExpensesNet": 0,
    "incomeBeforeTax": 963537000,
    "incomeBeforeTaxRatio": 0.2156110262,
    "incomeTaxExpense": 309278000,
    "netIncome": 654259000,
    "netIncomeRatio": 0.1464037753,
    "eps": 6.05,
    "epsdiluted": 5.95,
    "weightedAverageShsOut": 108129000,
    "weightedAverageShsOutDil": 110012000,
    "link": "https://www.sec.gov/Archives/edgar/data/36270/000095015208001291/0000950152-08-001291-index.htm",
    "finalLink": "https://www.sec.gov/Archives/edgar/data/36270/000095015208001291/l29155ae10vk.htm"
  },
  {
    "date": "2006-12-31",
    "symbol": "MTB",
    "reportedCurrency": "USD",
    "cik": "0000036270",
    "fillingDate": "2007-02-23",
    "acceptedDate": "2007-02-23 17:19:48",
    "calendarYear": "2006",
    "period": "FY",
    "revenue": 4359945000,
    "costOfRevenue": 1576552000,
    "grossProfit": 2783393000,
    "grossProfitRatio": 0.6384009431,
    "researchAndDevelopmentExpenses": 0,
    "generalAndAdministrativeExpenses": 873353000,
    "sellingAndMarketingExpenses": 0,
    "sellingGeneralAndAdministrativeExpenses": 873353000,
    "otherExpenses": 678398000,
    "operatingExpenses": 1551751000,
    "costAndExpenses": 3128303000,
    "interestIncome": 3314093000,
    "interestExpense": 1496552000,
    "depreciationAndAmortization": 175931000,
    "ebitda": 1407573000,
    "ebitdaratio": 0.3228419166,
    "operatingIncome": 1231642000,
    "operatingIncomeRatio": 0.2824902608,
    "totalOtherIncomeExpensesNet": 0,
    "incomeBeforeTax": 1231642000,
    "incomeBeforeTaxRatio": 0.2824902608,
    "incomeTaxExpense": 392453000,
    "netIncome": 839189000,
    "netIncomeRatio": 0.1924769693,
    "eps": 7.55,
    "epsdiluted": 7.37,
    "weightedAverageShsOut": 111173000,
    "weightedAverageShsOutDil": 113918000,
    "link": "https://www.sec.gov/Archives/edgar/data/36270/000095015207001456/0000950152-07-001456-index.htm",
    "finalLink": "https://www.sec.gov/Archives/edgar/data/36270/000095015207001456/l22721ae10vk.htm"
  },
  {
    "date": "2005-12-31",
    "symbol": "MTB",
    "reportedCurrency": "USD",
    "cik": "0000036270",
    "fillingDate": "2006-02-28",
    "acceptedDate": "2006-02-28 17:02:04",
    "calendarYear": "2005",
    "period": "FY",
    "revenue": 3738412000,
    "costOfRevenue": 1082351000,
    "grossProfit": 2656061000,
    "grossProfitRatio": 0.7104784063,
    "researchAndDevelopmentExpenses": 0,
    "generalAndAdministrativeExpenses": 822239000,
    "sellingAndMarketingExpenses": 0,
    "sellingGeneralAndAdministrativeExpenses": 822239000,
    "otherExpenses": 662903000,
    "operatingExpenses": 1485142000,
    "costAndExpenses": 2567493000,
    "interestIncome": 2788694000,
    "interestExpense": 994351000,
    "depreciationAndAmortization": 173748000,
    "ebitda": 1344667000,
    "ebitdaratio": 0.3596893547,
    "operatingIncome": 1170919000,
    "operatingIncomeRatio": 0.3132129364,
    "totalOtherIncomeExpensesNet": 0,
    "incomeBeforeTax": 1170919000,
    "incomeBeforeTaxRatio": 0.3132129364,
    "incomeTaxExpense": 388736000,
    "netIncome": 782183000,
    "netIncomeRatio": 0.2092286778,
    "eps": 6.88,
    "epsdiluted": 6.73,
    "weightedAverageShsOut": 113689000,
    "weightedAverageShsOutDil": 116232000,
    "link": "https://www.sec.gov/Archives/edgar/data/36270/000095015206001522/0000950152-06-001522-index.htm",
    "finalLink": "https://www.sec.gov/Archives/edgar/data/36270/000095015206001522/l15080ae10vk.htm"
  },
  {
    "date": "2004-12-31",
    "symbol": "MTB",
    "reportedCurrency": "USD",
    "cik": "0000036270",
    "fillingDate": "2005-02-25",
    "acceptedDate": "2005-02-25 14:42:05",
    "calendarYear": "2004",
    "period": "FY",
    "revenue": 3241701000,
    "costOfRevenue": 659160000,
    "grossProfit": 2582541000,
    "grossProfitRatio": 0.7966623078,
    "researchAndDevelopmentExpenses": 0,
    "generalAndAdministrativeExpenses": 806552000,
    "sellingAndMarketingExpenses": 0,
    "sellingGeneralAndAdministrativeExpenses": 806552000,
    "otherExpenses": 709466000,
    "operatingExpenses": 1516018000,
    "costAndExpenses": 2175178000,
    "interestIncome": 2298732000,
    "interestExpense": 564160000,
    "depreciationAndAmortization": 196074000,
    "ebitda": 1262597000,
    "ebitdaratio": 0.389485952,
    "operatingIncome": 1066523000,
    "operatingIncomeRatio": 0.3290010399,
    "totalOtherIncomeExpensesNet": 0,
    "incomeBeforeTax": 1066523000,
    "incomeBeforeTaxRatio": 0.3290010399,
    "incomeTaxExpense": 344002000,
    "netIncome": 722521000,
    "netIncomeRatio": 0.2228832949,
    "eps": 6.14,
    "epsdiluted": 6,
    "weightedAverageShsOut": 117696000,
    "weightedAverageShsOutDil": 120406000,
    "link": "https://www.sec.gov/Archives/edgar/data/36270/000095015205001517/0000950152-05-001517-index.htm",
    "finalLink": "https://www.sec.gov/Archives/edgar/data/36270/000095015205001517/l10178ae10vk.htm"
  },
  {
    "date": "2003-12-31",
    "symbol": "MTB",
    "reportedCurrency": "USD",
    "cik": "0000036270",
    "fillingDate": "2004-02-26",
    "acceptedDate": "2004-02-26 17:07:58",
    "calendarYear": "2003",
    "period": "FY",
    "revenue": 2957660000,
    "costOfRevenue": 658810000,
    "grossProfit": 2298850000,
    "grossProfitRatio": 0.7772529635,
    "researchAndDevelopmentExpenses": 0,
    "generalAndAdministrativeExpenses": 740324000,
    "sellingAndMarketingExpenses": 0,
    "sellingGeneralAndAdministrativeExpenses": 740324000,
    "otherExpenses": 707856000,
    "operatingExpenses": 1448180000,
    "costAndExpenses": 2106990000,
    "interestIncome": 2126565000,
    "interestExpense": 527810000,
    "depreciationAndAmortization": 191662000,
    "ebitda": 1042332000,
    "ebitdaratio": 0.3524177897,
    "operatingIncome": 850670000,
    "operatingIncomeRatio": 0.2876158855,
    "totalOtherIncomeExpensesNet": 0,
    "incomeBeforeTax": 850670000,
    "incomeBeforeTaxRatio": 0.2876158855,
    "incomeTaxExpense": 276728000,
    "netIncome": 573942000,
    "netIncomeRatio": 0.1940527309,
    "eps": 5.08,
    "epsdiluted": 4.95,
    "weightedAverageShsOut": 112981000,
    "weightedAverageShsOutDil": 115948000,
    "link": "https://www.sec.gov/Archives/edgar/data/36270/000095015204001428/0000950152-04-001428-index.htm",
    "finalLink": "https://www.sec.gov/Archives/edgar/data/36270/000095015204001428/l05919ae10vk.htm"
  },
  {
    "date": "2002-12-31",
    "symbol": "MTB",
    "reportedCurrency": "USD",
    "cik": "0000036270",
    "fillingDate": "2003-02-27",
    "acceptedDate": "2003-02-27 17:27:05",
    "calendarYear": "2002",
    "period": "FY",
    "revenue": 2354030000,
    "costOfRevenue": 716514000,
    "grossProfit": 1637516000,
    "grossProfitRatio": 0.6956224007,
    "researchAndDevelopmentExpenses": 0,
    "generalAndAdministrativeExpenses": 456411000,
    "sellingAndMarketingExpenses": 0,
    "sellingGeneralAndAdministrativeExpenses": 456411000,
    "otherExpenses": 464621000,
    "operatingExpenses": 921032000,
    "costAndExpenses": 1637546000,
    "interestIncome": 1842099000,
    "interestExpense": 594514000,
    "depreciationAndAmortization": 129787000,
    "ebitda": 846271000,
    "ebitdaratio": 0.3594988169,
    "operatingIncome": 716484000,
    "operatingIncomeRatio": 0.3043648552,
    "totalOtherIncomeExpensesNet": 0,
    "incomeBeforeTax": 716484000,
    "incomeBeforeTaxRatio": 0.3043648552,
    "incomeTaxExpense": 231392000,
    "netIncome": 485092000,
    "netIncomeRatio": 0.2060687417,
    "eps": 4.94,
    "epsdiluted": 4.78,
    "weightedAverageShsOut": 98197000,
    "weightedAverageShsOutDil": 101484000,
    "link": "https://www.sec.gov/Archives/edgar/data/36270/000095012803000281/0000950128-03-000281-index.htm",
    "finalLink": "https://www.sec.gov/Archives/edgar/data/36270/000095012803000281/l99139ae10vk.htm"
  },
  {
    "date": "2001-12-31",
    "symbol": "MTB",
    "reportedCurrency": "USD",
    "cik": "0000036270",
    "fillingDate": "2002-02-28",
    "acceptedDate": "2002-02-28 00:00:00",
    "calendarYear": "2001",
    "period": "FY",
    "revenue": 2579311000,
    "costOfRevenue": 1047097000,
    "grossProfit": 1532214000,
    "grossProfitRatio": 0.5940400363,
    "researchAndDevelopmentExpenses": 0,
    "generalAndAdministrativeExpenses": 434937000,
    "sellingAndMarketingExpenses": 0,
    "sellingGeneralAndAdministrativeExpenses": 434937000,
    "otherExpenses": 513381000,
    "operatingExpenses": 948318000,
    "costAndExpenses": 1995415000,
    "interestIncome": 2101885000,
    "interestExpense": 943597000,
    "depreciationAndAmortization": 193944000,
    "ebitda": 777840000,
    "ebitdaratio": 0.3015689074,
    "operatingIncome": 583896000,
    "operatingIncomeRatio": 0.2263767339,
    "totalOtherIncomeExpensesNet": 0,
    "incomeBeforeTax": 583896000,
    "incomeBeforeTaxRatio": 0.2263767339,
    "incomeTaxExpense": 205821000,
    "netIncome": 378075000,
    "netIncomeRatio": 0.1465798424,
    "eps": 3.95,
    "epsdiluted": 3.82,
    "weightedAverageShsOut": 95715000,
    "weightedAverageShsOutDil": 98973000,
    "link": "https://www.sec.gov/Archives/edgar/data/36270/000095015202001414/0000950152-02-001414-index.htm",
    "finalLink": "https://www.sec.gov/Archives/edgar/data/36270/000095015202001414/l92906ae10-k.htm"
  },
  {
    "date": "2000-12-31",
    "symbol": "MTB",
    "reportedCurrency": "USD",
    "cik": "0000036270",
    "fillingDate": "2001-03-09",
    "acceptedDate": "2001-03-09 00:00:00",
    "calendarYear": "2000",
    "period": "FY",
    "revenue": 2097456000,
    "costOfRevenue": 956597000,
    "grossProfit": 1140859000,
    "grossProfitRatio": 0.5439251169,
    "researchAndDevelopmentExpenses": 0,
    "generalAndAdministrativeExpenses": 329209000,
    "sellingAndMarketingExpenses": 0,
    "sellingGeneralAndAdministrativeExpenses": 329209000,
    "otherExpenses": 365244000,
    "operatingExpenses": 694453000,
    "costAndExpenses": 1651050000,
    "interestIncome": 1772784000,
    "interestExpense": 918597000,
    "depreciationAndAmortization": 124132000,
    "ebitda": 570538000,
    "ebitdaratio": 0.2720142878,
    "operatingIncome": 446406000,
    "operatingIncomeRatio": 0.2128321166,
    "totalOtherIncomeExpensesNet": 0,
    "incomeBeforeTax": 446406000,
    "incomeBeforeTaxRatio": 0.2128321166,
    "incomeTaxExpense": 160250000,
    "netIncome": 286156000,
    "netIncomeRatio": 0.1364300371,
    "eps": 3.55,
    "epsdiluted": 3.44,
    "weightedAverageShsOut": 80607000,
    "weightedAverageShsOutDil": 83185000,
    "link": "https://www.sec.gov/Archives/edgar/data/36270/000095015201500250/0000950152-01-500250-index.htm",
    "finalLink": "https://www.sec.gov/Archives/edgar/data/36270/000095015201500250/l86788ae10-k.htm"
  },
  {
    "date": "1999-12-31",
    "symbol": "MTB",
    "reportedCurrency": "USD",
    "cik": "0000036270",
    "fillingDate": "2000-02-25",
    "acceptedDate": "2000-02-25 00:00:00",
    "calendarYear": "1999",
    "period": "FY",
    "revenue": 1761006000,
    "costOfRevenue": 763731000,
    "grossProfit": 997275000,
    "grossProfitRatio": 0.5663098252,
    "researchAndDevelopmentExpenses": 0,
    "generalAndAdministrativeExpenses": 284800000,
    "sellingAndMarketingExpenses": 0,
    "sellingGeneralAndAdministrativeExpenses": 284800000,
    "otherExpenses": 294175000,
    "operatingExpenses": 578975000,
    "costAndExpenses": 1342706000,
    "interestIncome": 1478631000,
    "interestExpense": 719231000,
    "depreciationAndAmortization": 97000000,
    "ebitda": 515300000,
    "ebitdaratio": 0.2926168338,
    "operatingIncome": 418300000,
    "operatingIncomeRatio": 0.2375346819,
    "totalOtherIncomeExpensesNet": 0,
    "incomeBeforeTax": 418300000,
    "incomeBeforeTaxRatio": 0.2375346819,
    "incomeTaxExpense": 152700000,
    "netIncome": 265600000,
    "netIncomeRatio": 0.1508228819,
    "eps": 3.41,
    "epsdiluted": 3.28,
    "weightedAverageShsOut": 77889000,
    "weightedAverageShsOutDil": 80976000,
    "link": "https://www.sec.gov/Archives/edgar/data/36270/000091205700008501/0000912057-00-008501-index.html",
    "finalLink": "https://www.sec.gov/Archives/edgar/data/36270/000091205700008501/0000912057-00-008501.txt"
  },
  {
    "date": "1998-12-31",
    "symbol": "MTB",
    "reportedCurrency": "USD",
    "cik": "0000036270",
    "fillingDate": "1999-03-19",
    "acceptedDate": "1999-03-19 00:00:00",
    "calendarYear": "1998",
    "period": "FY",
    "revenue": 1622400000,
    "costOfRevenue": 730800000,
    "grossProfit": 891600000,
    "grossProfitRatio": 0.549556213,
    "researchAndDevelopmentExpenses": 0,
    "generalAndAdministrativeExpenses": 259500000,
    "sellingAndMarketingExpenses": 0,
    "sellingGeneralAndAdministrativeExpenses": 259500000,
    "otherExpenses": 306500000,
    "operatingExpenses": 566000000,
    "costAndExpenses": 1296800000,
    "interestIncome": 1359500000,
    "interestExpense": 687600000,
    "depreciationAndAmortization": 79600000,
    "ebitda": 405200000,
    "ebitdaratio": 0.2497534517,
    "operatingIncome": 325600000,
    "operatingIncomeRatio": 0.2006903353,
    "totalOtherIncomeExpensesNet": 0,
    "incomeBeforeTax": 325600000,
    "incomeBeforeTaxRatio": 0.2006903353,
    "incomeTaxExpense": 117600000,
    "netIncome": 208000000,
    "netIncomeRatio": 0.1282051282,
    "eps": 2.73,
    "epsdiluted": 2.62,
    "weightedAverageShsOut": 76190000,
    "weightedAverageShsOutDil": 79511000,
    "link": "https://www.sec.gov/Archives/edgar/data/36270/000104746999010544/0001047469-99-010544-index.html",
    "finalLink": "https://www.sec.gov/Archives/edgar/data/36270/0001047469-99-010544.txt"
  },
  {
    "date": "1997-12-31",
    "symbol": "MTB",
    "reportedCurrency": "USD",
    "cik": "0000036270",
    "fillingDate": "1998-03-16",
    "acceptedDate": "1998-03-16 00:00:00",
    "calendarYear": "1997",
    "period": "FY",
    "revenue": 1258000000,
    "costOfRevenue": 554100000,
    "grossProfit": 703900000,
    "grossProfitRatio": 0.5595389507,
    "researchAndDevelopmentExpenses": 0,
    "generalAndAdministrativeExpenses": 220000000,
    "sellingAndMarketingExpenses": 0,
    "sellingGeneralAndAdministrativeExpenses": 220000000,
    "otherExpenses": 201800000,
    "operatingExpenses": 421800000,
    "costAndExpenses": 975900000,
    "interestIncome": 1067500000,
    "interestExpense": 508100000,
    "depreciationAndAmortization": 42400000,
    "ebitda": 324500000,
    "ebitdaratio": 0.2579491256,
    "operatingIncome": 282100000,
    "operatingIncomeRatio": 0.2242448331,
    "totalOtherIncomeExpensesNet": 0,
    "incomeBeforeTax": 282100000,
    "incomeBeforeTaxRatio": 0.2242448331,
    "incomeTaxExpense": 105900000,
    "netIncome": 176200000,
    "netIncomeRatio": 0.140063593,
    "eps": 2.66,
    "epsdiluted": 2.53,
    "weightedAverageShsOut": 66241000,
    "weightedAverageShsOutDil": 69644000,
    "link": "https://www.sec.gov/Archives/edgar/data/36270/000104746998010018/0001047469-98-010018-index.html",
    "finalLink": "https://www.sec.gov/Archives/edgar/data/36270/"
  },
  {
    "date": "1996-12-31",
    "symbol": "MTB",
    "reportedCurrency": "USD",
    "cik": "0000036270",
    "fillingDate": "1997-03-18",
    "acceptedDate": "1997-03-18 00:00:00",
    "calendarYear": "1996",
    "period": "FY",
    "revenue": 1167600000,
    "costOfRevenue": 509700000,
    "grossProfit": 657900000,
    "grossProfitRatio": 0.5634635149,
    "researchAndDevelopmentExpenses": 0,
    "generalAndAdministrativeExpenses": 208300000,
    "sellingAndMarketingExpenses": 0,
    "sellingGeneralAndAdministrativeExpenses": 208300000,
    "otherExpenses": 200600000,
    "operatingExpenses": 408900000,
    "costAndExpenses": 918600000,
    "interestIncome": 997400000,
    "interestExpense": 466400000,
    "depreciationAndAmortization": 36300000,
    "ebitda": 285300000,
    "ebitdaratio": 0.2443473792,
    "operatingIncome": 249000000,
    "operatingIncomeRatio": 0.2132579651,
    "totalOtherIncomeExpensesNet": 0,
    "incomeBeforeTax": 249000000,
    "incomeBeforeTaxRatio": 0.2132579651,
    "incomeTaxExpense": 97900000,
    "netIncome": 151100000,
    "netIncomeRatio": 0.1294107571,
    "eps": 2.25,
    "epsdiluted": 2.11,
    "weightedAverageShsOut": 66756000,
    "weightedAverageShsOutDil": 71185000,
    "link": "https://www.sec.gov/Archives/edgar/data/36270/000091205797009154/0000912057-97-009154-index.html",
    "finalLink": "https://www.sec.gov/Archives/edgar/data/36270/0000912057-97-009154.txt"
  },
  {
    "date": "1995-12-31",
    "symbol": "MTB",
    "reportedCurrency": "USD",
    "cik": "0000036270",
    "fillingDate": "1996-03-15",
    "acceptedDate": "1996-03-15 00:00:00",
    "calendarYear": "1995",
    "period": "FY",
    "revenue": 1077700000,
    "costOfRevenue": 482200000,
    "grossProfit": 595500000,
    "grossProfitRatio": 0.5525656491,
    "researchAndDevelopmentExpenses": 0,
    "generalAndAdministrativeExpenses": 188200000,
    "sellingAndMarketingExpenses": 0,
    "sellingGeneralAndAdministrativeExpenses": 188200000,
    "otherExpenses": 186200000,
    "operatingExpenses": 374400000,
    "costAndExpenses": 856600000,
    "interestIncome": 928200000,
    "interestExpense": 441800000,
    "depreciationAndAmortization": 32100000,
    "ebitda": 253200000,
    "ebitdaratio": 0.2349447898,
    "operatingIncome": 221100000,
    "operatingIncomeRatio": 0.2051591352,
    "totalOtherIncomeExpensesNet": 0,
    "incomeBeforeTax": 221100000,
    "incomeBeforeTaxRatio": 0.2051591352,
    "incomeTaxExpense": 90100000,
    "netIncome": 131000000,
    "netIncomeRatio": 0.1215551638,
    "eps": 1.96,
    "epsdiluted": 1.8,
    "weightedAverageShsOut": 65000000,
    "weightedAverageShsOutDil": 70778000,
    "link": "https://www.sec.gov/Archives/edgar/data/36270/000095014696000453/0000950146-96-000453-index.html",
    "finalLink": "https://www.sec.gov/Archives/edgar/data/36270/0000950146-96-000453.txt"
  },
  {
    "date": "1994-12-31",
    "symbol": "MTB",
    "reportedCurrency": "USD",
    "cik": "0000036270",
    "fillingDate": "1995-03-24",
    "acceptedDate": "1995-03-24 00:00:00",
    "calendarYear": "1994",
    "period": "FY",
    "revenue": 871000000,
    "costOfRevenue": 339700000,
    "grossProfit": 531300000,
    "grossProfitRatio": 0.6099885189,
    "researchAndDevelopmentExpenses": 0,
    "generalAndAdministrativeExpenses": 161200000,
    "sellingAndMarketingExpenses": 0,
    "sellingGeneralAndAdministrativeExpenses": 161200000,
    "otherExpenses": 175600000,
    "operatingExpenses": 336800000,
    "costAndExpenses": 676500000,
    "interestIncome": 747300000,
    "interestExpense": 279200000,
    "depreciationAndAmortization": 17600000,
    "ebitda": 212100000,
    "ebitdaratio": 0.2435132032,
    "operatingIncome": 194500000,
    "operatingIncomeRatio": 0.2233065442,
    "totalOtherIncomeExpensesNet": 0,
    "incomeBeforeTax": 194500000,
    "incomeBeforeTaxRatio": 0.2233065442,
    "incomeTaxExpense": 77200000,
    "netIncome": 117300000,
    "netIncomeRatio": 0.1346727899,
    "eps": 1.64,
    "epsdiluted": 1.57,
    "weightedAverageShsOut": 69541000,
    "weightedAverageShsOutDil": 72374000,
    "link": "https://www.sec.gov/Archives/edgar/data/36270/000088974995000005/0000889749-95-000005-index.html",
    "finalLink": "https://www.sec.gov/Archives/edgar/data/36270/0000889749-95-000005.txt"
  },
  {
    "date": "1993-12-31",
    "symbol": "MTB",
    "reportedCurrency": "USD",
    "cik": "0000036270",
    "fillingDate": "1994-03-18",
    "acceptedDate": "1994-03-18 00:00:00",
    "calendarYear": "1993",
    "period": "FY",
    "revenue": 851200000,
    "costOfRevenue": 349900000,
    "grossProfit": 501300000,
    "grossProfitRatio": 0.5889332707,
    "researchAndDevelopmentExpenses": 0,
    "generalAndAdministrativeExpenses": 154300000,
    "sellingAndMarketingExpenses": 0,
    "sellingGeneralAndAdministrativeExpenses": 154300000,
    "otherExpenses": 173500000,
    "operatingExpenses": 327800000,
    "costAndExpenses": 677700000,
    "interestIncome": 740700000,
    "interestExpense": 269900000,
    "depreciationAndAmortization": 16200000,
    "ebitda": 189700000,
    "ebitdaratio": 0.2228618421,
    "operatingIncome": 173500000,
    "operatingIncomeRatio": 0.2038298872,
    "totalOtherIncomeExpensesNet": 0,
    "incomeBeforeTax": 173500000,
    "incomeBeforeTaxRatio": 0.2038298872,
    "incomeTaxExpense": 71500000,
    "netIncome": 102000000,
    "netIncomeRatio": 0.1198308271,
    "eps": 1.43,
    "epsdiluted": 1.34,
    "weightedAverageShsOut": 68811000,
    "weightedAverageShsOutDil": 73433000,
    "link": "https://www.sec.gov/Archives/edgar/data/36270/000095016794000015/0000950167-94-000015-index.html",
    "finalLink": "https://www.sec.gov/Archives/edgar/data/36270/0000950167-94-000015.txt"
  },
  {
    "date": "1992-12-31",
    "symbol": "MTB",
    "reportedCurrency": "USD",
    "cik": "0000036270",
    "fillingDate": "1992-12-31",
    "acceptedDate": "1992-12-31 00:00:00",
    "calendarYear": "1992",
    "period": "FY",
    "revenue": 889900000,
    "costOfRevenue": 408600000,
    "grossProfit": 481300000,
    "grossProfitRatio": 0.5408472862,
    "researchAndDevelopmentExpenses": 0,
    "generalAndAdministrativeExpenses": 136500000,
    "sellingAndMarketingExpenses": 0,
    "sellingGeneralAndAdministrativeExpenses": 136500000,
    "otherExpenses": 182100000,
    "operatingExpenses": 318600000,
    "costAndExpenses": 727200000,
    "interestIncome": 755600000,
    "interestExpense": 323600000,
    "depreciationAndAmortization": 36100000,
    "ebitda": 198800000,
    "ebitdaratio": 0.2233958872,
    "operatingIncome": 162700000,
    "operatingIncomeRatio": 0.1828295314,
    "totalOtherIncomeExpensesNet": 0,
    "incomeBeforeTax": 162700000,
    "incomeBeforeTaxRatio": 0.1828295314,
    "incomeTaxExpense": 64800000,
    "netIncome": 97900000,
    "netIncomeRatio": 0.1100123609,
    "eps": 1.34,
    "epsdiluted": 1.3,
    "weightedAverageShsOut": 70373000,
    "weightedAverageShsOutDil": 72538000,
    "link": null,
    "finalLink": null
  },
  {
    "date": "1991-12-31",
    "symbol": "MTB",
    "reportedCurrency": "USD",
    "cik": "0000036270",
    "fillingDate": "1991-12-31",
    "acceptedDate": "1991-12-31 00:00:00",
    "calendarYear": "1991",
    "period": "FY",
    "revenue": 851000000,
    "costOfRevenue": 503600000,
    "grossProfit": 347400000,
    "grossProfitRatio": 0.4082256169,
    "researchAndDevelopmentExpenses": 0,
    "generalAndAdministrativeExpenses": 106400000,
    "sellingAndMarketingExpenses": 0,
    "sellingGeneralAndAdministrativeExpenses": 106400000,
    "otherExpenses": 126200000,
    "operatingExpenses": 232600000,
    "costAndExpenses": 736200000,
    "interestIncome": 769000000,
    "interestExpense": 440200000,
    "depreciationAndAmortization": 9600000,
    "ebitda": 124400000,
    "ebitdaratio": 0.1461809636,
    "operatingIncome": 114800000,
    "operatingIncomeRatio": 0.1349001175,
    "totalOtherIncomeExpensesNet": 0,
    "incomeBeforeTax": 114800000,
    "incomeBeforeTaxRatio": 0.1349001175,
    "incomeTaxExpense": 47600000,
    "netIncome": 67200000,
    "netIncomeRatio": 0.0789659224,
    "eps": 0.93,
    "epsdiluted": 0.92,
    "weightedAverageShsOut": 69140000,
    "weightedAverageShsOutDil": 69891000,
    "link": null,
    "finalLink": null
  },
  {
    "date": "1990-12-31",
    "symbol": "MTB",
    "reportedCurrency": "USD",
    "cik": "0000036270",
    "fillingDate": "1990-12-31",
    "acceptedDate": "1990-12-31 00:00:00",
    "calendarYear": "1990",
    "period": "FY",
    "revenue": 713000000,
    "costOfRevenue": 454400000,
    "grossProfit": 258600000,
    "grossProfitRatio": 0.3626928471,
    "researchAndDevelopmentExpenses": 0,
    "generalAndAdministrativeExpenses": 88000000,
    "sellingAndMarketingExpenses": 0,
    "sellingGeneralAndAdministrativeExpenses": 88000000,
    "otherExpenses": 85900000,
    "operatingExpenses": 173900000,
    "costAndExpenses": 628300000,
    "interestIncome": 657400000,
    "interestExpense": 427000000,
    "depreciationAndAmortization": 8100000,
    "ebitda": 92800000,
    "ebitdaratio": 0.1301542777,
    "operatingIncome": 84700000,
    "operatingIncomeRatio": 0.1187938289,
    "totalOtherIncomeExpensesNet": 0,
    "incomeBeforeTax": 84700000,
    "incomeBeforeTaxRatio": 0.1187938289,
    "incomeTaxExpense": 30800000,
    "netIncome": 53900000,
    "netIncomeRatio": 0.0755960729,
    "eps": 0.79,
    "epsdiluted": 0.79,
    "weightedAverageShsOut": 68228000,
    "weightedAverageShsOutDil": 68228000,
    "link": null,
    "finalLink": null
  },
  {
    "date": "1989-12-31",
    "symbol": "MTB",
    "reportedCurrency": "USD",
    "cik": "0000036270",
    "fillingDate": "1989-12-31",
    "acceptedDate": "1989-12-31 00:00:00",
    "calendarYear": "1989",
    "period": "FY",
    "revenue": 627500000,
    "costOfRevenue": 399700000,
    "grossProfit": 227800000,
    "grossProfitRatio": 0.3630278884,
    "researchAndDevelopmentExpenses": 0,
    "generalAndAdministrativeExpenses": 79700000,
    "sellingAndMarketingExpenses": 0,
    "sellingGeneralAndAdministrativeExpenses": 79700000,
    "otherExpenses": 71800000,
    "operatingExpenses": 151500000,
    "costAndExpenses": 551200000,
    "interestIncome": 576600000,
    "interestExpense": 384400000,
    "depreciationAndAmortization": 6900000,
    "ebitda": 83200000,
    "ebitdaratio": 0.1325896414,
    "operatingIncome": 76300000,
    "operatingIncomeRatio": 0.1215936255,
    "totalOtherIncomeExpensesNet": 0,
    "incomeBeforeTax": 76300000,
    "incomeBeforeTaxRatio": 0.1215936255,
    "incomeTaxExpense": 25600000,
    "netIncome": 41200000,
    "netIncomeRatio": 0.0656573705,
    "eps": 0.7,
    "epsdiluted": 0.7,
    "weightedAverageShsOut": 58857000,
    "weightedAverageShsOutDil": 58857000,
    "link": null,
    "finalLink": null
  },
  {
    "date": "1988-12-31",
    "symbol": "MTB",
    "reportedCurrency": "USD",
    "cik": "0000036270",
    "fillingDate": "1988-12-31",
    "acceptedDate": "1988-12-30 19:00:00",
    "calendarYear": "1988",
    "period": "FY",
    "revenue": 0,
    "costOfRevenue": 0,
    "grossProfit": 0,
    "grossProfitRatio": 0,
    "researchAndDevelopmentExpenses": 0,
    "generalAndAdministrativeExpenses": 0,
    "sellingAndMarketingExpenses": 0,
    "sellingGeneralAndAdministrativeExpenses": 0,
    "otherExpenses": 44500000,
    "operatingExpenses": 44500000,
    "costAndExpenses": 44500000,
    "interestIncome": 0,
    "interestExpense": 0,
    "depreciationAndAmortization": 0,
    "ebitda": 44500000,
    "ebitdaratio": 0,
    "operatingIncome": 44500000,
    "operatingIncomeRatio": 0,
    "totalOtherIncomeExpensesNet": 0,
    "incomeBeforeTax": 0,
    "incomeBeforeTaxRatio": 0,
    "incomeTaxExpense": -44500000,
    "netIncome": 44500000,
    "netIncomeRatio": 0,
    "eps": 0.6,
    "epsdiluted": 0.6,
    "weightedAverageShsOut": 74167000,
    "weightedAverageShsOutDil": 74167000,
    "link": "",
    "finalLink": ""
  },
  {
    "date": "1987-12-31",
    "symbol": "MTB",
    "reportedCurrency": "USD",
    "cik": "0000036270",
    "fillingDate": "1987-12-31",
    "acceptedDate": "1987-12-30 19:00:00",
    "calendarYear": "1987",
    "period": "FY",
    "revenue": 0,
    "costOfRevenue": 0,
    "grossProfit": 0,
    "grossProfitRatio": 0,
    "researchAndDevelopmentExpenses": 0,
    "generalAndAdministrativeExpenses": 0,
    "sellingAndMarketingExpenses": 0,
    "sellingGeneralAndAdministrativeExpenses": 0,
    "otherExpenses": 40300000,
    "operatingExpenses": 40300000,
    "costAndExpenses": 40300000,
    "interestIncome": 0,
    "interestExpense": 0,
    "depreciationAndAmortization": 0,
    "ebitda": 40300000,
    "ebitdaratio": 0,
    "operatingIncome": 40300000,
    "operatingIncomeRatio": 0,
    "totalOtherIncomeExpensesNet": 0,
    "incomeBeforeTax": 0,
    "incomeBeforeTaxRatio": 0,
    "incomeTaxExpense": -40300000,
    "netIncome": 40300000,
    "netIncomeRatio": 0,
    "eps": 0.48,
    "epsdiluted": 0.48,
    "weightedAverageShsOut": 83958000,
    "weightedAverageShsOutDil": 83958000,
    "link": "",
    "finalLink": ""
  },
  {
    "date": "1986-12-31",
    "symbol": "MTB",
    "reportedCurrency": "USD",
    "cik": "0000036270",
    "fillingDate": "1986-12-31",
    "acceptedDate": "1986-12-30 19:00:00",
    "calendarYear": "1986",
    "period": "FY",
    "revenue": 0,
    "costOfRevenue": 0,
    "grossProfit": 0,
    "grossProfitRatio": 0,
    "researchAndDevelopmentExpenses": 0,
    "generalAndAdministrativeExpenses": 0,
    "sellingAndMarketingExpenses": 0,
    "sellingGeneralAndAdministrativeExpenses": 0,
    "otherExpenses": 26200000,
    "operatingExpenses": 26200000,
    "costAndExpenses": 26200000,
    "interestIncome": 0,
    "interestExpense": 0,
    "depreciationAndAmortization": 0,
    "ebitda": 26200000,
    "ebitdaratio": 0,
    "operatingIncome": 26200000,
    "operatingIncomeRatio": 0,
    "totalOtherIncomeExpensesNet": 0,
    "incomeBeforeTax": 0,
    "incomeBeforeTaxRatio": 0,
    "incomeTaxExpense": -26200000,
    "netIncome": 26200000,
    "netIncomeRatio": 0,
    "eps": 0.48,
    "epsdiluted": 0.48,
    "weightedAverageShsOut": 54583000,
    "weightedAverageShsOutDil": 54583000,
    "link": "",
    "finalLink": ""
  },
  {
    "date": "1985-12-31",
    "symbol": "MTB",
    "reportedCurrency": "USD",
    "cik": "0000036270",
    "fillingDate": "1985-12-31",
    "acceptedDate": "1985-12-30 19:00:00",
    "calendarYear": "1985",
    "period": "FY",
    "revenue": 0,
    "costOfRevenue": 0,
    "grossProfit": 0,
    "grossProfitRatio": 0,
    "researchAndDevelopmentExpenses": 0,
    "generalAndAdministrativeExpenses": 0,
    "sellingAndMarketingExpenses": 0,
    "sellingGeneralAndAdministrativeExpenses": 0,
    "otherExpenses": 22200000,
    "operatingExpenses": 22200000,
    "costAndExpenses": 22200000,
    "interestIncome": 0,
    "interestExpense": 0,
    "depreciationAndAmortization": 0,
    "ebitda": 22200000,
    "ebitdaratio": 0,
    "operatingIncome": 22200000,
    "operatingIncomeRatio": 0,
    "totalOtherIncomeExpensesNet": 0,
    "incomeBeforeTax": 0,
    "incomeBeforeTaxRatio": 0,
    "incomeTaxExpense": -22200000,
    "netIncome": 22200000,
    "netIncomeRatio": 0,
    "eps": 0.41,
    "epsdiluted": 0.41,
    "weightedAverageShsOut": 54146000,
    "weightedAverageShsOutDil": 54146000,
    "link": "",
    "finalLink": ""
  }
]