[
  {
    "date": "2024-12-31",
    "symbol": "MTCH",
    "reportedCurrency": "USD",
    "cik": "0000891103",
    "fillingDate": "2025-02-27",
    "acceptedDate": "2025-02-27 16:02:50",
    "calendarYear": "2024",
    "period": "FY",
    "revenue": 3479373000,
    "costOfRevenue": 991273000,
    "grossProfit": 2488100000,
    "grossProfitRatio": 0.7151001057,
    "researchAndDevelopmentExpenses": 442175000,
    "generalAndAdministrativeExpenses": 438839000,
    "sellingAndMarketingExpenses": 622100000,
    "sellingGeneralAndAdministrativeExpenses": 1060939000,
    "otherExpenses": 161674000,
    "operatingExpenses": 1664788000,
    "costAndExpenses": 2656061000,
    "interestIncome": 41105000,
    "interestExpense": 160071000,
    "depreciationAndAmortization": 87499000,
    "ebitda": 951626000,
    "ebitdaratio": 0.2735050252,
    "operatingIncome": 823312000,
    "operatingIncomeRatio": 0.2366265416,
    "totalOtherIncomeExpensesNet": -119256000,
    "incomeBeforeTax": 704056000,
    "incomeBeforeTaxRatio": 0.2023514007,
    "incomeTaxExpense": 152743000,
    "netIncome": 551276000,
    "netIncomeRatio": 0.1584411904,
    "eps": 2.12,
    "epsdiluted": 2.02,
    "weightedAverageShsOut": 260299000,
    "weightedAverageShsOutDil": 279063000,
    "link": "https://www.sec.gov/Archives/edgar/data/891103/000089110325000027/0000891103-25-000027-index.htm",
    "finalLink": "https://www.sec.gov/Archives/edgar/data/891103/000089110325000027/mtch-20241231.htm"
  },
  {
    "date": "2023-12-31",
    "symbol": "MTCH",
    "reportedCurrency": "USD",
    "cik": "0000891103",
    "fillingDate": "2024-02-23",
    "acceptedDate": "2024-02-23 08:34:03",
    "calendarYear": "2023",
    "period": "FY",
    "revenue": 3364504000,
    "costOfRevenue": 954014000,
    "grossProfit": 2410490000,
    "grossProfitRatio": 0.7164473575,
    "researchAndDevelopmentExpenses": 384185000,
    "generalAndAdministrativeExpenses": 413609000,
    "sellingAndMarketingExpenses": 586262000,
    "sellingGeneralAndAdministrativeExpenses": 999871000,
    "otherExpenses": 109538000,
    "operatingExpenses": 1493594000,
    "costAndExpenses": 2447608000,
    "interestIncome": 26800000,
    "interestExpense": 159887000,
    "depreciationAndAmortization": 109538000,
    "ebitda": 1046206000,
    "ebitdaratio": 0.3109540069,
    "operatingIncome": 916896000,
    "operatingIncomeRatio": 0.2725204072,
    "totalOtherIncomeExpensesNet": -140115000,
    "incomeBeforeTax": 776781000,
    "incomeBeforeTaxRatio": 0.2308753385,
    "incomeTaxExpense": 125309000,
    "netIncome": 651539000,
    "netIncomeRatio": 0.1936508323,
    "eps": 2.41,
    "epsdiluted": 2.26,
    "weightedAverageShsOut": 275773000,
    "weightedAverageShsOutDil": 293284000,
    "link": "https://www.sec.gov/Archives/edgar/data/891103/000089110324000014/0000891103-24-000014-index.htm",
    "finalLink": "https://www.sec.gov/Archives/edgar/data/891103/000089110324000014/mtch-20231231.htm"
  },
  {
    "date": "2022-12-31",
    "symbol": "MTCH",
    "reportedCurrency": "USD",
    "cik": "0000891103",
    "fillingDate": "2023-02-24",
    "acceptedDate": "2023-02-24 08:14:21",
    "calendarYear": "2022",
    "period": "FY",
    "revenue": 3188843000,
    "costOfRevenue": 959963000,
    "grossProfit": 2228880000,
    "grossProfitRatio": 0.6989619746,
    "researchAndDevelopmentExpenses": 333639000,
    "generalAndAdministrativeExpenses": 435868000,
    "sellingAndMarketingExpenses": 534517000,
    "sellingGeneralAndAdministrativeExpenses": 970385000,
    "otherExpenses": 43594000,
    "operatingExpenses": 1347618000,
    "costAndExpenses": 2307581000,
    "interestIncome": 4400000,
    "interestExpense": 145547000,
    "depreciationAndAmortization": 139751000,
    "ebitda": 662789000,
    "ebitdaratio": 0.2078462314,
    "operatingIncome": 889295000,
    "operatingIncomeRatio": 0.2788770096,
    "totalOtherIncomeExpensesNet": -137514000,
    "incomeBeforeTax": 377491000,
    "incomeBeforeTaxRatio": 0.1183786721,
    "incomeTaxExpense": 15361000,
    "netIncome": 361946000,
    "netIncomeRatio": 0.1135038633,
    "eps": 1.28,
    "epsdiluted": 1.24,
    "weightedAverageShsOut": 282564000,
    "weightedAverageShsOutDil": 295215000,
    "link": "https://www.sec.gov/Archives/edgar/data/891103/000089110323000013/0000891103-23-000013-index.htm",
    "finalLink": "https://www.sec.gov/Archives/edgar/data/891103/000089110323000013/mtch-20221231.htm"
  },
  {
    "date": "2021-12-31",
    "symbol": "MTCH",
    "reportedCurrency": "USD",
    "cik": "0000891103",
    "fillingDate": "2022-02-24",
    "acceptedDate": "2022-02-24 16:06:26",
    "calendarYear": "2021",
    "period": "FY",
    "revenue": 2983277000,
    "costOfRevenue": 839308000,
    "grossProfit": 2143969000,
    "grossProfitRatio": 0.7186623971,
    "researchAndDevelopmentExpenses": 241049000,
    "generalAndAdministrativeExpenses": 414821000,
    "sellingAndMarketingExpenses": 566459000,
    "sellingGeneralAndAdministrativeExpenses": 981280000,
    "otherExpenses": 69961000,
    "operatingExpenses": 1292290000,
    "costAndExpenses": 2131598000,
    "interestIncome": 0,
    "interestExpense": 130493000,
    "depreciationAndAmortization": 69961000,
    "ebitda": 921640000,
    "ebitdaratio": 0.3089354425,
    "operatingIncome": 386641000,
    "operatingIncomeRatio": 0.1296027824,
    "totalOtherIncomeExpensesNet": -595531000,
    "incomeBeforeTax": 256148000,
    "incomeBeforeTaxRatio": 0.0858612861,
    "incomeTaxExpense": -19897000,
    "netIncome": 277723000,
    "netIncomeRatio": 0.0930932662,
    "eps": 1.01,
    "epsdiluted": 0.93,
    "weightedAverageShsOut": 275004000,
    "weightedAverageShsOutDil": 304840000,
    "link": "https://www.sec.gov/Archives/edgar/data/891103/000089110322000020/0000891103-22-000020-index.htm",
    "finalLink": "https://www.sec.gov/Archives/edgar/data/891103/000089110322000020/mtch-20211231.htm"
  },
  {
    "date": "2020-12-31",
    "symbol": "MTCH",
    "reportedCurrency": "USD",
    "cik": "0000891103",
    "fillingDate": "2021-02-25",
    "acceptedDate": "2021-02-25 16:01:22",
    "calendarYear": "2020",
    "period": "FY",
    "revenue": 2391269000,
    "costOfRevenue": 635833000,
    "grossProfit": 1755436000,
    "grossProfitRatio": 0.7341022695,
    "researchAndDevelopmentExpenses": 169811000,
    "generalAndAdministrativeExpenses": 311207000,
    "sellingAndMarketingExpenses": 479907000,
    "sellingGeneralAndAdministrativeExpenses": 791114000,
    "otherExpenses": 48796000,
    "operatingExpenses": 1009721000,
    "costAndExpenses": 1645554000,
    "interestIncome": 0,
    "interestExpense": 130624000,
    "depreciationAndAmortization": 48796000,
    "ebitda": 794511000,
    "ebitdaratio": 0.3322549659,
    "operatingIncome": 745715000,
    "operatingIncomeRatio": 0.3118490642,
    "totalOtherIncomeExpensesNet": -114763000,
    "incomeBeforeTax": 630952000,
    "incomeBeforeTaxRatio": 0.2638565548,
    "incomeTaxExpense": 43273000,
    "netIncome": 587679000,
    "netIncomeRatio": 0.2457603055,
    "eps": 2.36,
    "epsdiluted": 2.09,
    "weightedAverageShsOut": 223433000,
    "weightedAverageShsOutDil": 256020000,
    "link": "https://www.sec.gov/Archives/edgar/data/891103/000089110321000014/0000891103-21-000014-index.htm",
    "finalLink": "https://www.sec.gov/Archives/edgar/data/891103/000089110321000014/mtch-20201231.htm"
  },
  {
    "date": "2019-12-31",
    "symbol": "MTCH",
    "reportedCurrency": "USD",
    "cik": "0000891103",
    "fillingDate": "2020-04-29",
    "acceptedDate": "2020-04-29 16:06:37",
    "calendarYear": "2019",
    "period": "FY",
    "revenue": 4757055000,
    "costOfRevenue": 1127420000,
    "grossProfit": 3629635000,
    "grossProfitRatio": 0.7630004278,
    "researchAndDevelopmentExpenses": 345417000,
    "generalAndAdministrativeExpenses": 888950000,
    "sellingAndMarketingExpenses": 1629623000,
    "sellingGeneralAndAdministrativeExpenses": 2518573000,
    "otherExpenses": 180994000,
    "operatingExpenses": 3044984000,
    "costAndExpenses": 4172404000,
    "interestIncome": 0,
    "interestExpense": 153563000,
    "depreciationAndAmortization": 180994000,
    "ebitda": 686510000,
    "ebitdaratio": 0.1443140767,
    "operatingIncome": 581333000,
    "operatingIncomeRatio": 0.1222043891,
    "totalOtherIncomeExpensesNet": -150943000,
    "incomeBeforeTax": 494511000,
    "incomeBeforeTaxRatio": 0.1039531811,
    "incomeTaxExpense": -49309000,
    "netIncome": 431131000,
    "netIncomeRatio": 0.0906298119,
    "eps": 2.22,
    "epsdiluted": 1.9,
    "weightedAverageShsOut": 181748662,
    "weightedAverageShsOutDil": 206789589,
    "link": "https://www.sec.gov/Archives/edgar/data/891103/000110465920053357/0001104659-20-053357-index.htm",
    "finalLink": "https://www.sec.gov/Archives/edgar/data/891103/000110465920053357/tm2011652-2_10ka.htm"
  },
  {
    "date": "2018-12-31",
    "symbol": "MTCH",
    "reportedCurrency": "USD",
    "cik": "0000891103",
    "fillingDate": "2019-02-28",
    "acceptedDate": "2019-02-28 16:14:48",
    "calendarYear": "2018",
    "period": "FY",
    "revenue": 4262892000,
    "costOfRevenue": 911146000,
    "grossProfit": 3351746000,
    "grossProfitRatio": 0.7862610641,
    "researchAndDevelopmentExpenses": 309329000,
    "generalAndAdministrativeExpenses": 774079000,
    "sellingAndMarketingExpenses": 1519440000,
    "sellingGeneralAndAdministrativeExpenses": 2293519000,
    "otherExpenses": 305746000,
    "operatingExpenses": 2786607000,
    "costAndExpenses": 3697753000,
    "interestIncome": 0,
    "interestExpense": 109327000,
    "depreciationAndAmortization": 183759000,
    "ebitda": 585934000,
    "ebitdaratio": 0.1374498814,
    "operatingIncome": 565139000,
    "operatingIncomeRatio": 0.1325717377,
    "totalOtherIncomeExpensesNet": -87058000,
    "incomeBeforeTax": 761558000,
    "incomeBeforeTaxRatio": 0.1786482041,
    "incomeTaxExpense": 3811000,
    "netIncome": 626961000,
    "netIncomeRatio": 0.147074099,
    "eps": 3.48,
    "epsdiluted": 3.05,
    "weightedAverageShsOut": 179951147,
    "weightedAverageShsOutDil": 205346377,
    "link": "https://www.sec.gov/Archives/edgar/data/1575189/000157518919000020/0001575189-19-000020-index.htm",
    "finalLink": "https://www.sec.gov/Archives/edgar/data/1575189/000157518919000020/mtch10-k20181231.htm"
  },
  {
    "date": "2017-12-31",
    "symbol": "MTCH",
    "reportedCurrency": "USD",
    "cik": "0000891103",
    "fillingDate": "2018-03-01",
    "acceptedDate": "2018-03-01 16:02:24",
    "calendarYear": "2017",
    "period": "FY",
    "revenue": 3307239000,
    "costOfRevenue": 651008000,
    "grossProfit": 2656231000,
    "grossProfitRatio": 0.8031566512,
    "researchAndDevelopmentExpenses": 250879000,
    "generalAndAdministrativeExpenses": 719257000,
    "sellingAndMarketingExpenses": 1381221000,
    "sellingGeneralAndAdministrativeExpenses": 2100478000,
    "otherExpenses": -16213000,
    "operatingExpenses": 2467765000,
    "costAndExpenses": 3118773000,
    "interestIncome": 0,
    "interestExpense": 105295000,
    "depreciationAndAmortization": 116408000,
    "ebitda": 391075000,
    "ebitdaratio": 0.1182481822,
    "operatingIncome": 188466000,
    "operatingIncomeRatio": 0.0569859027,
    "totalOtherIncomeExpensesNet": -121508000,
    "incomeBeforeTax": 66958000,
    "incomeBeforeTaxRatio": 0.0202458909,
    "incomeTaxExpense": -291050000,
    "netIncome": 304924000,
    "netIncomeRatio": 0.0921989611,
    "eps": 1.77,
    "epsdiluted": 1.47,
    "weightedAverageShsOut": 172864097,
    "weightedAverageShsOutDil": 184133104,
    "link": "https://www.sec.gov/Archives/edgar/data/1575189/000157518918000019/0001575189-18-000019-index.htm",
    "finalLink": "https://www.sec.gov/Archives/edgar/data/1575189/000157518918000019/mtch10-k20171231.htm"
  },
  {
    "date": "2016-12-31",
    "symbol": "MTCH",
    "reportedCurrency": "USD",
    "cik": "0000891103",
    "fillingDate": "2017-02-28",
    "acceptedDate": "2017-02-28 16:27:36",
    "calendarYear": "2016",
    "period": "FY",
    "revenue": 3139882000,
    "costOfRevenue": 755730000,
    "grossProfit": 2384152000,
    "grossProfitRatio": 0.7593126111,
    "researchAndDevelopmentExpenses": 197885000,
    "generalAndAdministrativeExpenses": 547160000,
    "sellingAndMarketingExpenses": 1245263000,
    "sellingGeneralAndAdministrativeExpenses": 1792423000,
    "otherExpenses": 60461000,
    "operatingExpenses": 2141410000,
    "costAndExpenses": 2897140000,
    "interestIncome": 0,
    "interestExpense": 109110000,
    "depreciationAndAmortization": 151102000,
    "ebitda": 179127000,
    "ebitdaratio": 0.0570489592,
    "operatingIncome": -32625000,
    "operatingIncomeRatio": -0.0103905179,
    "totalOtherIncomeExpensesNet": -48460000,
    "incomeBeforeTax": -81274000,
    "incomeBeforeTaxRatio": -0.0258844122,
    "incomeTaxExpense": -64934000,
    "netIncome": -41280000,
    "netIncomeRatio": -0.0131469909,
    "eps": -0.24,
    "epsdiluted": -0.24,
    "weightedAverageShsOut": 171357409,
    "weightedAverageShsOutDil": 172769128,
    "link": "https://www.sec.gov/Archives/edgar/data/1575189/000157518917000003/0001575189-17-000003-index.htm",
    "finalLink": "https://www.sec.gov/Archives/edgar/data/1575189/000157518917000003/mtch-20161231x10k.htm"
  },
  {
    "date": "2015-12-31",
    "symbol": "MTCH",
    "reportedCurrency": "USD",
    "cik": "0000891103",
    "fillingDate": "2016-04-29",
    "acceptedDate": "2016-04-29 16:56:01",
    "calendarYear": "2015",
    "period": "FY",
    "revenue": 3230933000,
    "costOfRevenue": 778161000,
    "grossProfit": 2452772000,
    "grossProfitRatio": 0.7591528515,
    "researchAndDevelopmentExpenses": 185766000,
    "generalAndAdministrativeExpenses": 525629000,
    "sellingAndMarketingExpenses": 1345576000,
    "sellingGeneralAndAdministrativeExpenses": 1871205000,
    "otherExpenses": 36149000,
    "operatingExpenses": 2259128000,
    "costAndExpenses": 3037289000,
    "interestIncome": 4349000,
    "interestExpense": 73636000,
    "depreciationAndAmortization": 202157000,
    "ebitda": 418683000,
    "ebitdaratio": 0.1295857884,
    "operatingIncome": 179588000,
    "operatingIncomeRatio": 0.0555839443,
    "totalOtherIncomeExpensesNet": -36698000,
    "incomeBeforeTax": 142873000,
    "incomeBeforeTaxRatio": 0.0442203537,
    "incomeTaxExpense": 29516000,
    "netIncome": 119472000,
    "netIncomeRatio": 0.0369775542,
    "eps": 0.67,
    "epsdiluted": 0.62,
    "weightedAverageShsOut": 179026329,
    "weightedAverageShsOutDil": 190515492,
    "link": "https://www.sec.gov/Archives/edgar/data/891103/000110465916116267/0001104659-16-116267-index.htm",
    "finalLink": "https://www.sec.gov/Archives/edgar/data/891103/000110465916116267/a16-8615_110ka.htm"
  },
  {
    "date": "2014-12-31",
    "symbol": "MTCH",
    "reportedCurrency": "USD",
    "cik": "0000891103",
    "fillingDate": "2015-02-27",
    "acceptedDate": "2015-02-27 16:34:28",
    "calendarYear": "2014",
    "period": "FY",
    "revenue": 3109547000,
    "costOfRevenue": 883176000,
    "grossProfit": 2226371000,
    "grossProfitRatio": 0.7159792085,
    "researchAndDevelopmentExpenses": 160515000,
    "generalAndAdministrativeExpenses": 443610000,
    "sellingAndMarketingExpenses": 1124437000,
    "sellingGeneralAndAdministrativeExpenses": 1568047000,
    "otherExpenses": -42787000,
    "operatingExpenses": 1847644000,
    "costAndExpenses": 2730820000,
    "interestIncome": 4352000,
    "interestExpense": 56314000,
    "depreciationAndAmortization": 119082000,
    "ebitda": 484442000,
    "ebitdaratio": 0.1557918243,
    "operatingIncome": 378727000,
    "operatingIncomeRatio": 0.121794911,
    "totalOtherIncomeExpensesNet": -108798000,
    "incomeBeforeTax": 269929000,
    "incomeBeforeTaxRatio": 0.0868065348,
    "incomeTaxExpense": 35372000,
    "netIncome": 414873000,
    "netIncomeRatio": 0.1334191122,
    "eps": 2.31,
    "epsdiluted": 2.17,
    "weightedAverageShsOut": 179777452,
    "weightedAverageShsOutDil": 191143587,
    "link": "https://www.sec.gov/Archives/edgar/data/891103/000089110315000004/0000891103-15-000004-index.htm",
    "finalLink": "https://www.sec.gov/Archives/edgar/data/891103/000089110315000004/iaci-20141231x10k.htm"
  },
  {
    "date": "2013-12-31",
    "symbol": "MTCH",
    "reportedCurrency": "USD",
    "cik": "0000891103",
    "fillingDate": "2014-02-26",
    "acceptedDate": "2014-02-26 17:20:11",
    "calendarYear": "2013",
    "period": "FY",
    "revenue": 3022987000,
    "costOfRevenue": 1000101000,
    "grossProfit": 2022886000,
    "grossProfitRatio": 0.6691679455,
    "researchAndDevelopmentExpenses": 141330000,
    "generalAndAdministrativeExpenses": 372470000,
    "sellingAndMarketingExpenses": 964131000,
    "sellingGeneralAndAdministrativeExpenses": 1336601000,
    "otherExpenses": 30309000,
    "operatingExpenses": 1596683000,
    "costAndExpenses": 2596784000,
    "interestIncome": 2608000,
    "interestExpense": 33596000,
    "depreciationAndAmortization": 118752000,
    "ebitda": 568649000,
    "ebitdaratio": 0.188108318,
    "operatingIncome": 426203000,
    "operatingIncomeRatio": 0.1409873744,
    "totalOtherIncomeExpensesNet": -9902000,
    "incomeBeforeTax": 416301000,
    "incomeBeforeTaxRatio": 0.1377118062,
    "incomeTaxExpense": 134502000,
    "netIncome": 285784000,
    "netIncomeRatio": 0.0945369596,
    "eps": 1.58,
    "epsdiluted": 1.52,
    "weightedAverageShsOut": 180183232,
    "weightedAverageShsOutDil": 187223932,
    "link": "https://www.sec.gov/Archives/edgar/data/891103/000089110314000003/0000891103-14-000003-index.htm",
    "finalLink": "https://www.sec.gov/Archives/edgar/data/891103/000089110314000003/iaci-20131231x10k.htm"
  },
  {
    "date": "2012-12-31",
    "symbol": "MTCH",
    "reportedCurrency": "USD",
    "cik": "0000891103",
    "fillingDate": "2013-03-01",
    "acceptedDate": "2013-03-01 08:16:02",
    "calendarYear": "2012",
    "period": "FY",
    "revenue": 2800933000,
    "costOfRevenue": 992470000,
    "grossProfit": 1808463000,
    "grossProfitRatio": 0.6456644982,
    "researchAndDevelopmentExpenses": 101869000,
    "generalAndAdministrativeExpenses": 396013000,
    "sellingAndMarketingExpenses": 898761000,
    "sellingGeneralAndAdministrativeExpenses": 1294774000,
    "otherExpenses": -65000,
    "operatingExpenses": 1484895000,
    "costAndExpenses": 2477365000,
    "interestIncome": 3462000,
    "interestExpense": 6149000,
    "depreciationAndAmortization": 88252000,
    "ebitda": 383463000,
    "ebitdaratio": 0.1369054526,
    "operatingIncome": 323568000,
    "operatingIncomeRatio": 0.1155215066,
    "totalOtherIncomeExpensesNet": -34506000,
    "incomeBeforeTax": 289062000,
    "incomeBeforeTaxRatio": 0.1032020402,
    "incomeTaxExpense": 119215000,
    "netIncome": 159266000,
    "netIncomeRatio": 0.0568617671,
    "eps": 0.86,
    "epsdiluted": 0.79,
    "weightedAverageShsOut": 186155524,
    "weightedAverageShsOutDil": 200923297,
    "link": "https://www.sec.gov/Archives/edgar/data/891103/000144530513000404/0001445305-13-000404-index.htm",
    "finalLink": "https://www.sec.gov/Archives/edgar/data/891103/000144530513000404/iaci-20121231x10k.htm"
  },
  {
    "date": "2011-12-31",
    "symbol": "MTCH",
    "reportedCurrency": "USD",
    "cik": "0000891103",
    "fillingDate": "2012-02-29",
    "acceptedDate": "2012-02-29 16:11:26",
    "calendarYear": "2011",
    "period": "FY",
    "revenue": 2059444000,
    "costOfRevenue": 761244000,
    "grossProfit": 1298200000,
    "grossProfitRatio": 0.6303643119,
    "researchAndDevelopmentExpenses": 78760000,
    "generalAndAdministrativeExpenses": 328728000,
    "sellingAndMarketingExpenses": 614174000,
    "sellingGeneralAndAdministrativeExpenses": 942902000,
    "otherExpenses": 78776000,
    "operatingExpenses": 1100438000,
    "costAndExpenses": 1861682000,
    "interestIncome": 5205000,
    "interestExpense": 5430000,
    "depreciationAndAmortization": 78776000,
    "ebitda": 255728000,
    "ebitdaratio": 0.1241733206,
    "operatingIncome": 197762000,
    "operatingIncomeRatio": 0.0960268888,
    "totalOtherIncomeExpensesNet": -26240000,
    "incomeBeforeTax": 171522000,
    "incomeBeforeTaxRatio": 0.0832855858,
    "incomeTaxExpense": -4047000,
    "netIncome": 174233000,
    "netIncomeRatio": 0.0846019605,
    "eps": 0.93,
    "epsdiluted": 0.86,
    "weightedAverageShsOut": 187251992,
    "weightedAverageShsOutDil": 203582446,
    "link": "https://www.sec.gov/Archives/edgar/data/891103/000104746912001904/0001047469-12-001904-index.htm",
    "finalLink": "https://www.sec.gov/Archives/edgar/data/891103/000104746912001904/a2207251z10-k.htm"
  },
  {
    "date": "2010-12-31",
    "symbol": "MTCH",
    "reportedCurrency": "USD",
    "cik": "0000891103",
    "fillingDate": "2012-02-01",
    "acceptedDate": "2012-02-01 07:39:37",
    "calendarYear": "2010",
    "period": "FY",
    "revenue": 1636815000,
    "costOfRevenue": 593816000,
    "grossProfit": 1042999000,
    "grossProfitRatio": 0.6372125133,
    "researchAndDevelopmentExpenses": 65097000,
    "generalAndAdministrativeExpenses": 316500000,
    "sellingAndMarketingExpenses": 492206000,
    "sellingGeneralAndAdministrativeExpenses": 808706000,
    "otherExpenses": 91369000,
    "operatingExpenses": 965172000,
    "costAndExpenses": 1558988000,
    "interestIncome": 6517000,
    "interestExpense": 5404000,
    "depreciationAndAmortization": 91369000,
    "ebitda": 119459000,
    "ebitdaratio": 0.0729825912,
    "operatingIncome": 49795000,
    "operatingIncomeRatio": 0.0304218864,
    "totalOtherIncomeExpensesNet": -27109000,
    "incomeBeforeTax": 22686000,
    "incomeBeforeTaxRatio": 0.0138598437,
    "incomeTaxExpense": 32079000,
    "netIncome": 99359000,
    "netIncomeRatio": 0.0607026451,
    "eps": 0.43,
    "epsdiluted": 0.43,
    "weightedAverageShsOut": 230598350,
    "weightedAverageShsOutDil": 230598350,
    "link": "https://www.sec.gov/Archives/edgar/data/891103/000104746912000530/0001047469-12-000530-index.htm",
    "finalLink": "https://www.sec.gov/Archives/edgar/data/891103/000104746912000530/a2207033z10-ka.htm"
  },
  {
    "date": "2009-12-31",
    "symbol": "MTCH",
    "reportedCurrency": "USD",
    "cik": "0000891103",
    "fillingDate": "2010-02-26",
    "acceptedDate": "2010-02-26 16:27:43",
    "calendarYear": "2009",
    "period": "FY",
    "revenue": 1375788000,
    "costOfRevenue": 449790000,
    "grossProfit": 925998000,
    "grossProfitRatio": 0.6730673621,
    "researchAndDevelopmentExpenses": 64307000,
    "generalAndAdministrativeExpenses": 289462000,
    "sellingAndMarketingExpenses": 474639000,
    "sellingGeneralAndAdministrativeExpenses": 764101000,
    "otherExpenses": 238172000,
    "operatingExpenses": 1066580000,
    "costAndExpenses": 1516370000,
    "interestIncome": 10218000,
    "interestExpense": 5823000,
    "depreciationAndAmortization": 238172000,
    "ebitda": -722754000,
    "ebitdaratio": -0.5253382062,
    "operatingIncome": -1058506000,
    "operatingIncomeRatio": -0.7693816198,
    "totalOtherIncomeExpensesNet": 22017000,
    "incomeBeforeTax": -967531000,
    "incomeBeforeTaxRatio": -0.7032558795,
    "incomeTaxExpense": 1485000,
    "netIncome": -978822000,
    "netIncomeRatio": -0.7114628126,
    "eps": -3.27,
    "epsdiluted": -3.27,
    "weightedAverageShsOut": 299247791,
    "weightedAverageShsOutDil": 299247791,
    "link": "https://www.sec.gov/Archives/edgar/data/891103/000104746910001538/0001047469-10-001538-index.htm",
    "finalLink": "https://www.sec.gov/Archives/edgar/data/891103/000104746910001538/a2196498z10-k.htm"
  },
  {
    "date": "2008-12-31",
    "symbol": "MTCH",
    "reportedCurrency": "USD",
    "cik": "0000891103",
    "fillingDate": "2009-03-02",
    "acceptedDate": "2009-02-27 21:45:15",
    "calendarYear": "2008",
    "period": "FY",
    "revenue": 1445095000,
    "costOfRevenue": 518192000,
    "grossProfit": 926903000,
    "grossProfitRatio": 0.6414131943,
    "researchAndDevelopmentExpenses": 65457000,
    "generalAndAdministrativeExpenses": 343504000,
    "sellingAndMarketingExpenses": 433332000,
    "sellingGeneralAndAdministrativeExpenses": 776836000,
    "otherExpenses": 146571000,
    "operatingExpenses": 988864000,
    "costAndExpenses": 1507056000,
    "interestIncome": 24759000,
    "interestExpense": 17130000,
    "depreciationAndAmortization": 114969000,
    "ebitda": -61799000,
    "ebitdaratio": -0.0427646625,
    "operatingIncome": -61961000,
    "operatingIncomeRatio": -0.0428767659,
    "totalOtherIncomeExpensesNet": -43546000,
    "incomeBeforeTax": 93483000,
    "incomeBeforeTaxRatio": 0.0646898647,
    "incomeTaxExpense": -37697000,
    "netIncome": -156201000,
    "netIncomeRatio": -0.1080904716,
    "eps": -0.52,
    "epsdiluted": -0.5,
    "weightedAverageShsOut": 301852240,
    "weightedAverageShsOutDil": 310757798,
    "link": "https://www.sec.gov/Archives/edgar/data/891103/000104746909002040/0001047469-09-002040-index.htm",
    "finalLink": "https://www.sec.gov/Archives/edgar/data/891103/000104746909002040/a2190666z10-k.htm"
  },
  {
    "date": "2007-12-31",
    "symbol": "MTCH",
    "reportedCurrency": "USD",
    "cik": "0000891103",
    "fillingDate": "2008-02-29",
    "acceptedDate": "2008-02-29 14:45:34",
    "calendarYear": "2007",
    "period": "FY",
    "revenue": 6373410000,
    "costOfRevenue": 3374456000,
    "grossProfit": 2998954000,
    "grossProfitRatio": 0.4705415155,
    "researchAndDevelopmentExpenses": 0,
    "generalAndAdministrativeExpenses": 842938000,
    "sellingAndMarketingExpenses": 1343542000,
    "sellingGeneralAndAdministrativeExpenses": 2292809000,
    "otherExpenses": 865709000,
    "operatingExpenses": 3158518000,
    "costAndExpenses": 6532974000,
    "interestIncome": 67516000,
    "interestExpense": 301831000,
    "depreciationAndAmortization": 362811000,
    "ebitda": 284307000,
    "ebitdaratio": 0.0446083023,
    "operatingIncome": -159564000,
    "operatingIncomeRatio": -0.0250358913,
    "totalOtherIncomeExpensesNet": 87486000,
    "incomeBeforeTax": -72078000,
    "incomeBeforeTaxRatio": -0.0113091736,
    "incomeTaxExpense": 138052000,
    "netIncome": -144069000,
    "netIncomeRatio": -0.0226046967,
    "eps": -0.47,
    "epsdiluted": -0.47,
    "weightedAverageShsOut": 308312331,
    "weightedAverageShsOutDil": 308312331,
    "link": "https://www.sec.gov/Archives/edgar/data/891103/000104746908002034/0001047469-08-002034-index.htm",
    "finalLink": "https://www.sec.gov/Archives/edgar/data/891103/000104746908002034/a2182953z10-k.htm"
  },
  {
    "date": "2006-12-31",
    "symbol": "MTCH",
    "reportedCurrency": "USD",
    "cik": "0000891103",
    "fillingDate": "2007-03-01",
    "acceptedDate": "2007-03-01 16:58:45",
    "calendarYear": "2006",
    "period": "FY",
    "revenue": 6277638000,
    "costOfRevenue": 3221230000,
    "grossProfit": 3056408000,
    "grossProfitRatio": 0.4868722918,
    "researchAndDevelopmentExpenses": 0,
    "generalAndAdministrativeExpenses": 786864000,
    "sellingAndMarketingExpenses": 1311910000,
    "sellingGeneralAndAdministrativeExpenses": 2237617000,
    "otherExpenses": 565420000,
    "operatingExpenses": 2803037000,
    "costAndExpenses": 6024267000,
    "interestIncome": 72587000,
    "interestExpense": 125300000,
    "depreciationAndAmortization": 405900000,
    "ebitda": 253371000,
    "ebitdaratio": 0.040360881,
    "operatingIncome": 253371000,
    "operatingIncomeRatio": 0.040360881,
    "totalOtherIncomeExpensesNet": -329231000,
    "incomeBeforeTax": 299378000,
    "incomeBeforeTaxRatio": 0.0476895928,
    "incomeTaxExpense": 125137000,
    "netIncome": 192635000,
    "netIncomeRatio": 0.0306859045,
    "eps": 0.57,
    "epsdiluted": 0.55,
    "weightedAverageShsOut": 330951718,
    "weightedAverageShsOutDil": 342170420,
    "link": "https://www.sec.gov/Archives/edgar/data/891103/000104746907001535/0001047469-07-001535-index.htm",
    "finalLink": "https://www.sec.gov/Archives/edgar/data/891103/000104746907001535/a2176367z10-k.htm"
  },
  {
    "date": "2005-12-31",
    "symbol": "MTCH",
    "reportedCurrency": "USD",
    "cik": "0000891103",
    "fillingDate": "2006-03-13",
    "acceptedDate": "2006-03-13 14:42:58",
    "calendarYear": "2005",
    "period": "FY",
    "revenue": 5753671000,
    "costOfRevenue": 3128171000,
    "grossProfit": 2625500000,
    "grossProfitRatio": 0.4563173668,
    "researchAndDevelopmentExpenses": 0,
    "generalAndAdministrativeExpenses": 666044000,
    "sellingAndMarketingExpenses": 948762000,
    "sellingGeneralAndAdministrativeExpenses": 1614806000,
    "otherExpenses": 666465000,
    "operatingExpenses": 2281271000,
    "costAndExpenses": 5409442000,
    "interestIncome": 0,
    "interestExpense": 0,
    "depreciationAndAmortization": 543614000,
    "ebitda": 708912000,
    "ebitdaratio": 0.1232103817,
    "operatingIncome": 344229000,
    "operatingIncomeRatio": 0.0598277169,
    "totalOtherIncomeExpensesNet": 601993000,
    "incomeBeforeTax": 989456000,
    "incomeBeforeTaxRatio": 0.171969513,
    "incomeTaxExpense": 391069000,
    "netIncome": 876150000,
    "netIncomeRatio": 0.1522766943,
    "eps": 2.43,
    "epsdiluted": 2.26,
    "weightedAverageShsOut": 354960002,
    "weightedAverageShsOutDil": 381145575,
    "link": "https://www.sec.gov/Archives/edgar/data/891103/000104746906003277/0001047469-06-003277-index.htm",
    "finalLink": "https://www.sec.gov/Archives/edgar/data/891103/000104746906003277/a2168042z10-k.htm"
  },
  {
    "date": "2004-12-31",
    "symbol": "MTCH",
    "reportedCurrency": "USD",
    "cik": "0000891103",
    "fillingDate": "2005-03-16",
    "acceptedDate": "2005-03-16 15:46:56",
    "calendarYear": "2004",
    "period": "FY",
    "revenue": 6192680000,
    "costOfRevenue": 2823952000,
    "grossProfit": 3368728000,
    "grossProfitRatio": 0.5439854796,
    "researchAndDevelopmentExpenses": 0,
    "generalAndAdministrativeExpenses": 746853000,
    "sellingAndMarketingExpenses": 1203370000,
    "sellingGeneralAndAdministrativeExpenses": 2092583000,
    "otherExpenses": 1042097000,
    "operatingExpenses": 3134680000,
    "costAndExpenses": 5958632000,
    "interestIncome": 191679000,
    "interestExpense": 76323000,
    "depreciationAndAmortization": 857478000,
    "ebitda": 543378000,
    "ebitdaratio": 0.0877452089,
    "operatingIncome": 232506000,
    "operatingIncomeRatio": 0.0375452954,
    "totalOtherIncomeExpensesNet": 152512000,
    "incomeBeforeTax": 364947000,
    "incomeBeforeTaxRatio": 0.0589319971,
    "incomeTaxExpense": 179186000,
    "netIncome": 164861000,
    "netIncomeRatio": 0.0266219149,
    "eps": 0.45,
    "epsdiluted": 0.42,
    "weightedAverageShsOut": 368148456,
    "weightedAverageShsOutDil": 394212340,
    "link": "https://www.sec.gov/Archives/edgar/data/891103/000104746905006738/0001047469-05-006738-index.htm",
    "finalLink": "https://www.sec.gov/Archives/edgar/data/891103/000104746905006738/a2153253z10-k.htm"
  },
  {
    "date": "2003-12-31",
    "symbol": "MTCH",
    "reportedCurrency": "USD",
    "cik": "0000891103",
    "fillingDate": "2004-06-23",
    "acceptedDate": "2004-06-23 13:08:09",
    "calendarYear": "2003",
    "period": "FY",
    "revenue": 6328118000,
    "costOfRevenue": 3469039000,
    "grossProfit": 2859079000,
    "grossProfitRatio": 0.4518055763,
    "researchAndDevelopmentExpenses": 0,
    "generalAndAdministrativeExpenses": 711781000,
    "sellingAndMarketingExpenses": 935820000,
    "sellingGeneralAndAdministrativeExpenses": 1764014000,
    "otherExpenses": 683101000,
    "operatingExpenses": 2447115000,
    "costAndExpenses": 5916154000,
    "interestIncome": 175822000,
    "interestExpense": 185658000,
    "depreciationAndAmortization": 685742000,
    "ebitda": 574931000,
    "ebitdaratio": 0.0908533943,
    "operatingIncome": 400183000,
    "operatingIncomeRatio": 0.063238865,
    "totalOtherIncomeExpensesNet": -413688000,
    "incomeBeforeTax": 197348000,
    "incomeBeforeTaxRatio": 0.0311858913,
    "incomeTaxExpense": 70691000,
    "netIncome": 167396000,
    "netIncomeRatio": 0.0264527305,
    "eps": 0.45,
    "epsdiluted": 0.45,
    "weightedAverageShsOut": 374786375,
    "weightedAverageShsOutDil": 374786375,
    "link": "https://www.sec.gov/Archives/edgar/data/891103/000104746904021434/0001047469-04-021434-index.htm",
    "finalLink": "https://www.sec.gov/Archives/edgar/data/891103/000104746904021434/a2138533z10-ka.htm"
  },
  {
    "date": "2002-12-31",
    "symbol": "MTCH",
    "reportedCurrency": "USD",
    "cik": "0000891103",
    "fillingDate": "2003-03-31",
    "acceptedDate": "2003-03-28 20:14:49",
    "calendarYear": "2002",
    "period": "FY",
    "revenue": 4621224000,
    "costOfRevenue": 2818443000,
    "grossProfit": 1802781000,
    "grossProfitRatio": 0.3901089841,
    "researchAndDevelopmentExpenses": 0,
    "generalAndAdministrativeExpenses": 521000000,
    "sellingAndMarketingExpenses": 580173000,
    "sellingGeneralAndAdministrativeExpenses": 1189070000,
    "otherExpenses": 452572000,
    "operatingExpenses": 1641642000,
    "costAndExpenses": 4460085000,
    "interestIncome": 0,
    "interestExpense": 0,
    "depreciationAndAmortization": 380527000,
    "ebitda": 645073000,
    "ebitdaratio": 0.1395892084,
    "operatingIncome": 86753000,
    "operatingIncomeRatio": 0.0187727321,
    "totalOtherIncomeExpensesNet": -105570000,
    "incomeBeforeTax": 47028000,
    "incomeBeforeTaxRatio": 0.0101765247,
    "incomeTaxExpense": 5572000,
    "netIncome": 1953103000,
    "netIncomeRatio": 0.4226375956,
    "eps": 16.88,
    "epsdiluted": 16.88,
    "weightedAverageShsOut": 225964229,
    "weightedAverageShsOutDil": 225964229,
    "link": "https://www.sec.gov/Archives/edgar/data/891103/000104746903011015/0001047469-03-011015-index.htm",
    "finalLink": "https://www.sec.gov/Archives/edgar/data/891103/000104746903011015/a2104835z10-k.htm"
  },
  {
    "date": "2001-12-31",
    "symbol": "MTCH",
    "reportedCurrency": "USD",
    "cik": "0000891103",
    "fillingDate": "2002-11-14",
    "acceptedDate": "2002-11-13 18:26:30",
    "calendarYear": "2001",
    "period": "FY",
    "revenue": 3468860000,
    "costOfRevenue": 2331438000,
    "grossProfit": 1137422000,
    "grossProfitRatio": 0.3278950433,
    "researchAndDevelopmentExpenses": 0,
    "generalAndAdministrativeExpenses": 320844000,
    "sellingAndMarketingExpenses": 441544000,
    "sellingGeneralAndAdministrativeExpenses": 762388000,
    "otherExpenses": 591457000,
    "operatingExpenses": 1353845000,
    "costAndExpenses": 3685283000,
    "interestIncome": 0,
    "interestExpense": 0,
    "depreciationAndAmortization": 477605000,
    "ebitda": 302042000,
    "ebitdaratio": 0.08707241,
    "operatingIncome": -216423000,
    "operatingIncomeRatio": -0.0623902377,
    "totalOtherIncomeExpensesNet": 2450000,
    "incomeBeforeTax": -184349000,
    "incomeBeforeTaxRatio": -0.0531439724,
    "incomeTaxExpense": 2450000,
    "netIncome": 392795000,
    "netIncomeRatio": 0.1132346073,
    "eps": 3.8,
    "epsdiluted": 3.8,
    "weightedAverageShsOut": 201461032,
    "weightedAverageShsOutDil": 233484920,
    "link": "https://www.sec.gov/Archives/edgar/data/891103/000091205702042211/0000912057-02-042211-index.htm",
    "finalLink": "https://www.sec.gov/Archives/edgar/data/891103/000091205702042211/a2092225z10-ka.htm"
  },
  {
    "date": "2000-12-31",
    "symbol": "MTCH",
    "reportedCurrency": "USD",
    "cik": "0000891103",
    "fillingDate": "2001-04-02",
    "acceptedDate": "2001-04-02 00:00:00",
    "calendarYear": "2000",
    "period": "FY",
    "revenue": 4601492000,
    "costOfRevenue": 2211247000,
    "grossProfit": 2390245000,
    "grossProfitRatio": 0.5194499958,
    "researchAndDevelopmentExpenses": 0,
    "generalAndAdministrativeExpenses": 0,
    "sellingAndMarketingExpenses": 0,
    "sellingGeneralAndAdministrativeExpenses": 937520000,
    "otherExpenses": 1384887000,
    "operatingExpenses": 2322407000,
    "costAndExpenses": 4533654000,
    "interestIncome": 0,
    "interestExpense": 65167000,
    "depreciationAndAmortization": 1384887000,
    "ebitda": 131129000,
    "ebitdaratio": 0.0284970614,
    "operatingIncome": 67838000,
    "operatingIncomeRatio": 0.0147426096,
    "totalOtherIncomeExpensesNet": 221198000,
    "incomeBeforeTax": 24281000,
    "incomeBeforeTaxRatio": 0.0052767668,
    "incomeTaxExpense": 112869000,
    "netIncome": -147983000,
    "netIncomeRatio": -0.0321597864,
    "eps": -0.81,
    "epsdiluted": -0.81,
    "weightedAverageShsOut": 182016073,
    "weightedAverageShsOutDil": 182016073,
    "link": "https://www.sec.gov/Archives/edgar/data/891103/000091205701506303/0000912057-01-506303-index.htm",
    "finalLink": "https://www.sec.gov/Archives/edgar/data/891103/000091205701506303/a2042954z10-k405.txt"
  },
  {
    "date": "1999-12-31",
    "symbol": "MTCH",
    "reportedCurrency": "USD",
    "cik": "0000891103",
    "fillingDate": "2000-03-02",
    "acceptedDate": "2000-03-02 00:00:00",
    "calendarYear": "1999",
    "period": "FY",
    "revenue": 3235800000,
    "costOfRevenue": 1369700000,
    "grossProfit": 1866100000,
    "grossProfitRatio": 0.5767043699,
    "researchAndDevelopmentExpenses": 0,
    "generalAndAdministrativeExpenses": 0,
    "sellingAndMarketingExpenses": 0,
    "sellingGeneralAndAdministrativeExpenses": 711100000,
    "otherExpenses": 942000000,
    "operatingExpenses": 1653100000,
    "costAndExpenses": 3022800000,
    "interestIncome": 0,
    "interestExpense": 54200000,
    "depreciationAndAmortization": 942000000,
    "ebitda": 1195200000,
    "ebitdaratio": 0.3693676989,
    "operatingIncome": 213000000,
    "operatingIncomeRatio": 0.0658260708,
    "totalOtherIncomeExpensesNet": -150300000,
    "incomeBeforeTax": 63300000,
    "incomeBeforeTaxRatio": 0.0195623957,
    "incomeTaxExpense": 90900000,
    "netIncome": -27600000,
    "netIncomeRatio": -0.0085295754,
    "eps": -0.0871,
    "epsdiluted": -0.0871,
    "weightedAverageShsOut": 316940182,
    "weightedAverageShsOutDil": 316940182,
    "link": "https://www.sec.gov/Archives/edgar/data/891103/000091205700009489/0000912057-00-009489-index.html",
    "finalLink": "https://www.sec.gov/Archives/edgar/data/891103/000091205700009489/0000912057-00-009489.txt"
  },
  {
    "date": "1998-12-31",
    "symbol": "MTCH",
    "reportedCurrency": "USD",
    "cik": "0000891103",
    "fillingDate": "1999-03-24",
    "acceptedDate": "1999-03-24 00:00:00",
    "calendarYear": "1998",
    "period": "FY",
    "revenue": 2634100000,
    "costOfRevenue": 1044300000,
    "grossProfit": 1589800000,
    "grossProfitRatio": 0.6035458031,
    "researchAndDevelopmentExpenses": 0,
    "generalAndAdministrativeExpenses": 0,
    "sellingAndMarketingExpenses": 0,
    "sellingGeneralAndAdministrativeExpenses": 604400000,
    "otherExpenses": 767300000,
    "operatingExpenses": 1371700000,
    "costAndExpenses": 2416000000,
    "interestIncome": 0,
    "interestExpense": 0,
    "depreciationAndAmortization": 767300000,
    "ebitda": 1003400000,
    "ebitdaratio": 0.3809270719,
    "operatingIncome": 218100000,
    "operatingIncomeRatio": 0.0827986789,
    "totalOtherIncomeExpensesNet": -87400000,
    "incomeBeforeTax": 204500000,
    "incomeBeforeTaxRatio": 0.0776356251,
    "incomeTaxExpense": 127600000,
    "netIncome": 76900000,
    "netIncomeRatio": 0.0291940321,
    "eps": 0.5,
    "epsdiluted": 0.39,
    "weightedAverageShsOut": 140296000,
    "weightedAverageShsOutDil": 200422857,
    "link": "https://www.sec.gov/Archives/edgar/data/891103/000095012399002419/0000950123-99-002419-index.html",
    "finalLink": "https://www.sec.gov/Archives/edgar/data/891103/0000950123-99-002419.txt"
  },
  {
    "date": "1997-12-31",
    "symbol": "MTCH",
    "reportedCurrency": "USD",
    "cik": "0000891103",
    "fillingDate": "1998-03-30",
    "acceptedDate": "1998-03-30 00:00:00",
    "calendarYear": "1997",
    "period": "FY",
    "revenue": 1261700000,
    "costOfRevenue": 643200000,
    "grossProfit": 618500000,
    "grossProfitRatio": 0.4902116192,
    "researchAndDevelopmentExpenses": 0,
    "generalAndAdministrativeExpenses": 0,
    "sellingAndMarketingExpenses": 0,
    "sellingGeneralAndAdministrativeExpenses": 424900000,
    "otherExpenses": 99100000,
    "operatingExpenses": 524000000,
    "costAndExpenses": 1167200000,
    "interestIncome": 0,
    "interestExpense": 46800000,
    "depreciationAndAmortization": 99100000,
    "ebitda": 193600000,
    "ebitdaratio": 0.1534437663,
    "operatingIncome": 94500000,
    "operatingIncomeRatio": 0.0748989459,
    "totalOtherIncomeExpensesNet": -40300000,
    "incomeBeforeTax": 54200000,
    "incomeBeforeTaxRatio": 0.0429579139,
    "incomeTaxExpense": 41100000,
    "netIncome": 13100000,
    "netIncomeRatio": 0.0103828168,
    "eps": 0.0556,
    "epsdiluted": 0.0556,
    "weightedAverageShsOut": 120747371,
    "weightedAverageShsOutDil": 120747371,
    "link": "https://www.sec.gov/Archives/edgar/data/891103/000095014498003610/0000950144-98-003610-index.html",
    "finalLink": "https://www.sec.gov/Archives/edgar/data/891103/0000950144-98-003610.txt"
  },
  {
    "date": "1996-12-31",
    "symbol": "MTCH",
    "reportedCurrency": "USD",
    "cik": "0000891103",
    "fillingDate": "1997-04-14",
    "acceptedDate": "1997-04-14 00:00:00",
    "calendarYear": "1996",
    "period": "FY",
    "revenue": 75200000,
    "costOfRevenue": 16800000,
    "grossProfit": 58400000,
    "grossProfitRatio": 0.7765957447,
    "researchAndDevelopmentExpenses": 0,
    "generalAndAdministrativeExpenses": 0,
    "sellingAndMarketingExpenses": 0,
    "sellingGeneralAndAdministrativeExpenses": 35200000,
    "otherExpenses": 19700000,
    "operatingExpenses": 54900000,
    "costAndExpenses": 71700000,
    "interestIncome": 0,
    "interestExpense": 4800000,
    "depreciationAndAmortization": 19700000,
    "ebitda": 23200000,
    "ebitdaratio": 0.3085106383,
    "operatingIncome": 3500000,
    "operatingIncomeRatio": 0.0465425532,
    "totalOtherIncomeExpensesNet": -8100000,
    "incomeBeforeTax": -4600000,
    "incomeBeforeTaxRatio": -0.0611702128,
    "incomeTaxExpense": 1900000,
    "netIncome": -6500000,
    "netIncomeRatio": -0.0864361702,
    "eps": -0.32,
    "epsdiluted": -0.32,
    "weightedAverageShsOut": 20500483,
    "weightedAverageShsOutDil": 20500483,
    "link": "https://www.sec.gov/Archives/edgar/data/891103/000095014497004147/0000950144-97-004147-index.html",
    "finalLink": "https://www.sec.gov/Archives/edgar/data/891103/0000950144-97-004147.txt"
  },
  {
    "date": "1995-08-31",
    "symbol": "MTCH",
    "reportedCurrency": "USD",
    "cik": "0000891103",
    "fillingDate": "1995-08-31",
    "acceptedDate": "1995-08-31 00:00:00",
    "calendarYear": "1995",
    "period": "FY",
    "revenue": 47900000,
    "costOfRevenue": 600000,
    "grossProfit": 47300000,
    "grossProfitRatio": 0.987473904,
    "researchAndDevelopmentExpenses": 0,
    "generalAndAdministrativeExpenses": 0,
    "sellingAndMarketingExpenses": 0,
    "sellingGeneralAndAdministrativeExpenses": 24400000,
    "otherExpenses": 14700000,
    "operatingExpenses": 39100000,
    "costAndExpenses": 39700000,
    "interestIncome": 0,
    "interestExpense": 7000000,
    "depreciationAndAmortization": 14700000,
    "ebitda": 22900000,
    "ebitdaratio": 0.4780793319,
    "operatingIncome": 8200000,
    "operatingIncomeRatio": 0.1711899791,
    "totalOtherIncomeExpensesNet": -7000000,
    "incomeBeforeTax": 1200000,
    "incomeBeforeTaxRatio": 0.0250521921,
    "incomeTaxExpense": 1100000,
    "netIncome": 100000,
    "netIncomeRatio": 0.0020876827,
    "eps": 0.0046,
    "epsdiluted": 0.0046,
    "weightedAverageShsOut": 21584000,
    "weightedAverageShsOutDil": 21584000,
    "link": null,
    "finalLink": null
  },
  {
    "date": "1994-08-31",
    "symbol": "MTCH",
    "reportedCurrency": "USD",
    "cik": "0000891103",
    "fillingDate": "1994-08-31",
    "acceptedDate": "1994-08-31 00:00:00",
    "calendarYear": "1994",
    "period": "FY",
    "revenue": 46600000,
    "costOfRevenue": 900000,
    "grossProfit": 45700000,
    "grossProfitRatio": 0.9806866953,
    "researchAndDevelopmentExpenses": 0,
    "generalAndAdministrativeExpenses": 0,
    "sellingAndMarketingExpenses": 0,
    "sellingGeneralAndAdministrativeExpenses": 21300000,
    "otherExpenses": 15000000,
    "operatingExpenses": 36300000,
    "costAndExpenses": 37200000,
    "interestIncome": 0,
    "interestExpense": 9000000,
    "depreciationAndAmortization": 15000000,
    "ebitda": 24400000,
    "ebitdaratio": 0.5236051502,
    "operatingIncome": 9400000,
    "operatingIncomeRatio": 0.2017167382,
    "totalOtherIncomeExpensesNet": -8800000,
    "incomeBeforeTax": 600000,
    "incomeBeforeTaxRatio": 0.0128755365,
    "incomeTaxExpense": 1500000,
    "netIncome": -3900000,
    "netIncomeRatio": -0.0836909871,
    "eps": -0.2,
    "epsdiluted": -0.2,
    "weightedAverageShsOut": 19207601,
    "weightedAverageShsOutDil": 19207601,
    "link": null,
    "finalLink": null
  },
  {
    "date": "1993-08-31",
    "symbol": "MTCH",
    "reportedCurrency": "USD",
    "cik": "0000891103",
    "fillingDate": "1993-08-31",
    "acceptedDate": "1993-08-31 00:00:00",
    "calendarYear": "1993",
    "period": "FY",
    "revenue": 46200000,
    "costOfRevenue": 1300000,
    "grossProfit": 44900000,
    "grossProfitRatio": 0.9718614719,
    "researchAndDevelopmentExpenses": 0,
    "generalAndAdministrativeExpenses": 0,
    "sellingAndMarketingExpenses": 0,
    "sellingGeneralAndAdministrativeExpenses": 21400000,
    "otherExpenses": 17800000,
    "operatingExpenses": 39200000,
    "costAndExpenses": 40500000,
    "interestIncome": 0,
    "interestExpense": 10800000,
    "depreciationAndAmortization": 17800000,
    "ebitda": 23500000,
    "ebitdaratio": 0.5086580087,
    "operatingIncome": 5700000,
    "operatingIncomeRatio": 0.1233766234,
    "totalOtherIncomeExpensesNet": -11800000,
    "incomeBeforeTax": -6100000,
    "incomeBeforeTaxRatio": -0.132034632,
    "incomeTaxExpense": 300000,
    "netIncome": -6400000,
    "netIncomeRatio": -0.1385281385,
    "eps": -0.34,
    "epsdiluted": -0.34,
    "weightedAverageShsOut": 19103998,
    "weightedAverageShsOutDil": 19103998,
    "link": null,
    "finalLink": null
  }
]