[
  {
    "date": "2025-06-30",
    "symbol": "MTD",
    "reportedCurrency": "USD",
    "cik": "0001037646",
    "fillingDate": "2025-08-01",
    "acceptedDate": "2025-08-01 14:52:04",
    "calendarYear": "2025",
    "period": "Q2",
    "revenue": 983221000,
    "costOfRevenue": 420926000,
    "grossProfit": 562295000,
    "grossProfitRatio": 0.571890755,
    "researchAndDevelopmentExpenses": 49285000,
    "generalAndAdministrativeExpenses": 0,
    "sellingAndMarketingExpenses": 0,
    "sellingGeneralAndAdministrativeExpenses": 247298000,
    "otherExpenses": 0,
    "operatingExpenses": 296583000,
    "costAndExpenses": 717509000,
    "interestIncome": 0,
    "interestExpense": 16779000,
    "depreciationAndAmortization": 30451000,
    "ebitda": 295887000,
    "ebitdaratio": 0.3009364121,
    "operatingIncome": 265712000,
    "operatingIncomeRatio": 0.2702464654,
    "totalOtherIncomeExpensesNet": -17055000,
    "incomeBeforeTax": 248657000,
    "incomeBeforeTaxRatio": 0.2529004161,
    "incomeTaxExpense": 46309000,
    "netIncome": 202348000,
    "netIncomeRatio": 0.2058011373,
    "eps": 9.77,
    "epsdiluted": 9.77,
    "weightedAverageShsOut": 20778000,
    "weightedAverageShsOutDil": 20778000,
    "link": "https://www.sec.gov/Archives/edgar/data/1037646/000103764625000040/0001037646-25-000040-index.htm",
    "finalLink": "https://www.sec.gov/Archives/edgar/data/1037646/000103764625000040/mtd-20250630.htm"
  },
  {
    "date": "2025-03-31",
    "symbol": "MTD",
    "reportedCurrency": "USD",
    "cik": "0001037646",
    "fillingDate": "2025-05-02",
    "acceptedDate": "2025-05-02 11:01:00",
    "calendarYear": "2025",
    "period": "Q1",
    "revenue": 883744000,
    "costOfRevenue": 375058000,
    "grossProfit": 508686000,
    "grossProfitRatio": 0.5756033421,
    "researchAndDevelopmentExpenses": 46346000,
    "generalAndAdministrativeExpenses": 0,
    "sellingAndMarketingExpenses": 0,
    "sellingGeneralAndAdministrativeExpenses": 242799000,
    "otherExpenses": 0,
    "operatingExpenses": 289145000,
    "costAndExpenses": 664203000,
    "interestIncome": 0,
    "interestExpense": 16653000,
    "depreciationAndAmortization": 29657000,
    "ebitda": 248252000,
    "ebitdaratio": 0.2809094036,
    "operatingIncome": 219541000,
    "operatingIncomeRatio": 0.2484214886,
    "totalOtherIncomeExpensesNet": -17599000,
    "incomeBeforeTax": 201942000,
    "incomeBeforeTaxRatio": 0.2285073505,
    "incomeTaxExpense": 38355000,
    "netIncome": 163587000,
    "netIncomeRatio": 0.185106773,
    "eps": 7.84,
    "epsdiluted": 7.84,
    "weightedAverageShsOut": 20869000,
    "weightedAverageShsOutDil": 20869000,
    "link": "https://www.sec.gov/Archives/edgar/data/1037646/000103764625000021/0001037646-25-000021-index.htm",
    "finalLink": "https://www.sec.gov/Archives/edgar/data/1037646/000103764625000021/mtd-20250331.htm"
  },
  {
    "date": "2024-12-31",
    "symbol": "MTD",
    "reportedCurrency": "USD",
    "cik": "0001037646",
    "fillingDate": "2025-02-07",
    "acceptedDate": "2025-02-07 11:47:43",
    "calendarYear": "2024",
    "period": "Q4",
    "revenue": 1045127000,
    "costOfRevenue": 424032000,
    "grossProfit": 621095000,
    "grossProfitRatio": 0.5942770592,
    "researchAndDevelopmentExpenses": 50054000,
    "generalAndAdministrativeExpenses": 0,
    "sellingAndMarketingExpenses": 0,
    "sellingGeneralAndAdministrativeExpenses": 237340000,
    "otherExpenses": 0,
    "operatingExpenses": 287394000,
    "costAndExpenses": 711426000,
    "interestIncome": 0,
    "interestExpense": 17850000,
    "depreciationAndAmortization": 30863000,
    "ebitda": 363260000,
    "ebitdaratio": 0.3475749837,
    "operatingIncome": 333701000,
    "operatingIncomeRatio": 0.3192922965,
    "totalOtherIncomeExpensesNet": -19154000,
    "incomeBeforeTax": 314547000,
    "incomeBeforeTaxRatio": 0.3009653372,
    "incomeTaxExpense": 62246000,
    "netIncome": 252301000,
    "netIncomeRatio": 0.2414070252,
    "eps": 12,
    "epsdiluted": 11.96,
    "weightedAverageShsOut": 21024000,
    "weightedAverageShsOutDil": 21101000,
    "link": "https://www.sec.gov/Archives/edgar/data/1037646/000103764625000012/0001037646-25-000012-index.htm",
    "finalLink": "https://www.sec.gov/Archives/edgar/data/1037646/000103764625000012/mtd-20241231.htm"
  },
  {
    "date": "2024-09-30",
    "symbol": "MTD",
    "reportedCurrency": "USD",
    "cik": "0001037646",
    "fillingDate": "2024-11-08",
    "acceptedDate": "2024-11-08 10:51:44",
    "calendarYear": "2024",
    "period": "Q3",
    "revenue": 954535000,
    "costOfRevenue": 400311000,
    "grossProfit": 554224000,
    "grossProfitRatio": 0.5806219782,
    "researchAndDevelopmentExpenses": 47117000,
    "generalAndAdministrativeExpenses": 0,
    "sellingAndMarketingExpenses": 0,
    "sellingGeneralAndAdministrativeExpenses": 228777000,
    "otherExpenses": 0,
    "operatingExpenses": 275894000,
    "costAndExpenses": 676205000,
    "interestIncome": 0,
    "interestExpense": 18599000,
    "depreciationAndAmortization": 31079000,
    "ebitda": 311530000,
    "ebitdaratio": 0.3263683364,
    "operatingIncome": 278330000,
    "operatingIncomeRatio": 0.2915870031,
    "totalOtherIncomeExpensesNet": -19378000,
    "incomeBeforeTax": 258952000,
    "incomeBeforeTaxRatio": 0.2712860188,
    "incomeTaxExpense": 47436000,
    "netIncome": 211516000,
    "netIncomeRatio": 0.2215906174,
    "eps": 10.01,
    "epsdiluted": 9.94,
    "weightedAverageShsOut": 21288000,
    "weightedAverageShsOutDil": 21288000,
    "link": "https://www.sec.gov/Archives/edgar/data/1037646/000103764624000034/0001037646-24-000034-index.htm",
    "finalLink": "https://www.sec.gov/Archives/edgar/data/1037646/000103764624000034/mtd-20240930.htm"
  },
  {
    "date": "2024-06-30",
    "symbol": "MTD",
    "reportedCurrency": "USD",
    "cik": "0001037646",
    "fillingDate": "2024-08-02",
    "acceptedDate": "2024-08-02 13:09:04",
    "calendarYear": "2024",
    "period": "Q2",
    "revenue": 946750000,
    "costOfRevenue": 399260000,
    "grossProfit": 547490000,
    "grossProfitRatio": 0.5782836018,
    "researchAndDevelopmentExpenses": 45771000,
    "generalAndAdministrativeExpenses": 0,
    "sellingAndMarketingExpenses": 0,
    "sellingGeneralAndAdministrativeExpenses": 235796000,
    "otherExpenses": 0,
    "operatingExpenses": 281567000,
    "costAndExpenses": 680827000,
    "interestIncome": 0,
    "interestExpense": 18950000,
    "depreciationAndAmortization": 30529000,
    "ebitda": 295756000,
    "ebitdaratio": 0.3123908107,
    "operatingIncome": 265923000,
    "operatingIncomeRatio": 0.2808798521,
    "totalOtherIncomeExpensesNet": -22746000,
    "incomeBeforeTax": 243177000,
    "incomeBeforeTaxRatio": 0.2568545022,
    "incomeTaxExpense": 21363000,
    "netIncome": 221814000,
    "netIncomeRatio": 0.2342899393,
    "eps": 10.42,
    "epsdiluted": 10.37,
    "weightedAverageShsOut": 21279006,
    "weightedAverageShsOutDil": 21392550,
    "link": "https://www.sec.gov/Archives/edgar/data/1037646/000103764624000027/0001037646-24-000027-index.htm",
    "finalLink": "https://www.sec.gov/Archives/edgar/data/1037646/000103764624000027/mtd-20240630.htm"
  },
  {
    "date": "2024-03-31",
    "symbol": "MTD",
    "reportedCurrency": "USD",
    "cik": "0001037646",
    "fillingDate": "2024-05-10",
    "acceptedDate": "2024-05-10 11:02:32",
    "calendarYear": "2024",
    "period": "Q1",
    "revenue": 925949000,
    "costOfRevenue": 396044000,
    "grossProfit": 529905000,
    "grossProfitRatio": 0.5722831387,
    "researchAndDevelopmentExpenses": 46415000,
    "generalAndAdministrativeExpenses": 0,
    "sellingAndMarketingExpenses": 0,
    "sellingGeneralAndAdministrativeExpenses": 234390000,
    "otherExpenses": 0,
    "operatingExpenses": 280805000,
    "costAndExpenses": 676849000,
    "interestIncome": 0,
    "interestExpense": 19232000,
    "depreciationAndAmortization": 30750000,
    "ebitda": 273529000,
    "ebitdaratio": 0.2954039585,
    "operatingIncome": 249100000,
    "operatingIncomeRatio": 0.269021296,
    "totalOtherIncomeExpensesNet": -28553000,
    "incomeBeforeTax": 220547000,
    "incomeBeforeTaxRatio": 0.2381848244,
    "incomeTaxExpense": 43038000,
    "netIncome": 177509000,
    "netIncomeRatio": 0.1917049427,
    "eps": 8.28,
    "epsdiluted": 8.24,
    "weightedAverageShsOut": 21437673,
    "weightedAverageShsOutDil": 21543313,
    "link": "https://www.sec.gov/Archives/edgar/data/1037646/000103764624000012/0001037646-24-000012-index.htm",
    "finalLink": "https://www.sec.gov/Archives/edgar/data/1037646/000103764624000012/mtd-20240331.htm"
  },
  {
    "date": "2023-12-31",
    "symbol": "MTD",
    "reportedCurrency": "USD",
    "cik": "0001037646",
    "fillingDate": "2024-02-09",
    "acceptedDate": "2024-02-09 13:06:36",
    "calendarYear": "2023",
    "period": "Q4",
    "revenue": 934992000,
    "costOfRevenue": 401432000,
    "grossProfit": 533559999,
    "grossProfitRatio": 0.570657288,
    "researchAndDevelopmentExpenses": 46435000,
    "generalAndAdministrativeExpenses": 0,
    "sellingAndMarketingExpenses": 0,
    "sellingGeneralAndAdministrativeExpenses": 223427000,
    "otherExpenses": 0,
    "operatingExpenses": 269862000,
    "costAndExpenses": 671294000,
    "interestIncome": 0,
    "interestExpense": 19655000,
    "depreciationAndAmortization": 30623000,
    "ebitda": 285534000,
    "ebitdaratio": 0.3053865702,
    "operatingIncome": 263697999,
    "operatingIncomeRatio": 0.2820323586,
    "totalOtherIncomeExpensesNet": -31141999,
    "incomeBeforeTax": 232556000,
    "incomeBeforeTaxRatio": 0.2487251228,
    "incomeTaxExpense": 47761000,
    "netIncome": 184794000,
    "netIncomeRatio": 0.1976423328,
    "eps": 8.56,
    "epsdiluted": 8.52,
    "weightedAverageShsOut": 21593616,
    "weightedAverageShsOutDil": 21687577,
    "link": "https://www.sec.gov/Archives/edgar/data/1037646/000103764624000007/0001037646-24-000007-index.htm",
    "finalLink": "https://www.sec.gov/Archives/edgar/data/1037646/000103764624000007/mtd-20231231.htm"
  },
  {
    "date": "2023-09-30",
    "symbol": "MTD",
    "reportedCurrency": "USD",
    "cik": "0001037646",
    "fillingDate": "2023-11-09",
    "acceptedDate": "2023-11-09 16:47:33",
    "calendarYear": "2023",
    "period": "Q3",
    "revenue": 942462000,
    "costOfRevenue": 401237000,
    "grossProfit": 541225000,
    "grossProfitRatio": 0.5742671853,
    "researchAndDevelopmentExpenses": 46127000,
    "generalAndAdministrativeExpenses": 0,
    "sellingAndMarketingExpenses": 0,
    "sellingGeneralAndAdministrativeExpenses": 217447000,
    "otherExpenses": 0,
    "operatingExpenses": 263574000,
    "costAndExpenses": 664811000,
    "interestIncome": 0,
    "interestExpense": 20278000,
    "depreciationAndAmortization": 30503000,
    "ebitda": 304640000,
    "ebitdaratio": 0.3232384966,
    "operatingIncome": 277651000,
    "operatingIncomeRatio": 0.2946017983,
    "totalOtherIncomeExpensesNet": -26492000,
    "incomeBeforeTax": 251159000,
    "incomeBeforeTaxRatio": 0.2664924421,
    "incomeTaxExpense": 49528000,
    "netIncome": 201631000,
    "netIncomeRatio": 0.2139407212,
    "eps": 9.26,
    "epsdiluted": 9.21,
    "weightedAverageShsOut": 21776944,
    "weightedAverageShsOutDil": 21886482,
    "link": "https://www.sec.gov/Archives/edgar/data/1037646/000103764623000035/0001037646-23-000035-index.htm",
    "finalLink": "https://www.sec.gov/Archives/edgar/data/1037646/000103764623000035/mtd-20230930.htm"
  },
  {
    "date": "2023-06-30",
    "symbol": "MTD",
    "reportedCurrency": "USD",
    "cik": "0001037646",
    "fillingDate": "2023-07-28",
    "acceptedDate": "2023-07-28 11:31:56",
    "calendarYear": "2023",
    "period": "Q2",
    "revenue": 982117000,
    "costOfRevenue": 416616000,
    "grossProfit": 565501000,
    "grossProfitRatio": 0.5757979956,
    "researchAndDevelopmentExpenses": 47245000,
    "generalAndAdministrativeExpenses": 0,
    "sellingAndMarketingExpenses": 0,
    "sellingGeneralAndAdministrativeExpenses": 228594000,
    "otherExpenses": 0,
    "operatingExpenses": 275839000,
    "costAndExpenses": 692455000,
    "interestIncome": 0,
    "interestExpense": 19249000,
    "depreciationAndAmortization": 30236000,
    "ebitda": 315688000,
    "ebitdaratio": 0.3214362444,
    "operatingIncome": 289662000,
    "operatingIncomeRatio": 0.2949363467,
    "totalOtherIncomeExpensesNet": -26258999,
    "incomeBeforeTax": 263403000,
    "incomeBeforeTaxRatio": 0.2681992064,
    "incomeTaxExpense": 49476000,
    "netIncome": 213927000,
    "netIncomeRatio": 0.2178223165,
    "eps": 9.75,
    "epsdiluted": 9.69,
    "weightedAverageShsOut": 21944645,
    "weightedAverageShsOutDil": 22080602,
    "link": "https://www.sec.gov/Archives/edgar/data/1037646/000103764623000024/0001037646-23-000024-index.htm",
    "finalLink": "https://www.sec.gov/Archives/edgar/data/1037646/000103764623000024/mtd-20230630.htm"
  },
  {
    "date": "2023-03-31",
    "symbol": "MTD",
    "reportedCurrency": "USD",
    "cik": "0001037646",
    "fillingDate": "2023-05-05",
    "acceptedDate": "2023-05-05 13:18:09",
    "calendarYear": "2023",
    "period": "Q1",
    "revenue": 928738000,
    "costOfRevenue": 399951000,
    "grossProfit": 528787000,
    "grossProfitRatio": 0.5693607885,
    "researchAndDevelopmentExpenses": 45477000,
    "generalAndAdministrativeExpenses": 0,
    "sellingAndMarketingExpenses": 0,
    "sellingGeneralAndAdministrativeExpenses": 234638000,
    "otherExpenses": 0,
    "operatingExpenses": 280115000,
    "costAndExpenses": 680066000,
    "interestIncome": 0,
    "interestExpense": 18184000,
    "depreciationAndAmortization": 29802000,
    "ebitda": 277196000,
    "ebitdaratio": 0.2984652292,
    "operatingIncome": 248672000,
    "operatingIncomeRatio": 0.2677525847,
    "totalOtherIncomeExpensesNet": -22062000,
    "incomeBeforeTax": 226610000,
    "incomeBeforeTaxRatio": 0.243997769,
    "incomeTaxExpense": 38184000,
    "netIncome": 188426000,
    "netIncomeRatio": 0.2028839134,
    "eps": 8.53,
    "epsdiluted": 8.47,
    "weightedAverageShsOut": 22083456,
    "weightedAverageShsOutDil": 22253435,
    "link": "https://www.sec.gov/Archives/edgar/data/1037646/000103764623000012/0001037646-23-000012-index.htm",
    "finalLink": "https://www.sec.gov/Archives/edgar/data/1037646/000103764623000012/mtd-20230331.htm"
  },
  {
    "date": "2022-12-31",
    "symbol": "MTD",
    "reportedCurrency": "USD",
    "cik": "0001037646",
    "fillingDate": "2023-02-10",
    "acceptedDate": "2023-02-10 12:35:21",
    "calendarYear": "2022",
    "period": "Q4",
    "revenue": 1057685000,
    "costOfRevenue": 442087000,
    "grossProfit": 615598000,
    "grossProfitRatio": 0.5820239485,
    "researchAndDevelopmentExpenses": 45942000,
    "generalAndAdministrativeExpenses": 0,
    "sellingAndMarketingExpenses": 0,
    "sellingGeneralAndAdministrativeExpenses": 227586000,
    "otherExpenses": 0,
    "operatingExpenses": 273528000,
    "costAndExpenses": 715615000,
    "interestIncome": 0,
    "interestExpense": 16805000,
    "depreciationAndAmortization": 28325000,
    "ebitda": 370144000,
    "ebitdaratio": 0.3499567452,
    "operatingIncome": 342070000,
    "operatingIncomeRatio": 0.3234138709,
    "totalOtherIncomeExpensesNet": -17056000,
    "incomeBeforeTax": 325014000,
    "incomeBeforeTaxRatio": 0.3072880867,
    "incomeTaxExpense": 59180000,
    "netIncome": 265834000,
    "netIncomeRatio": 0.2513357001,
    "eps": 11.97,
    "epsdiluted": 11.86,
    "weightedAverageShsOut": 22209188,
    "weightedAverageShsOutDil": 22407796,
    "link": "https://www.sec.gov/Archives/edgar/data/1037646/000103764623000005/0001037646-23-000005-index.htm",
    "finalLink": "https://www.sec.gov/Archives/edgar/data/1037646/000103764623000005/mtd-20221231.htm"
  },
  {
    "date": "2022-09-30",
    "symbol": "MTD",
    "reportedCurrency": "USD",
    "cik": "0001037646",
    "fillingDate": "2022-11-04",
    "acceptedDate": "2022-11-04 10:28:57",
    "calendarYear": "2022",
    "period": "Q3",
    "revenue": 985846000,
    "costOfRevenue": 417918000,
    "grossProfit": 567928000,
    "grossProfitRatio": 0.5760818627,
    "researchAndDevelopmentExpenses": 44129000,
    "generalAndAdministrativeExpenses": 0,
    "sellingAndMarketingExpenses": 0,
    "sellingGeneralAndAdministrativeExpenses": 233357000,
    "otherExpenses": 0,
    "operatingExpenses": 277486000,
    "costAndExpenses": 695404000,
    "interestIncome": 0,
    "interestExpense": 14484000,
    "depreciationAndAmortization": 28402000,
    "ebitda": 320271000,
    "ebitdaratio": 0.3248691986,
    "operatingIncome": 290442000,
    "operatingIncomeRatio": 0.2946119374,
    "totalOtherIncomeExpensesNet": -14557000,
    "incomeBeforeTax": 275885000,
    "incomeBeforeTaxRatio": 0.2798459394,
    "incomeTaxExpense": 55288000,
    "netIncome": 220597000,
    "netIncomeRatio": 0.2237641579,
    "eps": 9.85,
    "epsdiluted": 9.76,
    "weightedAverageShsOut": 22403393,
    "weightedAverageShsOutDil": 22610027,
    "link": "https://www.sec.gov/Archives/edgar/data/1037646/000103764622000031/0001037646-22-000031-index.htm",
    "finalLink": "https://www.sec.gov/Archives/edgar/data/1037646/000103764622000031/mtd-20220930.htm"
  },
  {
    "date": "2022-06-30",
    "symbol": "MTD",
    "reportedCurrency": "USD",
    "cik": "0001037646",
    "fillingDate": "2022-07-29",
    "acceptedDate": "2022-07-29 10:36:59",
    "calendarYear": "2022",
    "period": "Q2",
    "revenue": 978387000,
    "costOfRevenue": 423091000,
    "grossProfit": 555296000,
    "grossProfitRatio": 0.5675627334,
    "researchAndDevelopmentExpenses": 44023000,
    "generalAndAdministrativeExpenses": 0,
    "sellingAndMarketingExpenses": 0,
    "sellingGeneralAndAdministrativeExpenses": 242206000,
    "otherExpenses": 0,
    "operatingExpenses": 286229000,
    "costAndExpenses": 709320000,
    "interestIncome": 0,
    "interestExpense": 12765000,
    "depreciationAndAmortization": 27812000,
    "ebitda": 297969000,
    "ebitdaratio": 0.3045512665,
    "operatingIncome": 269067000,
    "operatingIncomeRatio": 0.2750108086,
    "totalOtherIncomeExpensesNet": -12375000,
    "incomeBeforeTax": 256692000,
    "incomeBeforeTaxRatio": 0.2623624394,
    "incomeTaxExpense": 44622000,
    "netIncome": 212070000,
    "netIncomeRatio": 0.2167547198,
    "eps": 9.39,
    "epsdiluted": 9.29,
    "weightedAverageShsOut": 22593375,
    "weightedAverageShsOutDil": 22821666,
    "link": "https://www.sec.gov/Archives/edgar/data/1037646/000103764622000025/0001037646-22-000025-index.htm",
    "finalLink": "https://www.sec.gov/Archives/edgar/data/1037646/000103764622000025/mtd-20220630.htm"
  },
  {
    "date": "2022-03-31",
    "symbol": "MTD",
    "reportedCurrency": "USD",
    "cik": "0001037646",
    "fillingDate": "2022-05-06",
    "acceptedDate": "2022-05-06 13:01:12",
    "calendarYear": "2022",
    "period": "Q1",
    "revenue": 897791000,
    "costOfRevenue": 394810000,
    "grossProfit": 502981000,
    "grossProfitRatio": 0.5602428628,
    "researchAndDevelopmentExpenses": 43028000,
    "generalAndAdministrativeExpenses": 0,
    "sellingAndMarketingExpenses": 0,
    "sellingGeneralAndAdministrativeExpenses": 235312000,
    "otherExpenses": 0,
    "operatingExpenses": 278340000,
    "costAndExpenses": 673150000,
    "interestIncome": 0,
    "interestExpense": 11338000,
    "depreciationAndAmortization": 28484000,
    "ebitda": 253575000,
    "ebitdaratio": 0.2824432412,
    "operatingIncome": 224641000,
    "operatingIncomeRatio": 0.2502152505,
    "totalOtherIncomeExpensesNet": -11640000,
    "incomeBeforeTax": 213001000,
    "incomeBeforeTaxRatio": 0.237250095,
    "incomeTaxExpense": 39000000,
    "netIncome": 174001000,
    "netIncomeRatio": 0.1938101407,
    "eps": 7.64,
    "epsdiluted": 7.55,
    "weightedAverageShsOut": 22768298,
    "weightedAverageShsOutDil": 23040231,
    "link": "https://www.sec.gov/Archives/edgar/data/1037646/000103764622000015/0001037646-22-000015-index.htm",
    "finalLink": "https://www.sec.gov/Archives/edgar/data/1037646/000103764622000015/mtd-20220331.htm"
  },
  {
    "date": "2021-12-31",
    "symbol": "MTD",
    "reportedCurrency": "USD",
    "cik": "0001037646",
    "fillingDate": "2022-02-11",
    "acceptedDate": "2022-02-11 13:06:41",
    "calendarYear": "2021",
    "period": "Q4",
    "revenue": 1037239000,
    "costOfRevenue": 447040000,
    "grossProfit": 590199000,
    "grossProfitRatio": 0.5690096497,
    "researchAndDevelopmentExpenses": 45615000,
    "generalAndAdministrativeExpenses": 0,
    "sellingAndMarketingExpenses": 0,
    "sellingGeneralAndAdministrativeExpenses": 242445000,
    "otherExpenses": 0,
    "operatingExpenses": 288060000,
    "costAndExpenses": 735100000,
    "interestIncome": 0,
    "interestExpense": 11541000,
    "depreciationAndAmortization": 28476000,
    "ebitda": 325740000,
    "ebitdaratio": 0.3140452683,
    "operatingIncome": 302139000,
    "operatingIncomeRatio": 0.2912915924,
    "totalOtherIncomeExpensesNet": -16163000,
    "incomeBeforeTax": 285976000,
    "incomeBeforeTaxRatio": 0.2757088771,
    "incomeTaxExpense": 55105000,
    "netIncome": 230871000,
    "netIncomeRatio": 0.2225822592,
    "eps": 10.08,
    "epsdiluted": 9.94,
    "weightedAverageShsOut": 22909677,
    "weightedAverageShsOutDil": 23220675,
    "link": "https://www.sec.gov/Archives/edgar/data/1037646/000103764622000008/0001037646-22-000008-index.htm",
    "finalLink": "https://www.sec.gov/Archives/edgar/data/1037646/000103764622000008/mtd-20211231.htm"
  },
  {
    "date": "2021-09-30",
    "symbol": "MTD",
    "reportedCurrency": "USD",
    "cik": "0001037646",
    "fillingDate": "2021-11-05",
    "acceptedDate": "2021-11-05 10:13:53",
    "calendarYear": "2021",
    "period": "Q3",
    "revenue": 951950000,
    "costOfRevenue": 412169000,
    "grossProfit": 539781000,
    "grossProfitRatio": 0.5670266295,
    "researchAndDevelopmentExpenses": 42276000,
    "generalAndAdministrativeExpenses": 0,
    "sellingAndMarketingExpenses": 0,
    "sellingGeneralAndAdministrativeExpenses": 240734000,
    "otherExpenses": 0,
    "operatingExpenses": 283010000,
    "costAndExpenses": 695179000,
    "interestIncome": 0,
    "interestExpense": 11791000,
    "depreciationAndAmortization": 27218000,
    "ebitda": 286345000,
    "ebitdaratio": 0.3007983613,
    "operatingIncome": 256771000,
    "operatingIncomeRatio": 0.2697316036,
    "totalOtherIncomeExpensesNet": -9184000,
    "incomeBeforeTax": 247587000,
    "incomeBeforeTaxRatio": 0.260084038,
    "incomeTaxExpense": 43899000,
    "netIncome": 203688000,
    "netIncomeRatio": 0.2139692211,
    "eps": 8.83,
    "epsdiluted": 8.71,
    "weightedAverageShsOut": 23056924,
    "weightedAverageShsOutDil": 23393579,
    "link": "https://www.sec.gov/Archives/edgar/data/1037646/000103764621000050/0001037646-21-000050-index.htm",
    "finalLink": "https://www.sec.gov/Archives/edgar/data/1037646/000103764621000050/mtd-20210930.htm"
  },
  {
    "date": "2021-06-30",
    "symbol": "MTD",
    "reportedCurrency": "USD",
    "cik": "0001037646",
    "fillingDate": "2021-07-30",
    "acceptedDate": "2021-07-30 09:58:00",
    "calendarYear": "2021",
    "period": "Q2",
    "revenue": 924351000,
    "costOfRevenue": 403665000,
    "grossProfit": 520686000,
    "grossProfitRatio": 0.5632990065,
    "researchAndDevelopmentExpenses": 42603000,
    "generalAndAdministrativeExpenses": 0,
    "sellingAndMarketingExpenses": 0,
    "sellingGeneralAndAdministrativeExpenses": 239045000,
    "otherExpenses": 0,
    "operatingExpenses": 281648000,
    "costAndExpenses": 685313000,
    "interestIncome": 0,
    "interestExpense": 10439000,
    "depreciationAndAmortization": 27536000,
    "ebitda": 268216000,
    "ebitdaratio": 0.2901668306,
    "operatingIncome": 239038000,
    "operatingIncomeRatio": 0.2586008994,
    "totalOtherIncomeExpensesNet": -8654000,
    "incomeBeforeTax": 230384000,
    "incomeBeforeTaxRatio": 0.249238655,
    "incomeTaxExpense": 45621000,
    "netIncome": 184763000,
    "netIncomeRatio": 0.1998840267,
    "eps": 7.97,
    "epsdiluted": 7.85,
    "weightedAverageShsOut": 23191155,
    "weightedAverageShsOutDil": 23521793,
    "link": "https://www.sec.gov/Archives/edgar/data/1037646/000103764621000039/0001037646-21-000039-index.htm",
    "finalLink": "https://www.sec.gov/Archives/edgar/data/1037646/000103764621000039/mtd-20210630.htm"
  },
  {
    "date": "2021-03-31",
    "symbol": "MTD",
    "reportedCurrency": "USD",
    "cik": "0001037646",
    "fillingDate": "2021-05-07",
    "acceptedDate": "2021-05-07 11:20:11",
    "calendarYear": "2021",
    "period": "Q1",
    "revenue": 804390000,
    "costOfRevenue": 346578000,
    "grossProfit": 457812000,
    "grossProfitRatio": 0.5691418342,
    "researchAndDevelopmentExpenses": 39272000,
    "generalAndAdministrativeExpenses": 0,
    "sellingAndMarketingExpenses": 0,
    "sellingGeneralAndAdministrativeExpenses": 221752000,
    "otherExpenses": 0,
    "operatingExpenses": 261024000,
    "costAndExpenses": 607602000,
    "interestIncome": 0,
    "interestExpense": 9471000,
    "depreciationAndAmortization": 24827000,
    "ebitda": 219581000,
    "ebitdaratio": 0.2729782817,
    "operatingIncome": 196788000,
    "operatingIncomeRatio": 0.2446425241,
    "totalOtherIncomeExpensesNet": -11374000,
    "incomeBeforeTax": 185414000,
    "incomeBeforeTaxRatio": 0.2305026169,
    "incomeTaxExpense": 35751000,
    "netIncome": 149663000,
    "netIncomeRatio": 0.1860577581,
    "eps": 6.41,
    "epsdiluted": 6.32,
    "weightedAverageShsOut": 23365077,
    "weightedAverageShsOutDil": 23685665,
    "link": "https://www.sec.gov/Archives/edgar/data/1037646/000103764621000019/0001037646-21-000019-index.htm",
    "finalLink": "https://www.sec.gov/Archives/edgar/data/1037646/000103764621000019/mtd-20210331.htm"
  },
  {
    "date": "2020-12-31",
    "symbol": "MTD",
    "reportedCurrency": "USD",
    "cik": "0001037646",
    "fillingDate": "2021-02-08",
    "acceptedDate": "2021-02-08 16:31:20",
    "calendarYear": "2020",
    "period": "Q4",
    "revenue": 937985000,
    "costOfRevenue": 393598000,
    "grossProfit": 544387000,
    "grossProfitRatio": 0.5803792172,
    "researchAndDevelopmentExpenses": 39866000,
    "generalAndAdministrativeExpenses": 0,
    "sellingAndMarketingExpenses": 0,
    "sellingGeneralAndAdministrativeExpenses": 226369000,
    "otherExpenses": 0,
    "operatingExpenses": 266235000,
    "costAndExpenses": 659833000,
    "interestIncome": 0,
    "interestExpense": 9505000,
    "depreciationAndAmortization": 25752000,
    "ebitda": 304198000,
    "ebitdaratio": 0.3243100902,
    "operatingIncome": 278152000,
    "operatingIncomeRatio": 0.2965420556,
    "totalOtherIncomeExpensesNet": -8972000,
    "incomeBeforeTax": 269180000,
    "incomeBeforeTaxRatio": 0.2869768706,
    "incomeTaxExpense": 52885000,
    "netIncome": 216295000,
    "netIncomeRatio": 0.230595372,
    "eps": 9.15,
    "epsdiluted": 9.03,
    "weightedAverageShsOut": 23642415,
    "weightedAverageShsOutDil": 23965853,
    "link": "https://www.sec.gov/Archives/edgar/data/1037646/000103764621000008/0001037646-21-000008-index.htm",
    "finalLink": "https://www.sec.gov/Archives/edgar/data/1037646/000103764621000008/mtd-20201231.htm"
  },
  {
    "date": "2020-09-30",
    "symbol": "MTD",
    "reportedCurrency": "USD",
    "cik": "0001037646",
    "fillingDate": "2020-11-06",
    "acceptedDate": "2020-11-06 09:16:22",
    "calendarYear": "2020",
    "period": "Q3",
    "revenue": 807357000,
    "costOfRevenue": 351870000,
    "grossProfit": 455487000,
    "grossProfitRatio": 0.5641704971,
    "researchAndDevelopmentExpenses": 34656000,
    "generalAndAdministrativeExpenses": 0,
    "sellingAndMarketingExpenses": 0,
    "sellingGeneralAndAdministrativeExpenses": 204974000,
    "otherExpenses": 0,
    "operatingExpenses": 239630000,
    "costAndExpenses": 591500000,
    "interestIncome": 0,
    "interestExpense": 9310000,
    "depreciationAndAmortization": 24743000,
    "ebitda": 239429000,
    "ebitdaratio": 0.2965590191,
    "operatingIncome": 215857000,
    "operatingIncomeRatio": 0.2673625174,
    "totalOtherIncomeExpensesNet": -10048000,
    "incomeBeforeTax": 205809000,
    "incomeBeforeTaxRatio": 0.2549169698,
    "incomeTaxExpense": 44042000,
    "netIncome": 161767000,
    "netIncomeRatio": 0.2003661329,
    "eps": 6.76,
    "epsdiluted": 6.68,
    "weightedAverageShsOut": 23922272,
    "weightedAverageShsOutDil": 24225204,
    "link": "https://www.sec.gov/Archives/edgar/data/1037646/000103764620000030/0001037646-20-000030-index.htm",
    "finalLink": "https://www.sec.gov/Archives/edgar/data/1037646/000103764620000030/mtd-20200930.htm"
  },
  {
    "date": "2020-06-30",
    "symbol": "MTD",
    "reportedCurrency": "USD",
    "cik": "0001037646",
    "fillingDate": "2020-07-31",
    "acceptedDate": "2020-07-31 09:01:05",
    "calendarYear": "2020",
    "period": "Q2",
    "revenue": 690673000,
    "costOfRevenue": 306592000,
    "grossProfit": 384081000,
    "grossProfitRatio": 0.5560967346,
    "researchAndDevelopmentExpenses": 31193000,
    "generalAndAdministrativeExpenses": 0,
    "sellingAndMarketingExpenses": 0,
    "sellingGeneralAndAdministrativeExpenses": 190134000,
    "otherExpenses": 0,
    "operatingExpenses": 221327000,
    "costAndExpenses": 527919000,
    "interestIncome": 0,
    "interestExpense": 9582000,
    "depreciationAndAmortization": 24083000,
    "ebitda": 188728000,
    "ebitdaratio": 0.2732523206,
    "operatingIncome": 162754000,
    "operatingIncomeRatio": 0.2356455226,
    "totalOtherIncomeExpensesNet": -7499000,
    "incomeBeforeTax": 155255000,
    "incomeBeforeTaxRatio": 0.2247879966,
    "incomeTaxExpense": 28693000,
    "netIncome": 126562000,
    "netIncomeRatio": 0.1832444587,
    "eps": 5.29,
    "epsdiluted": 5.22,
    "weightedAverageShsOut": 23940278,
    "weightedAverageShsOutDil": 24228989,
    "link": "https://www.sec.gov/Archives/edgar/data/1037646/000103764620000024/0001037646-20-000024-index.htm",
    "finalLink": "https://www.sec.gov/Archives/edgar/data/1037646/000103764620000024/mtd10q6302020.htm"
  },
  {
    "date": "2020-03-31",
    "symbol": "MTD",
    "reportedCurrency": "USD",
    "cik": "0001037646",
    "fillingDate": "2020-05-08",
    "acceptedDate": "2020-05-08 09:07:14",
    "calendarYear": "2020",
    "period": "Q1",
    "revenue": 649162000,
    "costOfRevenue": 288751000,
    "grossProfit": 360411000,
    "grossProfitRatio": 0.555194235,
    "researchAndDevelopmentExpenses": 34387000,
    "generalAndAdministrativeExpenses": 0,
    "sellingAndMarketingExpenses": 0,
    "sellingGeneralAndAdministrativeExpenses": 198744000,
    "otherExpenses": 0,
    "operatingExpenses": 233131000,
    "costAndExpenses": 521881999,
    "interestIncome": 0,
    "interestExpense": 10219000,
    "depreciationAndAmortization": 24131000,
    "ebitda": 153600000,
    "ebitdaratio": 0.2366127407,
    "operatingIncome": 127280000,
    "operatingIncomeRatio": 0.1960681617,
    "totalOtherIncomeExpensesNet": -8781000,
    "incomeBeforeTax": 118499000,
    "incomeBeforeTaxRatio": 0.182541492,
    "incomeTaxExpense": 20384000,
    "netIncome": 98115000,
    "netIncomeRatio": 0.1511410095,
    "eps": 4.08,
    "epsdiluted": 4.03,
    "weightedAverageShsOut": 24027833,
    "weightedAverageShsOutDil": 24353477,
    "link": "https://www.sec.gov/Archives/edgar/data/1037646/000103764620000014/0001037646-20-000014-index.htm",
    "finalLink": "https://www.sec.gov/Archives/edgar/data/1037646/000103764620000014/mtd10q3312020.htm"
  },
  {
    "date": "2019-12-31",
    "symbol": "MTD",
    "reportedCurrency": "USD",
    "cik": "0001037646",
    "fillingDate": "2020-02-07",
    "acceptedDate": "2020-02-07 15:44:24",
    "calendarYear": "2019",
    "period": "Q4",
    "revenue": 843969000,
    "costOfRevenue": 358485000,
    "grossProfit": 485484000,
    "grossProfitRatio": 0.5752391379,
    "researchAndDevelopmentExpenses": 35299000,
    "generalAndAdministrativeExpenses": 0,
    "sellingAndMarketingExpenses": 0,
    "sellingGeneralAndAdministrativeExpenses": 206717000,
    "otherExpenses": 0,
    "operatingExpenses": 242016000,
    "costAndExpenses": 600501000,
    "interestIncome": 0,
    "interestExpense": 9635000,
    "depreciationAndAmortization": 22456000,
    "ebitda": 260734000,
    "ebitdaratio": 0.3089378875,
    "operatingIncome": 243468000,
    "operatingIncomeRatio": 0.2884797901,
    "totalOtherIncomeExpensesNet": -12325000,
    "incomeBeforeTax": 231143000,
    "incomeBeforeTaxRatio": 0.2738761732,
    "incomeTaxExpense": 38394000,
    "netIncome": 192749000,
    "netIncomeRatio": 0.2283839809,
    "eps": 7.95,
    "epsdiluted": 7.84,
    "weightedAverageShsOut": 24241383,
    "weightedAverageShsOutDil": 24599702,
    "link": "https://www.sec.gov/Archives/edgar/data/1037646/000103764620000005/0001037646-20-000005-index.htm",
    "finalLink": "https://www.sec.gov/Archives/edgar/data/1037646/000103764620000005/mtd10k12312019.htm"
  },
  {
    "date": "2019-09-30",
    "symbol": "MTD",
    "reportedCurrency": "USD",
    "cik": "0001037646",
    "fillingDate": "2019-11-08",
    "acceptedDate": "2019-11-08 11:08:00",
    "calendarYear": "2019",
    "period": "Q3",
    "revenue": 753866000,
    "costOfRevenue": 331139000,
    "grossProfit": 422727000,
    "grossProfitRatio": 0.5607455436,
    "researchAndDevelopmentExpenses": 36015000,
    "generalAndAdministrativeExpenses": 0,
    "sellingAndMarketingExpenses": 0,
    "sellingGeneralAndAdministrativeExpenses": 202826000,
    "otherExpenses": 0,
    "operatingExpenses": 238841000,
    "costAndExpenses": 569980000,
    "interestIncome": 0,
    "interestExpense": 9800000,
    "depreciationAndAmortization": 22287000,
    "ebitda": 202677000,
    "ebitdaratio": 0.268850167,
    "operatingIncome": 183886000,
    "operatingIncomeRatio": 0.2439239865,
    "totalOtherIncomeExpensesNet": -14527000,
    "incomeBeforeTax": 169359000,
    "incomeBeforeTaxRatio": 0.2246539836,
    "incomeTaxExpense": 39964000,
    "netIncome": 129395000,
    "netIncomeRatio": 0.1716419098,
    "eps": 5.28,
    "epsdiluted": 5.2,
    "weightedAverageShsOut": 24487268,
    "weightedAverageShsOutDil": 24880179,
    "link": "https://www.sec.gov/Archives/edgar/data/1037646/000103764619000040/0001037646-19-000040-index.htm",
    "finalLink": "https://www.sec.gov/Archives/edgar/data/1037646/000103764619000040/mtd10q93019.htm"
  },
  {
    "date": "2019-06-30",
    "symbol": "MTD",
    "reportedCurrency": "USD",
    "cik": "0001037646",
    "fillingDate": "2019-08-02",
    "acceptedDate": "2019-08-02 10:01:38",
    "calendarYear": "2019",
    "period": "Q2",
    "revenue": 731366000,
    "costOfRevenue": 324154000,
    "grossProfit": 407212000,
    "grossProfitRatio": 0.5567827873,
    "researchAndDevelopmentExpenses": 36582000,
    "generalAndAdministrativeExpenses": 0,
    "sellingAndMarketingExpenses": 0,
    "sellingGeneralAndAdministrativeExpenses": 205215000,
    "otherExpenses": 0,
    "operatingExpenses": 241797000,
    "costAndExpenses": 565951000,
    "interestIncome": 0,
    "interestExpense": 8882000,
    "depreciationAndAmortization": 21949000,
    "ebitda": 187397000,
    "ebitdaratio": 0.2562287555,
    "operatingIncome": 165415000,
    "operatingIncomeRatio": 0.2261726687,
    "totalOtherIncomeExpensesNet": -10199000,
    "incomeBeforeTax": 155216000,
    "incomeBeforeTaxRatio": 0.2122275304,
    "incomeTaxExpense": 28056000,
    "netIncome": 127160000,
    "netIncomeRatio": 0.1738664362,
    "eps": 5.15,
    "epsdiluted": 5.06,
    "weightedAverageShsOut": 24698032,
    "weightedAverageShsOutDil": 25118352,
    "link": "https://www.sec.gov/Archives/edgar/data/1037646/000103764619000032/0001037646-19-000032-index.htm",
    "finalLink": "https://www.sec.gov/Archives/edgar/data/1037646/000103764619000032/mtd10q63019.htm"
  },
  {
    "date": "2019-03-31",
    "symbol": "MTD",
    "reportedCurrency": "USD",
    "cik": "0001037646",
    "fillingDate": "2019-05-10",
    "acceptedDate": "2019-05-10 12:19:47",
    "calendarYear": "2019",
    "period": "Q1",
    "revenue": 679452000,
    "costOfRevenue": 303355000,
    "grossProfit": 376097000,
    "grossProfitRatio": 0.5535299035,
    "researchAndDevelopmentExpenses": 36053000,
    "generalAndAdministrativeExpenses": 0,
    "sellingAndMarketingExpenses": 0,
    "sellingGeneralAndAdministrativeExpenses": 204425000,
    "otherExpenses": 0,
    "operatingExpenses": 240478000,
    "costAndExpenses": 543833000,
    "interestIncome": 0,
    "interestExpense": 9094000,
    "depreciationAndAmortization": 21989000,
    "ebitda": 157821000,
    "ebitdaratio": 0.2322768937,
    "operatingIncome": 135619000,
    "operatingIncomeRatio": 0.1996005605,
    "totalOtherIncomeExpensesNet": -9943000,
    "incomeBeforeTax": 125676000,
    "incomeBeforeTaxRatio": 0.1849667085,
    "incomeTaxExpense": 13871000,
    "netIncome": 111805000,
    "netIncomeRatio": 0.164551727,
    "eps": 4.5,
    "epsdiluted": 4.42,
    "weightedAverageShsOut": 24851340,
    "weightedAverageShsOutDil": 25310525,
    "link": "https://www.sec.gov/Archives/edgar/data/1037646/000103764619000020/0001037646-19-000020-index.htm",
    "finalLink": "https://www.sec.gov/Archives/edgar/data/1037646/000103764619000020/mtd_10qx3312019.htm"
  },
  {
    "date": "2018-12-31",
    "symbol": "MTD",
    "reportedCurrency": "USD",
    "cik": "0001037646",
    "fillingDate": "2019-02-08",
    "acceptedDate": "2019-02-08 13:56:30",
    "calendarYear": "2018",
    "period": "Q4",
    "revenue": 817923000,
    "costOfRevenue": 352320000,
    "grossProfit": 465603000,
    "grossProfitRatio": 0.5692504062,
    "researchAndDevelopmentExpenses": 36205000,
    "generalAndAdministrativeExpenses": 0,
    "sellingAndMarketingExpenses": 0,
    "sellingGeneralAndAdministrativeExpenses": 201653000,
    "otherExpenses": 0,
    "operatingExpenses": 237858000,
    "costAndExpenses": 590178000,
    "interestIncome": 0,
    "interestExpense": 8840000,
    "depreciationAndAmortization": 21241000,
    "ebitda": 258465000,
    "ebitdaratio": 0.3160016285,
    "operatingIncome": 227745000,
    "operatingIncomeRatio": 0.2784430808,
    "totalOtherIncomeExpensesNet": 2709000,
    "incomeBeforeTax": 230454000,
    "incomeBeforeTaxRatio": 0.2817551285,
    "incomeTaxExpense": 49268000,
    "netIncome": 181186000,
    "netIncomeRatio": 0.2215196296,
    "eps": 7.25,
    "epsdiluted": 7.11,
    "weightedAverageShsOut": 24975303,
    "weightedAverageShsOutDil": 25490270,
    "link": "https://www.sec.gov/Archives/edgar/data/1037646/000103764619000010/0001037646-19-000010-index.htm",
    "finalLink": "https://www.sec.gov/Archives/edgar/data/1037646/000103764619000010/mtd_10kx12312018.htm"
  },
  {
    "date": "2018-09-30",
    "symbol": "MTD",
    "reportedCurrency": "USD",
    "cik": "0001037646",
    "fillingDate": "2018-11-09",
    "acceptedDate": "2018-11-09 10:15:11",
    "calendarYear": "2018",
    "period": "Q3",
    "revenue": 734846000,
    "costOfRevenue": 327448000,
    "grossProfit": 407398000,
    "grossProfitRatio": 0.554399153,
    "researchAndDevelopmentExpenses": 34838000,
    "generalAndAdministrativeExpenses": 0,
    "sellingAndMarketingExpenses": 0,
    "sellingGeneralAndAdministrativeExpenses": 202451000,
    "otherExpenses": 0,
    "operatingExpenses": 237289000,
    "costAndExpenses": 564737000,
    "interestIncome": 0,
    "interestExpense": 9003000,
    "depreciationAndAmortization": 21139000,
    "ebitda": 191402000,
    "ebitdaratio": 0.2604654581,
    "operatingIncome": 170109000,
    "operatingIncomeRatio": 0.2314893189,
    "totalOtherIncomeExpensesNet": -9746000,
    "incomeBeforeTax": 160363000,
    "incomeBeforeTaxRatio": 0.2182266761,
    "incomeTaxExpense": 33710000,
    "netIncome": 126653000,
    "netIncomeRatio": 0.1723531189,
    "eps": 5.04,
    "epsdiluted": 4.93,
    "weightedAverageShsOut": 25126061,
    "weightedAverageShsOutDil": 25683365,
    "link": "https://www.sec.gov/Archives/edgar/data/1037646/000103764618000030/0001037646-18-000030-index.htm",
    "finalLink": "https://www.sec.gov/Archives/edgar/data/1037646/000103764618000030/mtd10q93018.htm"
  },
  {
    "date": "2018-06-30",
    "symbol": "MTD",
    "reportedCurrency": "USD",
    "cik": "0001037646",
    "fillingDate": "2018-07-27",
    "acceptedDate": "2018-07-27 09:03:12",
    "calendarYear": "2018",
    "period": "Q2",
    "revenue": 721996000,
    "costOfRevenue": 321341000,
    "grossProfit": 400655000,
    "grossProfitRatio": 0.5549268971,
    "researchAndDevelopmentExpenses": 35315000,
    "generalAndAdministrativeExpenses": 0,
    "sellingAndMarketingExpenses": 0,
    "sellingGeneralAndAdministrativeExpenses": 208024000,
    "otherExpenses": 0,
    "operatingExpenses": 243339000,
    "costAndExpenses": 564680000,
    "interestIncome": 0,
    "interestExpense": 8309000,
    "depreciationAndAmortization": 21419000,
    "ebitda": 173872000,
    "ebitdaratio": 0.2408212788,
    "operatingIncome": 157316000,
    "operatingIncomeRatio": 0.2178904038,
    "totalOtherIncomeExpensesNet": -13714000,
    "incomeBeforeTax": 143602000,
    "incomeBeforeTaxRatio": 0.1988958388,
    "incomeTaxExpense": 32134000,
    "netIncome": 111468000,
    "netIncomeRatio": 0.154388667,
    "eps": 4.41,
    "epsdiluted": 4.31,
    "weightedAverageShsOut": 25299414,
    "weightedAverageShsOutDil": 25867383,
    "link": "https://www.sec.gov/Archives/edgar/data/1037646/000103764618000026/0001037646-18-000026-index.htm",
    "finalLink": "https://www.sec.gov/Archives/edgar/data/1037646/000103764618000026/mtd10q63018.htm"
  },
  {
    "date": "2018-03-31",
    "symbol": "MTD",
    "reportedCurrency": "USD",
    "cik": "0001037646",
    "fillingDate": "2018-05-04",
    "acceptedDate": "2018-05-04 09:42:12",
    "calendarYear": "2018",
    "period": "Q1",
    "revenue": 660821000,
    "costOfRevenue": 297623000,
    "grossProfit": 363198000,
    "grossProfitRatio": 0.5496163106,
    "researchAndDevelopmentExpenses": 34713000,
    "generalAndAdministrativeExpenses": 0,
    "sellingAndMarketingExpenses": 0,
    "sellingGeneralAndAdministrativeExpenses": 200674000,
    "otherExpenses": 0,
    "operatingExpenses": 235387000,
    "costAndExpenses": 533010000,
    "interestIncome": 0,
    "interestExpense": 8359000,
    "depreciationAndAmortization": 20892000,
    "ebitda": 147013000,
    "ebitdaratio": 0.2224702302,
    "operatingIncome": 127811000,
    "operatingIncomeRatio": 0.193412437,
    "totalOtherIncomeExpensesNet": -10372000,
    "incomeBeforeTax": 117439000,
    "incomeBeforeTaxRatio": 0.1777168098,
    "incomeTaxExpense": 24135000,
    "netIncome": 93304000,
    "netIncomeRatio": 0.1411940601,
    "eps": 3.66,
    "epsdiluted": 3.58,
    "weightedAverageShsOut": 25468323,
    "weightedAverageShsOutDil": 26095647,
    "link": "https://www.sec.gov/Archives/edgar/data/1037646/000103764618000011/0001037646-18-000011-index.htm",
    "finalLink": "https://www.sec.gov/Archives/edgar/data/1037646/000103764618000011/mtd_10qx3312018.htm"
  },
  {
    "date": "2017-12-31",
    "symbol": "MTD",
    "reportedCurrency": "USD",
    "cik": "0001037646",
    "fillingDate": "2018-02-09",
    "acceptedDate": "2018-02-08 17:34:21",
    "calendarYear": "2017",
    "period": "Q4",
    "revenue": 778031000,
    "costOfRevenue": 334473000,
    "grossProfit": 443558000,
    "grossProfitRatio": 0.5701032478,
    "researchAndDevelopmentExpenses": 32542000,
    "generalAndAdministrativeExpenses": 0,
    "sellingAndMarketingExpenses": 0,
    "sellingGeneralAndAdministrativeExpenses": 204860000,
    "otherExpenses": 0,
    "operatingExpenses": 237402000,
    "costAndExpenses": 571875000,
    "interestIncome": 0,
    "interestExpense": 8625000,
    "depreciationAndAmortization": 20698000,
    "ebitda": 223633000,
    "ebitdaratio": 0.2874345624,
    "operatingIncome": 206156000,
    "operatingIncomeRatio": 0.2649714472,
    "totalOtherIncomeExpensesNet": -12256000,
    "incomeBeforeTax": 193900000,
    "incomeBeforeTaxRatio": 0.2492188615,
    "incomeTaxExpense": 116924000,
    "netIncome": 76976000,
    "netIncomeRatio": 0.0989369318,
    "eps": 3.01,
    "epsdiluted": 2.93,
    "weightedAverageShsOut": 25562542,
    "weightedAverageShsOutDil": 26229052,
    "link": "https://www.sec.gov/Archives/edgar/data/1037646/000103764618000006/0001037646-18-000006-index.htm",
    "finalLink": "https://www.sec.gov/Archives/edgar/data/1037646/000103764618000006/mtd10k12312017.htm"
  },
  {
    "date": "2017-09-30",
    "symbol": "MTD",
    "reportedCurrency": "USD",
    "cik": "0001037646",
    "fillingDate": "2017-11-03",
    "acceptedDate": "2017-11-03 09:35:54",
    "calendarYear": "2017",
    "period": "Q3",
    "revenue": 698799000,
    "costOfRevenue": 308540000,
    "grossProfit": 390259000,
    "grossProfitRatio": 0.5584710339,
    "researchAndDevelopmentExpenses": 32477000,
    "generalAndAdministrativeExpenses": 0,
    "sellingAndMarketingExpenses": 0,
    "sellingGeneralAndAdministrativeExpenses": 204915000,
    "otherExpenses": 0,
    "operatingExpenses": 239236000,
    "costAndExpenses": 547776000,
    "interestIncome": 0,
    "interestExpense": 8248000,
    "depreciationAndAmortization": 19218000,
    "ebitda": 167517000,
    "ebitdaratio": 0.2397212932,
    "operatingIncome": 151023000,
    "operatingIncomeRatio": 0.2161179395,
    "totalOtherIncomeExpensesNet": -11396000,
    "incomeBeforeTax": 139627000,
    "incomeBeforeTaxRatio": 0.1998099597,
    "incomeTaxExpense": 34677000,
    "netIncome": 104950000,
    "netIncomeRatio": 0.1501862481,
    "eps": 4.1,
    "epsdiluted": 3.99,
    "weightedAverageShsOut": 25613433,
    "weightedAverageShsOutDil": 26303529,
    "link": "https://www.sec.gov/Archives/edgar/data/1037646/000103764617000025/0001037646-17-000025-index.htm",
    "finalLink": "https://www.sec.gov/Archives/edgar/data/1037646/000103764617000025/mtd10q93017.htm"
  },
  {
    "date": "2017-06-30",
    "symbol": "MTD",
    "reportedCurrency": "USD",
    "cik": "0001037646",
    "fillingDate": "2017-07-28",
    "acceptedDate": "2017-07-28 09:54:28",
    "calendarYear": "2017",
    "period": "Q2",
    "revenue": 653656000,
    "costOfRevenue": 288293000,
    "grossProfit": 365363000,
    "grossProfitRatio": 0.5589530273,
    "researchAndDevelopmentExpenses": 32854000,
    "generalAndAdministrativeExpenses": 0,
    "sellingAndMarketingExpenses": 0,
    "sellingGeneralAndAdministrativeExpenses": 193517000,
    "otherExpenses": 0,
    "operatingExpenses": 228206000,
    "costAndExpenses": 516499000,
    "interestIncome": 0,
    "interestExpense": 8171000,
    "depreciationAndAmortization": 18202000,
    "ebitda": 152715000,
    "ebitdaratio": 0.2336320633,
    "operatingIncome": 137157000,
    "operatingIncomeRatio": 0.2098305531,
    "totalOtherIncomeExpensesNet": -10310000,
    "incomeBeforeTax": 126847000,
    "incomeBeforeTaxRatio": 0.1940577307,
    "incomeTaxExpense": 25267000,
    "netIncome": 101580000,
    "netIncomeRatio": 0.1554028419,
    "eps": 3.94,
    "epsdiluted": 3.84,
    "weightedAverageShsOut": 25751374,
    "weightedAverageShsOutDil": 26439529,
    "link": "https://www.sec.gov/Archives/edgar/data/1037646/000103764617000021/0001037646-17-000021-index.htm",
    "finalLink": "https://www.sec.gov/Archives/edgar/data/1037646/000103764617000021/mtd10q63017.htm"
  },
  {
    "date": "2017-03-31",
    "symbol": "MTD",
    "reportedCurrency": "USD",
    "cik": "0001037646",
    "fillingDate": "2017-05-05",
    "acceptedDate": "2017-05-05 09:13:11",
    "calendarYear": "2017",
    "period": "Q1",
    "revenue": 594567000,
    "costOfRevenue": 261712000,
    "grossProfit": 332855000,
    "grossProfitRatio": 0.559827572,
    "researchAndDevelopmentExpenses": 31392000,
    "generalAndAdministrativeExpenses": 0,
    "sellingAndMarketingExpenses": 0,
    "sellingGeneralAndAdministrativeExpenses": 184172000,
    "otherExpenses": 0,
    "operatingExpenses": 215564000,
    "costAndExpenses": 477276000,
    "interestIncome": 0,
    "interestExpense": 7741000,
    "depreciationAndAmortization": 18011000,
    "ebitda": 139256000,
    "ebitdaratio": 0.2342141424,
    "operatingIncome": 117291000,
    "operatingIncomeRatio": 0.1972712915,
    "totalOtherIncomeExpensesNet": -3443000,
    "incomeBeforeTax": 113848000,
    "incomeBeforeTaxRatio": 0.1914805228,
    "incomeTaxExpense": 21382000,
    "netIncome": 92466000,
    "netIncomeRatio": 0.1555182175,
    "eps": 3.57,
    "epsdiluted": 3.48,
    "weightedAverageShsOut": 25932112,
    "weightedAverageShsOutDil": 26586061,
    "link": "https://www.sec.gov/Archives/edgar/data/1037646/000103764617000009/0001037646-17-000009-index.htm",
    "finalLink": "https://www.sec.gov/Archives/edgar/data/1037646/000103764617000009/mtd_10qx3312017.htm"
  },
  {
    "date": "2016-12-31",
    "symbol": "MTD",
    "reportedCurrency": "USD",
    "cik": "0001037646",
    "fillingDate": "2017-02-02",
    "acceptedDate": "2017-02-02 17:24:53",
    "calendarYear": "2016",
    "period": "Q4",
    "revenue": 709699000,
    "costOfRevenue": 303199000,
    "grossProfit": 406500000,
    "grossProfitRatio": 0.5727780369,
    "researchAndDevelopmentExpenses": 30155000,
    "generalAndAdministrativeExpenses": 0,
    "sellingAndMarketingExpenses": 0,
    "sellingGeneralAndAdministrativeExpenses": 188223000,
    "otherExpenses": 0,
    "operatingExpenses": 218378000,
    "costAndExpenses": 521577000,
    "interestIncome": 0,
    "interestExpense": 7407000,
    "depreciationAndAmortization": 18102000,
    "ebitda": 206793000,
    "ebitdaratio": 0.2913812757,
    "operatingIncome": 188122000,
    "operatingIncomeRatio": 0.2650729394,
    "totalOtherIncomeExpensesNet": -6838000,
    "incomeBeforeTax": 181284000,
    "incomeBeforeTaxRatio": 0.2554378687,
    "incomeTaxExpense": 43508000,
    "netIncome": 137776000,
    "netIncomeRatio": 0.1941330057,
    "eps": 5.27,
    "epsdiluted": 5.17,
    "weightedAverageShsOut": 26139024,
    "weightedAverageShsOutDil": 26631269,
    "link": "https://www.sec.gov/Archives/edgar/data/1037646/000103764617000004/0001037646-17-000004-index.htm",
    "finalLink": "https://www.sec.gov/Archives/edgar/data/1037646/000103764617000004/mtd_10kx12312016.htm"
  },
  {
    "date": "2016-09-30",
    "symbol": "MTD",
    "reportedCurrency": "USD",
    "cik": "0001037646",
    "fillingDate": "2016-11-04",
    "acceptedDate": "2016-11-04 10:15:00",
    "calendarYear": "2016",
    "period": "Q3",
    "revenue": 650598000,
    "costOfRevenue": 291792000,
    "grossProfit": 358806000,
    "grossProfitRatio": 0.5515018491,
    "researchAndDevelopmentExpenses": 30139000,
    "generalAndAdministrativeExpenses": 0,
    "sellingAndMarketingExpenses": 0,
    "sellingGeneralAndAdministrativeExpenses": 187680000,
    "otherExpenses": 0,
    "operatingExpenses": 217819000,
    "costAndExpenses": 509611000,
    "interestIncome": 0,
    "interestExpense": 7167000,
    "depreciationAndAmortization": 17498000,
    "ebitda": 157731000,
    "ebitdaratio": 0.2424400321,
    "operatingIncome": 140987000,
    "operatingIncomeRatio": 0.2167037095,
    "totalOtherIncomeExpensesNet": -7662999,
    "incomeBeforeTax": 133324000,
    "incomeBeforeTaxRatio": 0.2049253149,
    "incomeTaxExpense": 31992000,
    "netIncome": 101332000,
    "netIncomeRatio": 0.1557520927,
    "eps": 3.84,
    "epsdiluted": 3.77,
    "weightedAverageShsOut": 26375468,
    "weightedAverageShsOutDil": 26888810,
    "link": "https://www.sec.gov/Archives/edgar/data/1037646/000103764616000066/0001037646-16-000066-index.htm",
    "finalLink": "https://www.sec.gov/Archives/edgar/data/1037646/000103764616000066/mtd10q93016.htm"
  },
  {
    "date": "2016-06-30",
    "symbol": "MTD",
    "reportedCurrency": "USD",
    "cik": "0001037646",
    "fillingDate": "2016-07-29",
    "acceptedDate": "2016-07-29 09:33:18",
    "calendarYear": "2016",
    "period": "Q2",
    "revenue": 608286000,
    "costOfRevenue": 260710000,
    "grossProfit": 347576000,
    "grossProfitRatio": 0.571402268,
    "researchAndDevelopmentExpenses": 30701000,
    "generalAndAdministrativeExpenses": 0,
    "sellingAndMarketingExpenses": 0,
    "sellingGeneralAndAdministrativeExpenses": 187798000,
    "otherExpenses": -8173000,
    "operatingExpenses": 227154000,
    "costAndExpenses": 487864000,
    "interestIncome": 0,
    "interestExpense": 6872000,
    "depreciationAndAmortization": 16649000,
    "ebitda": 126693000,
    "ebitdaratio": 0.2082786715,
    "operatingIncome": 120422000,
    "operatingIncomeRatio": 0.1979693762,
    "totalOtherIncomeExpensesNet": -17250000,
    "incomeBeforeTax": 103172000,
    "incomeBeforeTaxRatio": 0.1696110053,
    "incomeTaxExpense": 23584000,
    "netIncome": 79588000,
    "netIncomeRatio": 0.1308397695,
    "eps": 2.99,
    "epsdiluted": 2.93,
    "weightedAverageShsOut": 26631015,
    "weightedAverageShsOutDil": 27143284,
    "link": "https://www.sec.gov/Archives/edgar/data/1037646/000103764616000062/0001037646-16-000062-index.htm",
    "finalLink": "https://www.sec.gov/Archives/edgar/data/1037646/000103764616000062/mtd10q63016.htm"
  },
  {
    "date": "2016-03-31",
    "symbol": "MTD",
    "reportedCurrency": "USD",
    "cik": "0001037646",
    "fillingDate": "2016-05-06",
    "acceptedDate": "2016-05-06 09:32:57",
    "calendarYear": "2016",
    "period": "Q1",
    "revenue": 539674000,
    "costOfRevenue": 239767000,
    "grossProfit": 299907000,
    "grossProfitRatio": 0.5557188228,
    "researchAndDevelopmentExpenses": 28973000,
    "generalAndAdministrativeExpenses": 0,
    "sellingAndMarketingExpenses": 0,
    "sellingGeneralAndAdministrativeExpenses": 168921000,
    "otherExpenses": 284000,
    "operatingExpenses": 206318000,
    "costAndExpenses": 446085000,
    "interestIncome": 0,
    "interestExpense": 6580000,
    "depreciationAndAmortization": 16546000,
    "ebitda": 109539000,
    "ebitdaratio": 0.2029725353,
    "operatingIncome": 93589000,
    "operatingIncomeRatio": 0.1734176558,
    "totalOtherIncomeExpensesNet": -15600000,
    "incomeBeforeTax": 86413000,
    "incomeBeforeTaxRatio": 0.1601207396,
    "incomeTaxExpense": 20739000,
    "netIncome": 65674000,
    "netIncomeRatio": 0.1216919844,
    "eps": 2.44,
    "epsdiluted": 2.4,
    "weightedAverageShsOut": 26931293,
    "weightedAverageShsOutDil": 27421019,
    "link": "https://www.sec.gov/Archives/edgar/data/1037646/000103764616000051/0001037646-16-000051-index.htm",
    "finalLink": "https://www.sec.gov/Archives/edgar/data/1037646/000103764616000051/mtd_10qx3312016.htm"
  },
  {
    "date": "2015-12-31",
    "symbol": "MTD",
    "reportedCurrency": "USD",
    "cik": "0001037646",
    "fillingDate": "2016-02-04",
    "acceptedDate": "2016-02-04 17:18:58",
    "calendarYear": "2015",
    "period": "Q4",
    "revenue": 673535000,
    "costOfRevenue": 282788000,
    "grossProfit": 390747000,
    "grossProfitRatio": 0.5801435709,
    "researchAndDevelopmentExpenses": 31110000,
    "generalAndAdministrativeExpenses": 0,
    "sellingAndMarketingExpenses": 0,
    "sellingGeneralAndAdministrativeExpenses": 177418000,
    "otherExpenses": 9000,
    "operatingExpenses": 216550000,
    "costAndExpenses": 499338000,
    "interestIncome": 0,
    "interestExpense": 6755000,
    "depreciationAndAmortization": 16131000,
    "ebitda": 184377000,
    "ebitdaratio": 0.2737452397,
    "operatingIncome": 174197000,
    "operatingIncomeRatio": 0.2586309546,
    "totalOtherIncomeExpensesNet": -12706000,
    "incomeBeforeTax": 161491000,
    "incomeBeforeTaxRatio": 0.2397663076,
    "incomeTaxExpense": 38140000,
    "netIncome": 123351000,
    "netIncomeRatio": 0.1831397032,
    "eps": 4.58,
    "epsdiluted": 4.58,
    "weightedAverageShsOut": 26931293,
    "weightedAverageShsOutDil": 26931293,
    "link": "https://www.sec.gov/Archives/edgar/data/1037646/000103764616000043/0001037646-16-000043-index.htm",
    "finalLink": "https://www.sec.gov/Archives/edgar/data/1037646/000103764616000043/mtd_10kx12312015.htm"
  },
  {
    "date": "2015-09-30",
    "symbol": "MTD",
    "reportedCurrency": "USD",
    "cik": "0001037646",
    "fillingDate": "2015-11-06",
    "acceptedDate": "2015-11-06 09:03:28",
    "calendarYear": "2015",
    "period": "Q3",
    "revenue": 604154000,
    "costOfRevenue": 264625000,
    "grossProfit": 339529000,
    "grossProfitRatio": 0.5619908169,
    "researchAndDevelopmentExpenses": 29711000,
    "generalAndAdministrativeExpenses": 0,
    "sellingAndMarketingExpenses": 0,
    "sellingGeneralAndAdministrativeExpenses": 175546000,
    "otherExpenses": 8000,
    "operatingExpenses": 213024000,
    "costAndExpenses": 477649000,
    "interestIncome": 0,
    "interestExpense": 7029000,
    "depreciationAndAmortization": 16087000,
    "ebitda": 140039000,
    "ebitdaratio": 0.2317935493,
    "operatingIncome": 126505000,
    "operatingIncomeRatio": 0.2093919762,
    "totalOtherIncomeExpensesNet": -9582000,
    "incomeBeforeTax": 116923000,
    "incomeBeforeTaxRatio": 0.1935317816,
    "incomeTaxExpense": 28062000,
    "netIncome": 88861000,
    "netIncomeRatio": 0.1470833595,
    "eps": 3.23,
    "epsdiluted": 3.16,
    "weightedAverageShsOut": 27547734,
    "weightedAverageShsOutDil": 28113287,
    "link": "https://www.sec.gov/Archives/edgar/data/1037646/000103764615000034/0001037646-15-000034-index.htm",
    "finalLink": "https://www.sec.gov/Archives/edgar/data/1037646/000103764615000034/mtd10q93015.htm"
  },
  {
    "date": "2015-06-30",
    "symbol": "MTD",
    "reportedCurrency": "USD",
    "cik": "0001037646",
    "fillingDate": "2015-07-31",
    "acceptedDate": "2015-07-31 09:08:15",
    "calendarYear": "2015",
    "period": "Q2",
    "revenue": 582057000,
    "costOfRevenue": 259145000,
    "grossProfit": 322912000,
    "grossProfitRatio": 0.5547772813,
    "researchAndDevelopmentExpenses": 29794000,
    "generalAndAdministrativeExpenses": 0,
    "sellingAndMarketingExpenses": 0,
    "sellingGeneralAndAdministrativeExpenses": 174808000,
    "otherExpenses": 33000,
    "operatingExpenses": 212236000,
    "costAndExpenses": 471381000,
    "interestIncome": 0,
    "interestExpense": 6942000,
    "depreciationAndAmortization": 15991000,
    "ebitda": 124980000,
    "ebitdaratio": 0.2147212386,
    "operatingIncome": 110676000,
    "operatingIncomeRatio": 0.1901463259,
    "totalOtherIncomeExpensesNet": -8629000,
    "incomeBeforeTax": 102047000,
    "incomeBeforeTaxRatio": 0.1753213173,
    "incomeTaxExpense": 24490000,
    "netIncome": 77557000,
    "netIncomeRatio": 0.1332464003,
    "eps": 2.79,
    "epsdiluted": 2.73,
    "weightedAverageShsOut": 27843905,
    "weightedAverageShsOutDil": 28460336,
    "link": "https://www.sec.gov/Archives/edgar/data/1037646/000103764615000029/0001037646-15-000029-index.htm",
    "finalLink": "https://www.sec.gov/Archives/edgar/data/1037646/000103764615000029/mtd10q63015.htm"
  },
  {
    "date": "2015-03-31",
    "symbol": "MTD",
    "reportedCurrency": "USD",
    "cik": "0001037646",
    "fillingDate": "2015-05-08",
    "acceptedDate": "2015-05-08 09:04:29",
    "calendarYear": "2015",
    "period": "Q1",
    "revenue": 535701000,
    "costOfRevenue": 236896000,
    "grossProfit": 298805000,
    "grossProfitRatio": 0.5577831664,
    "researchAndDevelopmentExpenses": 28461000,
    "generalAndAdministrativeExpenses": 0,
    "sellingAndMarketingExpenses": 0,
    "sellingGeneralAndAdministrativeExpenses": 173038000,
    "otherExpenses": 817000,
    "operatingExpenses": 209027000,
    "costAndExpenses": 445923000,
    "interestIncome": 0,
    "interestExpense": 6725000,
    "depreciationAndAmortization": 15829000,
    "ebitda": 105517000,
    "ebitdaratio": 0.1969699515,
    "operatingIncome": 89778000,
    "operatingIncomeRatio": 0.1675897562,
    "totalOtherIncomeExpensesNet": -14343000,
    "incomeBeforeTax": 82963000,
    "incomeBeforeTaxRatio": 0.1548681074,
    "incomeTaxExpense": 19912000,
    "netIncome": 63051000,
    "netIncomeRatio": 0.1176981189,
    "eps": 2.24,
    "epsdiluted": 2.19,
    "weightedAverageShsOut": 28115220,
    "weightedAverageShsOutDil": 28762935,
    "link": "https://www.sec.gov/Archives/edgar/data/1037646/000103764615000017/0001037646-15-000017-index.htm",
    "finalLink": "https://www.sec.gov/Archives/edgar/data/1037646/000103764615000017/mtd_10qx3312015.htm"
  },
  {
    "date": "2014-12-31",
    "symbol": "MTD",
    "reportedCurrency": "USD",
    "cik": "0001037646",
    "fillingDate": "2015-02-06",
    "acceptedDate": "2015-02-06 09:02:46",
    "calendarYear": "2014",
    "period": "Q4",
    "revenue": 697428000,
    "costOfRevenue": 303046000,
    "grossProfit": 394382000,
    "grossProfitRatio": 0.5654805944,
    "researchAndDevelopmentExpenses": 31323000,
    "generalAndAdministrativeExpenses": 0,
    "sellingAndMarketingExpenses": 0,
    "sellingGeneralAndAdministrativeExpenses": 186789000,
    "otherExpenses": -882000,
    "operatingExpenses": 225722000,
    "costAndExpenses": 528768000,
    "interestIncome": 0,
    "interestExpense": 6924000,
    "depreciationAndAmortization": 15758000,
    "ebitda": 182068000,
    "ebitdaratio": 0.2610563384,
    "operatingIncome": 168660000,
    "operatingIncomeRatio": 0.2418314149,
    "totalOtherIncomeExpensesNet": -9274000,
    "incomeBeforeTax": 159386000,
    "incomeBeforeTaxRatio": 0.2285339849,
    "incomeTaxExpense": 38214000,
    "netIncome": 121172000,
    "netIncomeRatio": 0.1737412321,
    "eps": 4.27,
    "epsdiluted": 4.17,
    "weightedAverageShsOut": 28398579,
    "weightedAverageShsOutDil": 29045269,
    "link": "https://www.sec.gov/Archives/edgar/data/1037646/000103764615000008/0001037646-15-000008-index.htm",
    "finalLink": "https://www.sec.gov/Archives/edgar/data/1037646/000103764615000008/mtd_10kx12312014.htm"
  },
  {
    "date": "2014-09-30",
    "symbol": "MTD",
    "reportedCurrency": "USD",
    "cik": "0001037646",
    "fillingDate": "2014-11-07",
    "acceptedDate": "2014-11-07 10:01:13",
    "calendarYear": "2014",
    "period": "Q3",
    "revenue": 629100000,
    "costOfRevenue": 285549000,
    "grossProfit": 343551000,
    "grossProfitRatio": 0.5460991893,
    "researchAndDevelopmentExpenses": 30352000,
    "generalAndAdministrativeExpenses": 0,
    "sellingAndMarketingExpenses": 0,
    "sellingGeneralAndAdministrativeExpenses": 186499000,
    "otherExpenses": -625000,
    "operatingExpenses": 224049000,
    "costAndExpenses": 509598000,
    "interestIncome": 0,
    "interestExpense": 5991000,
    "depreciationAndAmortization": 15793000,
    "ebitda": 133620000,
    "ebitdaratio": 0.2123986648,
    "operatingIncome": 119502000,
    "operatingIncomeRatio": 0.1899570815,
    "totalOtherIncomeExpensesNet": -7666000,
    "incomeBeforeTax": 111836000,
    "incomeBeforeTaxRatio": 0.1777714195,
    "incomeTaxExpense": 26840000,
    "netIncome": 84996000,
    "netIncomeRatio": 0.1351072961,
    "eps": 2.96,
    "epsdiluted": 2.89,
    "weightedAverageShsOut": 28732152,
    "weightedAverageShsOutDil": 29408614,
    "link": "https://www.sec.gov/Archives/edgar/data/1037646/000103764614000029/0001037646-14-000029-index.htm",
    "finalLink": "https://www.sec.gov/Archives/edgar/data/1037646/000103764614000029/mtd10q9302014.htm"
  },
  {
    "date": "2014-06-30",
    "symbol": "MTD",
    "reportedCurrency": "USD",
    "cik": "0001037646",
    "fillingDate": "2014-07-25",
    "acceptedDate": "2014-07-25 09:00:59",
    "calendarYear": "2014",
    "period": "Q2",
    "revenue": 608834000,
    "costOfRevenue": 280658000,
    "grossProfit": 328176000,
    "grossProfitRatio": 0.5390237733,
    "researchAndDevelopmentExpenses": 32125000,
    "generalAndAdministrativeExpenses": 0,
    "sellingAndMarketingExpenses": 0,
    "sellingGeneralAndAdministrativeExpenses": 183103000,
    "otherExpenses": -406000,
    "operatingExpenses": 222511000,
    "costAndExpenses": 503169000,
    "interestIncome": 0,
    "interestExpense": 5956000,
    "depreciationAndAmortization": 15737000,
    "ebitda": 119091000,
    "ebitdaratio": 0.1956050418,
    "operatingIncome": 105665000,
    "operatingIncomeRatio": 0.1735530539,
    "totalOtherIncomeExpensesNet": -8267000,
    "incomeBeforeTax": 97398000,
    "incomeBeforeTaxRatio": 0.15997464,
    "incomeTaxExpense": 23376000,
    "netIncome": 74022000,
    "netIncomeRatio": 0.121579938,
    "eps": 2.55,
    "epsdiluted": 2.49,
    "weightedAverageShsOut": 29074695,
    "weightedAverageShsOutDil": 29750815,
    "link": "https://www.sec.gov/Archives/edgar/data/1037646/000103764614000024/0001037646-14-000024-index.htm",
    "finalLink": "https://www.sec.gov/Archives/edgar/data/1037646/000103764614000024/mtd10q6302014.htm"
  },
  {
    "date": "2014-03-31",
    "symbol": "MTD",
    "reportedCurrency": "USD",
    "cik": "0001037646",
    "fillingDate": "2014-05-09",
    "acceptedDate": "2014-05-09 09:51:47",
    "calendarYear": "2014",
    "period": "Q1",
    "revenue": 550621000,
    "costOfRevenue": 257980000,
    "grossProfit": 292641000,
    "grossProfitRatio": 0.5314744625,
    "researchAndDevelopmentExpenses": 29497000,
    "generalAndAdministrativeExpenses": 0,
    "sellingAndMarketingExpenses": 0,
    "sellingGeneralAndAdministrativeExpenses": 172191000,
    "otherExpenses": -317000,
    "operatingExpenses": 208782000,
    "costAndExpenses": 466762000,
    "interestIncome": 0,
    "interestExpense": 5666000,
    "depreciationAndAmortization": 15514000,
    "ebitda": 97564000,
    "ebitdaratio": 0.1771890284,
    "operatingIncome": 83859000,
    "operatingIncomeRatio": 0.1522989497,
    "totalOtherIncomeExpensesNet": -7475000,
    "incomeBeforeTax": 76384000,
    "incomeBeforeTaxRatio": 0.1387233687,
    "incomeTaxExpense": 18333000,
    "netIncome": 58051000,
    "netIncomeRatio": 0.1054282347,
    "eps": 1.98,
    "epsdiluted": 1.93,
    "weightedAverageShsOut": 29370232,
    "weightedAverageShsOutDil": 30088245,
    "link": "https://www.sec.gov/Archives/edgar/data/1037646/000103764614000011/0001037646-14-000011-index.htm",
    "finalLink": "https://www.sec.gov/Archives/edgar/data/1037646/000103764614000011/mtd_10qx3312014.htm"
  },
  {
    "date": "2013-12-31",
    "symbol": "MTD",
    "reportedCurrency": "USD",
    "cik": "0001037646",
    "fillingDate": "2014-02-07",
    "acceptedDate": "2014-02-07 11:21:18",
    "calendarYear": "2013",
    "period": "Q4",
    "revenue": 684253000,
    "costOfRevenue": 308896000,
    "grossProfit": 375357000,
    "grossProfitRatio": 0.5485646391,
    "researchAndDevelopmentExpenses": 30597000,
    "generalAndAdministrativeExpenses": 0,
    "sellingAndMarketingExpenses": 0,
    "sellingGeneralAndAdministrativeExpenses": 179788000,
    "otherExpenses": -822000,
    "operatingExpenses": 217320000,
    "costAndExpenses": 526216000,
    "interestIncome": 0,
    "interestExpense": 6211000,
    "depreciationAndAmortization": 15676000,
    "ebitda": 172891000,
    "ebitdaratio": 0.2526711611,
    "operatingIncome": 158037000,
    "operatingIncomeRatio": 0.2309628164,
    "totalOtherIncomeExpensesNet": -13133000,
    "incomeBeforeTax": 144904000,
    "incomeBeforeTaxRatio": 0.2117696232,
    "incomeTaxExpense": 34742000,
    "netIncome": 110162000,
    "netIncomeRatio": 0.1609960059,
    "eps": 3.72,
    "epsdiluted": 3.63,
    "weightedAverageShsOut": 29596949,
    "weightedAverageShsOutDil": 30366603,
    "link": "https://www.sec.gov/Archives/edgar/data/1037646/000103764614000005/0001037646-14-000005-index.htm",
    "finalLink": "https://www.sec.gov/Archives/edgar/data/1037646/000103764614000005/mtd_10kx12312013.htm"
  },
  {
    "date": "2013-09-30",
    "symbol": "MTD",
    "reportedCurrency": "USD",
    "cik": "0001037646",
    "fillingDate": "2013-11-08",
    "acceptedDate": "2013-11-08 09:31:15",
    "calendarYear": "2013",
    "period": "Q3",
    "revenue": 591686000,
    "costOfRevenue": 273113000,
    "grossProfit": 318573000,
    "grossProfitRatio": 0.5384156461,
    "researchAndDevelopmentExpenses": 29046000,
    "generalAndAdministrativeExpenses": 0,
    "sellingAndMarketingExpenses": 0,
    "sellingGeneralAndAdministrativeExpenses": 173446000,
    "otherExpenses": -521000,
    "operatingExpenses": 209167000,
    "costAndExpenses": 482280000,
    "interestIncome": 0,
    "interestExpense": 5557000,
    "depreciationAndAmortization": 15252000,
    "ebitda": 118605000,
    "ebitdaratio": 0.2004526049,
    "operatingIncome": 109406000,
    "operatingIncomeRatio": 0.1849055073,
    "totalOtherIncomeExpensesNet": -11610000,
    "incomeBeforeTax": 97796000,
    "incomeBeforeTaxRatio": 0.1652836133,
    "incomeTaxExpense": 23470000,
    "netIncome": 74326000,
    "netIncomeRatio": 0.1256173038,
    "eps": 2.49,
    "epsdiluted": 2.43,
    "weightedAverageShsOut": 29818218,
    "weightedAverageShsOutDil": 30579954,
    "link": "https://www.sec.gov/Archives/edgar/data/1037646/000103764613000033/0001037646-13-000033-index.htm",
    "finalLink": "https://www.sec.gov/Archives/edgar/data/1037646/000103764613000033/mtd_10qx9302013.htm"
  },
  {
    "date": "2013-06-30",
    "symbol": "MTD",
    "reportedCurrency": "USD",
    "cik": "0001037646",
    "fillingDate": "2013-07-26",
    "acceptedDate": "2013-07-26 10:11:23",
    "calendarYear": "2013",
    "period": "Q2",
    "revenue": 578680000,
    "costOfRevenue": 269837000,
    "grossProfit": 308843000,
    "grossProfitRatio": 0.5337025645,
    "researchAndDevelopmentExpenses": 29003000,
    "generalAndAdministrativeExpenses": 0,
    "sellingAndMarketingExpenses": 0,
    "sellingGeneralAndAdministrativeExpenses": 173434000,
    "otherExpenses": -987000,
    "operatingExpenses": 208244000,
    "costAndExpenses": 478081000,
    "interestIncome": 0,
    "interestExpense": 5543000,
    "depreciationAndAmortization": 14373000,
    "ebitda": 110789000,
    "ebitdaratio": 0.1914512338,
    "operatingIncome": 100599000,
    "operatingIncomeRatio": 0.1738421926,
    "totalOtherIncomeExpensesNet": -9726000,
    "incomeBeforeTax": 90873000,
    "incomeBeforeTaxRatio": 0.1570349762,
    "incomeTaxExpense": 21811000,
    "netIncome": 69062000,
    "netIncomeRatio": 0.1193440243,
    "eps": 2.29,
    "epsdiluted": 2.24,
    "weightedAverageShsOut": 30119889,
    "weightedAverageShsOutDil": 30849934,
    "link": "https://www.sec.gov/Archives/edgar/data/1037646/000103764613000022/0001037646-13-000022-index.htm",
    "finalLink": "https://www.sec.gov/Archives/edgar/data/1037646/000103764613000022/mtd_10qx6302013.htm"
  },
  {
    "date": "2013-03-31",
    "symbol": "MTD",
    "reportedCurrency": "USD",
    "cik": "0001037646",
    "fillingDate": "2013-05-03",
    "acceptedDate": "2013-05-03 09:47:37",
    "calendarYear": "2013",
    "period": "Q1",
    "revenue": 524353000,
    "costOfRevenue": 245100000,
    "grossProfit": 279253000,
    "grossProfitRatio": 0.5325668014,
    "researchAndDevelopmentExpenses": 27700000,
    "generalAndAdministrativeExpenses": 0,
    "sellingAndMarketingExpenses": 0,
    "sellingGeneralAndAdministrativeExpenses": 166120000,
    "otherExpenses": -773000,
    "operatingExpenses": 198942000,
    "costAndExpenses": 444042000,
    "interestIncome": 0,
    "interestExpense": 5400000,
    "depreciationAndAmortization": 14003000,
    "ebitda": 88539000,
    "ebitdaratio": 0.1688538065,
    "operatingIncome": 80311000,
    "operatingIncomeRatio": 0.1531620874,
    "totalOtherIncomeExpensesNet": -11175000,
    "incomeBeforeTax": 69136000,
    "incomeBeforeTaxRatio": 0.1318501086,
    "incomeTaxExpense": 16592000,
    "netIncome": 52544000,
    "netIncomeRatio": 0.1002073031,
    "eps": 1.73,
    "epsdiluted": 1.69,
    "weightedAverageShsOut": 30299569,
    "weightedAverageShsOutDil": 31101979,
    "link": "https://www.sec.gov/Archives/edgar/data/1037646/000103764613000013/0001037646-13-000013-index.htm",
    "finalLink": "https://www.sec.gov/Archives/edgar/data/1037646/000103764613000013/mtd_10qx3312013.htm"
  },
  {
    "date": "2012-12-31",
    "symbol": "MTD",
    "reportedCurrency": "USD",
    "cik": "0001037646",
    "fillingDate": "2013-02-08",
    "acceptedDate": "2013-02-08 15:57:28",
    "calendarYear": "2012",
    "period": "Q4",
    "revenue": 657292000,
    "costOfRevenue": 300504000,
    "grossProfit": 356788000,
    "grossProfitRatio": 0.5428150655,
    "researchAndDevelopmentExpenses": 28001000,
    "generalAndAdministrativeExpenses": 0,
    "sellingAndMarketingExpenses": 0,
    "sellingGeneralAndAdministrativeExpenses": 175379000,
    "otherExpenses": -767000,
    "operatingExpenses": 208966000,
    "costAndExpenses": 509470000,
    "interestIncome": 0,
    "interestExpense": 5667000,
    "depreciationAndAmortization": 14729000,
    "ebitda": 156358000,
    "ebitdaratio": 0.2378820981,
    "operatingIncome": 147822000,
    "operatingIncomeRatio": 0.2248954802,
    "totalOtherIncomeExpensesNet": -11860000,
    "incomeBeforeTax": 135962000,
    "incomeBeforeTaxRatio": 0.2068517493,
    "incomeTaxExpense": 31329000,
    "netIncome": 104633000,
    "netIncomeRatio": 0.1591880017,
    "eps": 3.43,
    "epsdiluted": 3.35,
    "weightedAverageShsOut": 30532491,
    "weightedAverageShsOutDil": 31271377,
    "link": "https://www.sec.gov/Archives/edgar/data/1037646/000103764613000005/0001037646-13-000005-index.htm",
    "finalLink": "https://www.sec.gov/Archives/edgar/data/1037646/000103764613000005/mtd_10kx12312012.htm"
  },
  {
    "date": "2012-09-30",
    "symbol": "MTD",
    "reportedCurrency": "USD",
    "cik": "0001037646",
    "fillingDate": "2012-11-02",
    "acceptedDate": "2012-11-02 14:44:40",
    "calendarYear": "2012",
    "period": "Q3",
    "revenue": 578553000,
    "costOfRevenue": 270396000,
    "grossProfit": 308157000,
    "grossProfitRatio": 0.5326340024,
    "researchAndDevelopmentExpenses": 27896000,
    "generalAndAdministrativeExpenses": 0,
    "sellingAndMarketingExpenses": 0,
    "sellingGeneralAndAdministrativeExpenses": 171021000,
    "otherExpenses": 266000,
    "operatingExpenses": 204132000,
    "costAndExpenses": 474528000,
    "interestIncome": 0,
    "interestExpense": 5568000,
    "depreciationAndAmortization": 13387000,
    "ebitda": 114560000,
    "ebitdaratio": 0.1980112453,
    "operatingIncome": 104025000,
    "operatingIncomeRatio": 0.1798020233,
    "totalOtherIncomeExpensesNet": -8420000,
    "incomeBeforeTax": 95605000,
    "incomeBeforeTaxRatio": 0.1652484733,
    "incomeTaxExpense": 23422000,
    "netIncome": 72183000,
    "netIncomeRatio": 0.1247647147,
    "eps": 2.34,
    "epsdiluted": 2.28,
    "weightedAverageShsOut": 30846062,
    "weightedAverageShsOutDil": 31599081,
    "link": "https://www.sec.gov/Archives/edgar/data/1037646/000103764612000055/0001037646-12-000055-index.htm",
    "finalLink": "https://www.sec.gov/Archives/edgar/data/1037646/000103764612000055/mtd_10qx9302012.htm"
  },
  {
    "date": "2012-06-30",
    "symbol": "MTD",
    "reportedCurrency": "USD",
    "cik": "0001037646",
    "fillingDate": "2012-07-27",
    "acceptedDate": "2012-07-27 10:28:40",
    "calendarYear": "2012",
    "period": "Q2",
    "revenue": 570283000,
    "costOfRevenue": 271275000,
    "grossProfit": 299008000,
    "grossProfitRatio": 0.5243151207,
    "researchAndDevelopmentExpenses": 27966000,
    "generalAndAdministrativeExpenses": 0,
    "sellingAndMarketingExpenses": 0,
    "sellingGeneralAndAdministrativeExpenses": 169985000,
    "otherExpenses": -433000,
    "operatingExpenses": 203308000,
    "costAndExpenses": 474583000,
    "interestIncome": 0,
    "interestExpense": 5706000,
    "depreciationAndAmortization": 5357000,
    "ebitda": 101120000,
    "ebitdaratio": 0.1773154732,
    "operatingIncome": 95700000,
    "operatingIncomeRatio": 0.1678114199,
    "totalOtherIncomeExpensesNet": -13974000,
    "incomeBeforeTax": 81726000,
    "incomeBeforeTaxRatio": 0.1433077963,
    "incomeTaxExpense": 20022000,
    "netIncome": 61704000,
    "netIncomeRatio": 0.1081989118,
    "eps": 1.97,
    "epsdiluted": 1.93,
    "weightedAverageShsOut": 31267660,
    "weightedAverageShsOutDil": 32038928,
    "link": "https://www.sec.gov/Archives/edgar/data/1037646/000103764612000044/0001037646-12-000044-index.htm",
    "finalLink": "https://www.sec.gov/Archives/edgar/data/1037646/000103764612000044/mtd_10qx6302012.htm"
  },
  {
    "date": "2012-03-31",
    "symbol": "MTD",
    "reportedCurrency": "USD",
    "cik": "0001037646",
    "fillingDate": "2012-05-04",
    "acceptedDate": "2012-05-04 10:30:25",
    "calendarYear": "2012",
    "period": "Q1",
    "revenue": 535400000,
    "costOfRevenue": 258298000,
    "grossProfit": 277102000,
    "grossProfitRatio": 0.5175607023,
    "researchAndDevelopmentExpenses": 28667000,
    "generalAndAdministrativeExpenses": 0,
    "sellingAndMarketingExpenses": 0,
    "sellingGeneralAndAdministrativeExpenses": 167641000,
    "otherExpenses": -156000,
    "operatingExpenses": 201507000,
    "costAndExpenses": 459805000,
    "interestIncome": 0,
    "interestExpense": 5823000,
    "depreciationAndAmortization": 12974000,
    "ebitda": 88105000,
    "ebitdaratio": 0.1645592081,
    "operatingIncome": 75595000,
    "operatingIncomeRatio": 0.1411935002,
    "totalOtherIncomeExpensesNet": -6287000,
    "incomeBeforeTax": 69308000,
    "incomeBeforeTaxRatio": 0.1294508778,
    "incomeTaxExpense": 16981000,
    "netIncome": 52327000,
    "netIncomeRatio": 0.0977344042,
    "eps": 1.66,
    "epsdiluted": 1.62,
    "weightedAverageShsOut": 31531915,
    "weightedAverageShsOutDil": 32386924,
    "link": "https://www.sec.gov/Archives/edgar/data/1037646/000103764612000027/0001037646-12-000027-index.htm",
    "finalLink": "https://www.sec.gov/Archives/edgar/data/1037646/000103764612000027/mtd_10qx3312012.htm"
  },
  {
    "date": "2011-12-31",
    "symbol": "MTD",
    "reportedCurrency": "USD",
    "cik": "0001037646",
    "fillingDate": "2012-02-13",
    "acceptedDate": "2012-02-13 15:30:17",
    "calendarYear": "2011",
    "period": "Q4",
    "revenue": 648360000,
    "costOfRevenue": 302201000,
    "grossProfit": 346159000,
    "grossProfitRatio": 0.5338993769,
    "researchAndDevelopmentExpenses": 30115000,
    "generalAndAdministrativeExpenses": 0,
    "sellingAndMarketingExpenses": 0,
    "sellingGeneralAndAdministrativeExpenses": 184368000,
    "otherExpenses": 0,
    "operatingExpenses": 221929000,
    "costAndExpenses": 524130000,
    "interestIncome": 0,
    "interestExpense": 5930000,
    "depreciationAndAmortization": 13385000,
    "ebitda": 137615000,
    "ebitdaratio": 0.21225091,
    "operatingIncome": 124230000,
    "operatingIncomeRatio": 0.1916065149,
    "totalOtherIncomeExpensesNet": -6726000,
    "incomeBeforeTax": 117504000,
    "incomeBeforeTaxRatio": 0.1812326485,
    "incomeTaxExpense": 23222000,
    "netIncome": 94282000,
    "netIncomeRatio": 0.1454161268,
    "eps": 2.99,
    "epsdiluted": 2.99,
    "weightedAverageShsOut": 31531915,
    "weightedAverageShsOutDil": 31531915,
    "link": "https://www.sec.gov/Archives/edgar/data/1037646/000103764612000011/0001037646-12-000011-index.htm",
    "finalLink": "https://www.sec.gov/Archives/edgar/data/1037646/000103764612000011/mtd_10kx12312011.htm"
  },
  {
    "date": "2011-09-30",
    "symbol": "MTD",
    "reportedCurrency": "USD",
    "cik": "0001037646",
    "fillingDate": "2011-11-04",
    "acceptedDate": "2011-11-04 09:25:58",
    "calendarYear": "2011",
    "period": "Q3",
    "revenue": 601114000,
    "costOfRevenue": 286697000,
    "grossProfit": 314417000,
    "grossProfitRatio": 0.5230571905,
    "researchAndDevelopmentExpenses": 30068000,
    "generalAndAdministrativeExpenses": 0,
    "sellingAndMarketingExpenses": 0,
    "sellingGeneralAndAdministrativeExpenses": 185832000,
    "otherExpenses": 0,
    "operatingExpenses": 220695000,
    "costAndExpenses": 507392000,
    "interestIncome": 0,
    "interestExpense": 5893000,
    "depreciationAndAmortization": 13311000,
    "ebitda": 106262000,
    "ebitdaratio": 0.1767751209,
    "operatingIncome": 93722000,
    "operatingIncomeRatio": 0.1559138533,
    "totalOtherIncomeExpensesNet": -6664000,
    "incomeBeforeTax": 87058000,
    "incomeBeforeTaxRatio": 0.1448277698,
    "incomeTaxExpense": 18862000,
    "netIncome": 68196000,
    "netIncomeRatio": 0.1134493624,
    "eps": 2.15,
    "epsdiluted": 2.09,
    "weightedAverageShsOut": 31760270,
    "weightedAverageShsOutDil": 32664482,
    "link": "https://www.sec.gov/Archives/edgar/data/1037646/000144530511003229/0001445305-11-003229-index.htm",
    "finalLink": "https://www.sec.gov/Archives/edgar/data/1037646/000144530511003229/mtd_10qx9302011.htm"
  },
  {
    "date": "2011-06-30",
    "symbol": "MTD",
    "reportedCurrency": "USD",
    "cik": "0001037646",
    "fillingDate": "2011-08-01",
    "acceptedDate": "2011-08-01 11:07:47",
    "calendarYear": "2011",
    "period": "Q2",
    "revenue": 561088000,
    "costOfRevenue": 264897000,
    "grossProfit": 296191000,
    "grossProfitRatio": 0.5278868912,
    "researchAndDevelopmentExpenses": 29605000,
    "generalAndAdministrativeExpenses": 0,
    "sellingAndMarketingExpenses": 0,
    "sellingGeneralAndAdministrativeExpenses": 172054000,
    "otherExpenses": 0,
    "operatingExpenses": 205984000,
    "costAndExpenses": 470881000,
    "interestIncome": 0,
    "interestExpense": 5692000,
    "depreciationAndAmortization": 4325000,
    "ebitda": 98825000,
    "ebitdaratio": 0.1761310169,
    "operatingIncome": 90207000,
    "operatingIncomeRatio": 0.1607715724,
    "totalOtherIncomeExpensesNet": -8870000,
    "incomeBeforeTax": 81337000,
    "incomeBeforeTaxRatio": 0.1449630005,
    "incomeTaxExpense": 21149000,
    "netIncome": 60188000,
    "netIncomeRatio": 0.1072701608,
    "eps": 1.88,
    "epsdiluted": 1.82,
    "weightedAverageShsOut": 31997850,
    "weightedAverageShsOutDil": 33013887,
    "link": "https://www.sec.gov/Archives/edgar/data/1037646/000095012311070887/0000950123-11-070887-index.htm",
    "finalLink": "https://www.sec.gov/Archives/edgar/data/1037646/000095012311070887/l42718e10vq.htm"
  },
  {
    "date": "2011-03-31",
    "symbol": "MTD",
    "reportedCurrency": "USD",
    "cik": "0001037646",
    "fillingDate": "2011-05-05",
    "acceptedDate": "2011-05-05 09:23:19",
    "calendarYear": "2011",
    "period": "Q1",
    "revenue": 498766000,
    "costOfRevenue": 237259000,
    "grossProfit": 261507000,
    "grossProfitRatio": 0.5243079921,
    "researchAndDevelopmentExpenses": 26351000,
    "generalAndAdministrativeExpenses": 0,
    "sellingAndMarketingExpenses": 0,
    "sellingGeneralAndAdministrativeExpenses": 161378000,
    "otherExpenses": 0,
    "operatingExpenses": 191351000,
    "costAndExpenses": 428610000,
    "interestIncome": 0,
    "interestExpense": 5711000,
    "depreciationAndAmortization": 11005000,
    "ebitda": 79994000,
    "ebitdaratio": 0.1603838273,
    "operatingIncome": 70156000,
    "operatingIncomeRatio": 0.1406591468,
    "totalOtherIncomeExpensesNet": -6878000,
    "incomeBeforeTax": 63278000,
    "incomeBeforeTaxRatio": 0.126869113,
    "incomeTaxExpense": 16451000,
    "netIncome": 46827000,
    "netIncomeRatio": 0.0938857099,
    "eps": 1.45,
    "epsdiluted": 1.41,
    "weightedAverageShsOut": 32290595,
    "weightedAverageShsOutDil": 33291632,
    "link": "https://www.sec.gov/Archives/edgar/data/1037646/000095012311045223/0000950123-11-045223-index.htm",
    "finalLink": "https://www.sec.gov/Archives/edgar/data/1037646/000095012311045223/l42326e10vq.htm"
  },
  {
    "date": "2010-12-31",
    "symbol": "MTD",
    "reportedCurrency": "USD",
    "cik": "0001037646",
    "fillingDate": "2011-02-16",
    "acceptedDate": "2011-02-16 09:15:15",
    "calendarYear": "2010",
    "period": "Q4",
    "revenue": 592765000,
    "costOfRevenue": 276175000,
    "grossProfit": 316590000,
    "grossProfitRatio": 0.5340902381,
    "researchAndDevelopmentExpenses": 26466000,
    "generalAndAdministrativeExpenses": 0,
    "sellingAndMarketingExpenses": 0,
    "sellingGeneralAndAdministrativeExpenses": 164807000,
    "otherExpenses": 0,
    "operatingExpenses": 195502000,
    "costAndExpenses": 471677000,
    "interestIncome": 0,
    "interestExpense": 5300000,
    "depreciationAndAmortization": 11654000,
    "ebitda": 127045000,
    "ebitdaratio": 0.214326082,
    "operatingIncome": 121088000,
    "operatingIncomeRatio": 0.2042765683,
    "totalOtherIncomeExpensesNet": -10997000,
    "incomeBeforeTax": 110091000,
    "incomeBeforeTaxRatio": 0.1857245283,
    "incomeTaxExpense": 29239000,
    "netIncome": 80852000,
    "netIncomeRatio": 0.1363980667,
    "eps": 2.5,
    "epsdiluted": 2.5,
    "weightedAverageShsOut": 32290595,
    "weightedAverageShsOutDil": 32290595,
    "link": "https://www.sec.gov/Archives/edgar/data/1037646/000095012311014519/0000950123-11-014519-index.htm",
    "finalLink": "https://www.sec.gov/Archives/edgar/data/1037646/000095012311014519/l41517e10vk.htm"
  },
  {
    "date": "2010-09-30",
    "symbol": "MTD",
    "reportedCurrency": "USD",
    "cik": "0001037646",
    "fillingDate": "2010-11-05",
    "acceptedDate": "2010-11-05 09:05:09",
    "calendarYear": "2010",
    "period": "Q3",
    "revenue": 490213000,
    "costOfRevenue": 234158000,
    "grossProfit": 256055000,
    "grossProfitRatio": 0.522334169,
    "researchAndDevelopmentExpenses": 24992000,
    "generalAndAdministrativeExpenses": 0,
    "sellingAndMarketingExpenses": 0,
    "sellingGeneralAndAdministrativeExpenses": 145303000,
    "otherExpenses": 0,
    "operatingExpenses": 173835000,
    "costAndExpenses": 407993000,
    "interestIncome": 0,
    "interestExpense": 4792000,
    "depreciationAndAmortization": 11463000,
    "ebitda": 93117000,
    "ebitdaratio": 0.1899521229,
    "operatingIncome": 82093000,
    "operatingIncomeRatio": 0.1674639391,
    "totalOtherIncomeExpensesNet": -5231000,
    "incomeBeforeTax": 76862000,
    "incomeBeforeTaxRatio": 0.1567930675,
    "incomeTaxExpense": 14781000,
    "netIncome": 62081000,
    "netIncomeRatio": 0.1266408684,
    "eps": 1.87,
    "epsdiluted": 1.82,
    "weightedAverageShsOut": 33171017,
    "weightedAverageShsOutDil": 34027191,
    "link": "https://www.sec.gov/Archives/edgar/data/1037646/000095012310101365/0000950123-10-101365-index.htm",
    "finalLink": "https://www.sec.gov/Archives/edgar/data/1037646/000095012310101365/l40666e10vq.htm"
  },
  {
    "date": "2010-06-30",
    "symbol": "MTD",
    "reportedCurrency": "USD",
    "cik": "0001037646",
    "fillingDate": "2010-07-23",
    "acceptedDate": "2010-07-23 09:58:04",
    "calendarYear": "2010",
    "period": "Q2",
    "revenue": 468549000,
    "costOfRevenue": 221924000,
    "grossProfit": 246625000,
    "grossProfitRatio": 0.5263590361,
    "researchAndDevelopmentExpenses": 23105000,
    "generalAndAdministrativeExpenses": 0,
    "sellingAndMarketingExpenses": 0,
    "sellingGeneralAndAdministrativeExpenses": 143602000,
    "otherExpenses": 0,
    "operatingExpenses": 170272000,
    "costAndExpenses": 392196000,
    "interestIncome": 0,
    "interestExpense": 4711000,
    "depreciationAndAmortization": 10583000,
    "ebitda": 84680000,
    "ebitdaratio": 0.1807281629,
    "operatingIncome": 76353000,
    "operatingIncomeRatio": 0.1629562757,
    "totalOtherIncomeExpensesNet": -6967000,
    "incomeBeforeTax": 69386000,
    "incomeBeforeTaxRatio": 0.1480869664,
    "incomeTaxExpense": 18039000,
    "netIncome": 51347000,
    "netIncomeRatio": 0.1095872577,
    "eps": 1.53,
    "epsdiluted": 1.49,
    "weightedAverageShsOut": 33536105,
    "weightedAverageShsOutDil": 34395487,
    "link": "https://www.sec.gov/Archives/edgar/data/1037646/000095012310067532/0000950123-10-067532-index.htm",
    "finalLink": "https://www.sec.gov/Archives/edgar/data/1037646/000095012310067532/l39913e10vq.htm"
  },
  {
    "date": "2010-03-31",
    "symbol": "MTD",
    "reportedCurrency": "USD",
    "cik": "0001037646",
    "fillingDate": "2010-04-30",
    "acceptedDate": "2010-04-30 10:01:43",
    "calendarYear": "2010",
    "period": "Q1",
    "revenue": 416651000,
    "costOfRevenue": 198725000,
    "grossProfit": 217926000,
    "grossProfitRatio": 0.5230420664,
    "researchAndDevelopmentExpenses": 22465000,
    "generalAndAdministrativeExpenses": 0,
    "sellingAndMarketingExpenses": 0,
    "sellingGeneralAndAdministrativeExpenses": 135014000,
    "otherExpenses": 0,
    "operatingExpenses": 161114000,
    "costAndExpenses": 359839000,
    "interestIncome": 0,
    "interestExpense": 5254000,
    "depreciationAndAmortization": 10828000,
    "ebitda": 67256000,
    "ebitdaratio": 0.1614204694,
    "operatingIncome": 57066000,
    "operatingIncomeRatio": 0.1369635498,
    "totalOtherIncomeExpensesNet": -5892000,
    "incomeBeforeTax": 51174000,
    "incomeBeforeTaxRatio": 0.1228222181,
    "incomeTaxExpense": 13306000,
    "netIncome": 37868000,
    "netIncomeRatio": 0.0908866173,
    "eps": 1.12,
    "epsdiluted": 1.1,
    "weightedAverageShsOut": 33757175,
    "weightedAverageShsOutDil": 34533067,
    "link": "https://www.sec.gov/Archives/edgar/data/1037646/000095012310041267/0000950123-10-041267-index.htm",
    "finalLink": "https://www.sec.gov/Archives/edgar/data/1037646/000095012310041267/l39555e10vq.htm"
  },
  {
    "date": "2009-12-31",
    "symbol": "MTD",
    "reportedCurrency": "USD",
    "cik": "0001037646",
    "fillingDate": "2010-02-09",
    "acceptedDate": "2010-02-09 12:51:10",
    "calendarYear": "2009",
    "period": "Q4",
    "revenue": 511682000,
    "costOfRevenue": 241694000,
    "grossProfit": 269988000,
    "grossProfitRatio": 0.5276480314,
    "researchAndDevelopmentExpenses": 23731000,
    "generalAndAdministrativeExpenses": 0,
    "sellingAndMarketingExpenses": 0,
    "sellingGeneralAndAdministrativeExpenses": 138968000,
    "otherExpenses": 0,
    "operatingExpenses": -1072889000,
    "costAndExpenses": -831195000,
    "interestIncome": 0,
    "interestExpense": 6142000,
    "depreciationAndAmortization": 10818000,
    "ebitda": 70314000,
    "ebitdaratio": 0.1374173803,
    "operatingIncome": 1342877000,
    "operatingIncomeRatio": 2.6244366618,
    "totalOtherIncomeExpensesNet": -21191000,
    "incomeBeforeTax": 94832000,
    "incomeBeforeTaxRatio": 0.1853338597,
    "incomeTaxExpense": 25394000,
    "netIncome": 69438000,
    "netIncomeRatio": 0.1357053795,
    "eps": 2.06,
    "epsdiluted": 2.06,
    "weightedAverageShsOut": 33757175,
    "weightedAverageShsOutDil": 33757175,
    "link": "https://www.sec.gov/Archives/edgar/data/1037646/000095012310010287/0000950123-10-010287-index.htm",
    "finalLink": "https://www.sec.gov/Archives/edgar/data/1037646/000095012310010287/l38617e10vk.htm"
  },
  {
    "date": "2009-09-30",
    "symbol": "MTD",
    "reportedCurrency": "USD",
    "cik": "0001037646",
    "fillingDate": "2009-10-30",
    "acceptedDate": "2009-10-30 09:08:43",
    "calendarYear": "2009",
    "period": "Q3",
    "revenue": 435650000,
    "costOfRevenue": 210457000,
    "grossProfit": 225193000,
    "grossProfitRatio": 0.5169126592,
    "researchAndDevelopmentExpenses": 22309000,
    "generalAndAdministrativeExpenses": 0,
    "sellingAndMarketingExpenses": 0,
    "sellingGeneralAndAdministrativeExpenses": 129686000,
    "otherExpenses": 0,
    "operatingExpenses": 155232000,
    "costAndExpenses": 365689000,
    "interestIncome": 0,
    "interestExpense": 6974000,
    "depreciationAndAmortization": 10810000,
    "ebitda": 74694000,
    "ebitdaratio": 0.171454149,
    "operatingIncome": 69961000,
    "operatingIncomeRatio": 0.1605899231,
    "totalOtherIncomeExpensesNet": -13051000,
    "incomeBeforeTax": 56910000,
    "incomeBeforeTaxRatio": 0.1306323884,
    "incomeTaxExpense": 15365000,
    "netIncome": 41545000,
    "netIncomeRatio": 0.0953632503,
    "eps": 1.23,
    "epsdiluted": 1.21,
    "weightedAverageShsOut": 33728931,
    "weightedAverageShsOutDil": 34413656,
    "link": "https://www.sec.gov/Archives/edgar/data/1037646/000095012309055266/0000950123-09-055266-index.htm",
    "finalLink": "https://www.sec.gov/Archives/edgar/data/1037646/000095012309055266/l37902e10vq.htm"
  },
  {
    "date": "2009-06-30",
    "symbol": "MTD",
    "reportedCurrency": "USD",
    "cik": "0001037646",
    "fillingDate": "2009-07-24",
    "acceptedDate": "2009-07-24 10:40:55",
    "calendarYear": "2009",
    "period": "Q2",
    "revenue": 407442000,
    "costOfRevenue": 201208000,
    "grossProfit": 206234000,
    "grossProfitRatio": 0.506167749,
    "researchAndDevelopmentExpenses": 22075000,
    "generalAndAdministrativeExpenses": 0,
    "sellingAndMarketingExpenses": 0,
    "sellingGeneralAndAdministrativeExpenses": 122488000,
    "otherExpenses": 0,
    "operatingExpenses": 147377000,
    "costAndExpenses": 348585000,
    "interestIncome": 0,
    "interestExpense": 6760000,
    "depreciationAndAmortization": 10118000,
    "ebitda": 68975000,
    "ebitdaratio": 0.1692878986,
    "operatingIncome": 58857000,
    "operatingIncomeRatio": 0.1444549163,
    "totalOtherIncomeExpensesNet": -20870000,
    "incomeBeforeTax": 37987000,
    "incomeBeforeTaxRatio": 0.0932329019,
    "incomeTaxExpense": 10256000,
    "netIncome": 27731000,
    "netIncomeRatio": 0.068061221,
    "eps": 0.82,
    "epsdiluted": 0.81,
    "weightedAverageShsOut": 33690179,
    "weightedAverageShsOutDil": 34192595,
    "link": "https://www.sec.gov/Archives/edgar/data/1037646/000095012309025103/0000950123-09-025103-index.htm",
    "finalLink": "https://www.sec.gov/Archives/edgar/data/1037646/000095012309025103/l36933e10vq.htm"
  },
  {
    "date": "2009-03-31",
    "symbol": "MTD",
    "reportedCurrency": "USD",
    "cik": "0001037646",
    "fillingDate": "2009-05-01",
    "acceptedDate": "2009-05-01 09:06:59",
    "calendarYear": "2009",
    "period": "Q1",
    "revenue": 374079000,
    "costOfRevenue": 186157000,
    "grossProfit": 187922000,
    "grossProfitRatio": 0.5023591274,
    "researchAndDevelopmentExpenses": 21570000,
    "generalAndAdministrativeExpenses": 0,
    "sellingAndMarketingExpenses": 0,
    "sellingGeneralAndAdministrativeExpenses": 114035000,
    "otherExpenses": 0,
    "operatingExpenses": 138288000,
    "costAndExpenses": 324445000,
    "interestIncome": 0,
    "interestExpense": 5241000,
    "depreciationAndAmortization": 9732000,
    "ebitda": 50006000,
    "ebitdaratio": 0.1336776456,
    "operatingIncome": 49634000,
    "operatingIncomeRatio": 0.1326832033,
    "totalOtherIncomeExpensesNet": -14601000,
    "incomeBeforeTax": 35033000,
    "incomeBeforeTaxRatio": 0.093651341,
    "incomeTaxExpense": 1154000,
    "netIncome": 33879000,
    "netIncomeRatio": 0.0905664312,
    "eps": 1.01,
    "epsdiluted": 1,
    "weightedAverageShsOut": 33631219,
    "weightedAverageShsOutDil": 33996251,
    "link": "https://www.sec.gov/Archives/edgar/data/1037646/000136231009006259/0001362310-09-006259-index.htm",
    "finalLink": "https://www.sec.gov/Archives/edgar/data/1037646/000136231009006259/c84559e10vq.htm"
  },
  {
    "date": "2008-12-31",
    "symbol": "MTD",
    "reportedCurrency": "USD",
    "cik": "0001037646",
    "fillingDate": "2009-02-13",
    "acceptedDate": "2009-02-13 15:08:35",
    "calendarYear": "2008",
    "period": "Q4",
    "revenue": 509687000,
    "costOfRevenue": 245449000,
    "grossProfit": 264238000,
    "grossProfitRatio": 0.5184319004,
    "researchAndDevelopmentExpenses": 24771000,
    "generalAndAdministrativeExpenses": 0,
    "sellingAndMarketingExpenses": 0,
    "sellingGeneralAndAdministrativeExpenses": 138495000,
    "otherExpenses": 0,
    "operatingExpenses": 166019000,
    "costAndExpenses": 411468000,
    "interestIncome": 0,
    "interestExpense": 0,
    "depreciationAndAmortization": 9546000,
    "ebitda": 107765000,
    "ebitdaratio": 0.2114336838,
    "operatingIncome": 98219000,
    "operatingIncomeRatio": 0.1927045422,
    "totalOtherIncomeExpensesNet": -13028000,
    "incomeBeforeTax": 85191000,
    "incomeBeforeTaxRatio": 0.1671437569,
    "incomeTaxExpense": 22267000,
    "netIncome": 62924000,
    "netIncomeRatio": 0.1234561603,
    "eps": 1.87,
    "epsdiluted": 1.87,
    "weightedAverageShsOut": 33553947,
    "weightedAverageShsOutDil": 33631219,
    "link": "https://www.sec.gov/Archives/edgar/data/1037646/000095015209001389/0000950152-09-001389-index.htm",
    "finalLink": "https://www.sec.gov/Archives/edgar/data/1037646/000095015209001389/l35224ae10vk.htm"
  },
  {
    "date": "2008-09-30",
    "symbol": "MTD",
    "reportedCurrency": "USD",
    "cik": "0001037646",
    "fillingDate": "2008-11-07",
    "acceptedDate": "2008-11-07 09:14:48",
    "calendarYear": "2008",
    "period": "Q3",
    "revenue": 509097000,
    "costOfRevenue": 260417000,
    "grossProfit": 248680000,
    "grossProfitRatio": 0.4884727272,
    "researchAndDevelopmentExpenses": 26553000,
    "generalAndAdministrativeExpenses": 0,
    "sellingAndMarketingExpenses": 0,
    "sellingGeneralAndAdministrativeExpenses": 145612000,
    "otherExpenses": 0,
    "operatingExpenses": 174893000,
    "costAndExpenses": 435310000,
    "interestIncome": 0,
    "interestExpense": 6846000,
    "depreciationAndAmortization": 9928000,
    "ebitda": 84160000,
    "ebitdaratio": 0.1653123079,
    "operatingIncome": 73787000,
    "operatingIncomeRatio": 0.1449370159,
    "totalOtherIncomeExpensesNet": -7291000,
    "incomeBeforeTax": 66496000,
    "incomeBeforeTaxRatio": 0.1306155801,
    "incomeTaxExpense": 13772000,
    "netIncome": 52724000,
    "netIncomeRatio": 0.1035637609,
    "eps": 1.56,
    "epsdiluted": 1.52,
    "weightedAverageShsOut": 33856574,
    "weightedAverageShsOutDil": 34727806,
    "link": "https://www.sec.gov/Archives/edgar/data/1037646/000095015208008906/0000950152-08-008906-index.htm",
    "finalLink": "https://www.sec.gov/Archives/edgar/data/1037646/000095015208008906/l34457ae10vq.htm"
  },
  {
    "date": "2008-06-30",
    "symbol": "MTD",
    "reportedCurrency": "USD",
    "cik": "0001037646",
    "fillingDate": "2008-07-25",
    "acceptedDate": "2008-07-25 09:09:14",
    "calendarYear": "2008",
    "period": "Q2",
    "revenue": 515605000,
    "costOfRevenue": 256594000,
    "grossProfit": 259011000,
    "grossProfitRatio": 0.5023438485,
    "researchAndDevelopmentExpenses": 26704000,
    "generalAndAdministrativeExpenses": 0,
    "sellingAndMarketingExpenses": 0,
    "sellingGeneralAndAdministrativeExpenses": 157097000,
    "otherExpenses": 0,
    "operatingExpenses": 186468000,
    "costAndExpenses": 443062000,
    "interestIncome": 0,
    "interestExpense": 6028000,
    "depreciationAndAmortization": 10357000,
    "ebitda": 83400000,
    "ebitdaratio": 0.1617517286,
    "operatingIncome": 72543000,
    "operatingIncomeRatio": 0.1406949118,
    "totalOtherIncomeExpensesNet": -6528000,
    "incomeBeforeTax": 66015000,
    "incomeBeforeTaxRatio": 0.1280340571,
    "incomeTaxExpense": 17164000,
    "netIncome": 48851000,
    "netIncomeRatio": 0.0947450083,
    "eps": 1.42,
    "epsdiluted": 1.38,
    "weightedAverageShsOut": 34471397,
    "weightedAverageShsOutDil": 35320765,
    "link": "https://www.sec.gov/Archives/edgar/data/1037646/000095015208005634/0000950152-08-005634-index.htm",
    "finalLink": "https://www.sec.gov/Archives/edgar/data/1037646/000095015208005634/l32580ae10vq.htm"
  },
  {
    "date": "2008-03-31",
    "symbol": "MTD",
    "reportedCurrency": "USD",
    "cik": "0001037646",
    "fillingDate": "2008-04-25",
    "acceptedDate": "2008-04-25 09:17:22",
    "calendarYear": "2008",
    "period": "Q1",
    "revenue": 438955000,
    "costOfRevenue": 217803000,
    "grossProfit": 221152000,
    "grossProfitRatio": 0.5038147418,
    "researchAndDevelopmentExpenses": 24254000,
    "generalAndAdministrativeExpenses": 0,
    "sellingAndMarketingExpenses": 0,
    "sellingGeneralAndAdministrativeExpenses": 138602000,
    "otherExpenses": 0,
    "operatingExpenses": 165261000,
    "costAndExpenses": 383064000,
    "interestIncome": 0,
    "interestExpense": 5849000,
    "depreciationAndAmortization": 9709000,
    "ebitda": 67275000,
    "ebitdaratio": 0.1532617239,
    "operatingIncome": 55891000,
    "operatingIncomeRatio": 0.1273274026,
    "totalOtherIncomeExpensesNet": -7524000,
    "incomeBeforeTax": 48367000,
    "incomeBeforeTaxRatio": 0.1101866934,
    "incomeTaxExpense": 10088000,
    "netIncome": 38279000,
    "netIncomeRatio": 0.0872048388,
    "eps": 1.09,
    "epsdiluted": 1.06,
    "weightedAverageShsOut": 35119322,
    "weightedAverageShsOutDil": 35993750,
    "link": "https://www.sec.gov/Archives/edgar/data/1037646/000095015208003018/0000950152-08-003018-index.htm",
    "finalLink": "https://www.sec.gov/Archives/edgar/data/1037646/000095015208003018/l31082ae10vq.htm"
  },
  {
    "date": "2007-12-31",
    "symbol": "MTD",
    "reportedCurrency": "USD",
    "cik": "0001037646",
    "fillingDate": "2008-02-15",
    "acceptedDate": "2008-02-15 09:22:54",
    "calendarYear": "2007",
    "period": "Q4",
    "revenue": 532841000,
    "costOfRevenue": 262239000,
    "grossProfit": 270602000,
    "grossProfitRatio": 0.5078475568,
    "researchAndDevelopmentExpenses": 25889000,
    "generalAndAdministrativeExpenses": 0,
    "sellingAndMarketingExpenses": 0,
    "sellingGeneralAndAdministrativeExpenses": 149316000,
    "otherExpenses": 0,
    "operatingExpenses": 178179000,
    "costAndExpenses": 440418000,
    "interestIncome": 0,
    "interestExpense": 0,
    "depreciationAndAmortization": 10137000,
    "ebitda": 102560000,
    "ebitdaratio": 0.192477681,
    "operatingIncome": 92423000,
    "operatingIncomeRatio": 0.173453244,
    "totalOtherIncomeExpensesNet": -5839000,
    "incomeBeforeTax": 86584000,
    "incomeBeforeTaxRatio": 0.1624950032,
    "incomeTaxExpense": 23310000,
    "netIncome": 63274000,
    "netIncomeRatio": 0.1187483696,
    "eps": 1.8,
    "epsdiluted": 1.8,
    "weightedAverageShsOut": 35119322,
    "weightedAverageShsOutDil": 35119322,
    "link": "https://www.sec.gov/Archives/edgar/data/1037646/000095015208001167/0000950152-08-001167-index.htm",
    "finalLink": "https://www.sec.gov/Archives/edgar/data/1037646/000095015208001167/l29980ae10vk.htm"
  },
  {
    "date": "2007-09-30",
    "symbol": "MTD",
    "reportedCurrency": "USD",
    "cik": "0001037646",
    "fillingDate": "2007-11-02",
    "acceptedDate": "2007-11-02 09:51:04",
    "calendarYear": "2007",
    "period": "Q3",
    "revenue": 442600000,
    "costOfRevenue": 223591000,
    "grossProfit": 219009000,
    "grossProfitRatio": 0.4948237686,
    "researchAndDevelopmentExpenses": 22699000,
    "generalAndAdministrativeExpenses": 0,
    "sellingAndMarketingExpenses": 0,
    "sellingGeneralAndAdministrativeExpenses": 129520000,
    "otherExpenses": 0,
    "operatingExpenses": 155044000,
    "costAndExpenses": 378635000,
    "interestIncome": 0,
    "interestExpense": 5515000,
    "depreciationAndAmortization": 9409000,
    "ebitda": 73374000,
    "ebitdaratio": 0.1657794849,
    "operatingIncome": 63965000,
    "operatingIncomeRatio": 0.1445210122,
    "totalOtherIncomeExpensesNet": -5573000,
    "incomeBeforeTax": 58392000,
    "incomeBeforeTaxRatio": 0.1319295075,
    "incomeTaxExpense": 14620000,
    "netIncome": 43772000,
    "netIncomeRatio": 0.0988974243,
    "eps": 1.19,
    "epsdiluted": 1.16,
    "weightedAverageShsOut": 36650215,
    "weightedAverageShsOutDil": 37597020,
    "link": "https://www.sec.gov/Archives/edgar/data/1037646/000095015207008500/0000950152-07-008500-index.htm",
    "finalLink": "https://www.sec.gov/Archives/edgar/data/1037646/000095015207008500/l28576ae10vq.htm"
  },
  {
    "date": "2007-06-30",
    "symbol": "MTD",
    "reportedCurrency": "USD",
    "cik": "0001037646",
    "fillingDate": "2007-07-27",
    "acceptedDate": "2007-07-27 09:02:33",
    "calendarYear": "2007",
    "period": "Q2",
    "revenue": 430544000,
    "costOfRevenue": 215451000,
    "grossProfit": 215093000,
    "grossProfitRatio": 0.4995842469,
    "researchAndDevelopmentExpenses": 22455000,
    "generalAndAdministrativeExpenses": 0,
    "sellingAndMarketingExpenses": 0,
    "sellingGeneralAndAdministrativeExpenses": 128855000,
    "otherExpenses": 0,
    "operatingExpenses": 154268000,
    "costAndExpenses": 369719000,
    "interestIncome": 0,
    "interestExpense": 5002000,
    "depreciationAndAmortization": 9421000,
    "ebitda": 70246000,
    "ebitdaratio": 0.1631563789,
    "operatingIncome": 60825000,
    "operatingIncomeRatio": 0.1412747594,
    "totalOtherIncomeExpensesNet": -4618000,
    "incomeBeforeTax": 56207000,
    "incomeBeforeTaxRatio": 0.1305487941,
    "incomeTaxExpense": 15176000,
    "netIncome": 41031000,
    "netIncomeRatio": 0.0953003642,
    "eps": 1.1,
    "epsdiluted": 1.07,
    "weightedAverageShsOut": 37454360,
    "weightedAverageShsOutDil": 38409325,
    "link": "https://www.sec.gov/Archives/edgar/data/1037646/000095015207006122/0000950152-07-006122-index.htm",
    "finalLink": "https://www.sec.gov/Archives/edgar/data/1037646/000095015207006122/l27176ae10vq.htm"
  },
  {
    "date": "2007-03-31",
    "symbol": "MTD",
    "reportedCurrency": "USD",
    "cik": "0001037646",
    "fillingDate": "2007-04-27",
    "acceptedDate": "2007-04-27 11:17:47",
    "calendarYear": "2007",
    "period": "Q1",
    "revenue": 387764000,
    "costOfRevenue": 196285000,
    "grossProfit": 191479000,
    "grossProfitRatio": 0.4938029317,
    "researchAndDevelopmentExpenses": 21336000,
    "generalAndAdministrativeExpenses": 0,
    "sellingAndMarketingExpenses": 0,
    "sellingGeneralAndAdministrativeExpenses": 121436000,
    "otherExpenses": 0,
    "operatingExpenses": 145697000,
    "costAndExpenses": 341982000,
    "interestIncome": 0,
    "interestExpense": 4460000,
    "depreciationAndAmortization": 9379000,
    "ebitda": 55161000,
    "ebitdaratio": 0.1422540514,
    "operatingIncome": 45782000,
    "operatingIncomeRatio": 0.1180666591,
    "totalOtherIncomeExpensesNet": -4098000,
    "incomeBeforeTax": 41684000,
    "incomeBeforeTaxRatio": 0.1074983753,
    "incomeTaxExpense": 11254000,
    "netIncome": 30430000,
    "netIncomeRatio": 0.0784755676,
    "eps": 0.8,
    "epsdiluted": 0.78,
    "weightedAverageShsOut": 38065483,
    "weightedAverageShsOutDil": 38931681,
    "link": "https://www.sec.gov/Archives/edgar/data/1037646/000095015207003584/0000950152-07-003584-index.htm",
    "finalLink": "https://www.sec.gov/Archives/edgar/data/1037646/000095015207003584/l25797ae10vq.htm"
  },
  {
    "date": "2006-12-31",
    "symbol": "MTD",
    "reportedCurrency": "USD",
    "cik": "0001037646",
    "fillingDate": "2007-02-16",
    "acceptedDate": "2007-02-16 11:57:48",
    "calendarYear": "2006",
    "period": "Q4",
    "revenue": 462277000,
    "costOfRevenue": 228677000,
    "grossProfit": 233600000,
    "grossProfitRatio": 0.5053247295,
    "researchAndDevelopmentExpenses": 21823000,
    "generalAndAdministrativeExpenses": 0,
    "sellingAndMarketingExpenses": 0,
    "sellingGeneralAndAdministrativeExpenses": 134240000,
    "otherExpenses": 0,
    "operatingExpenses": 159068000,
    "costAndExpenses": 387745000,
    "interestIncome": 0,
    "interestExpense": 0,
    "depreciationAndAmortization": 9757000,
    "ebitda": 84289000,
    "ebitdaratio": 0.1823344012,
    "operatingIncome": 74532000,
    "operatingIncomeRatio": 0.1612280083,
    "totalOtherIncomeExpensesNet": -14775000,
    "incomeBeforeTax": 1914910000,
    "incomeBeforeTaxRatio": 4.1423432271,
    "incomeTaxExpense": 19240000,
    "netIncome": 52020000,
    "netIncomeRatio": 0.1125299334,
    "eps": 1.37,
    "epsdiluted": 1.37,
    "weightedAverageShsOut": 38065483,
    "weightedAverageShsOutDil": 38065483,
    "link": "https://www.sec.gov/Archives/edgar/data/1037646/000095015207001252/0000950152-07-001252-index.htm",
    "finalLink": "https://www.sec.gov/Archives/edgar/data/1037646/000095015207001252/l24266ae10vk.htm"
  },
  {
    "date": "2006-09-30",
    "symbol": "MTD",
    "reportedCurrency": "USD",
    "cik": "0001037646",
    "fillingDate": "2006-11-03",
    "acceptedDate": "2006-11-03 09:03:51",
    "calendarYear": "2006",
    "period": "Q3",
    "revenue": 397318000,
    "costOfRevenue": 203261000,
    "grossProfit": 194057000,
    "grossProfitRatio": 0.4884173383,
    "researchAndDevelopmentExpenses": 20478000,
    "generalAndAdministrativeExpenses": 0,
    "sellingAndMarketingExpenses": 0,
    "sellingGeneralAndAdministrativeExpenses": 117762000,
    "otherExpenses": 0,
    "operatingExpenses": 141033000,
    "costAndExpenses": 344294000,
    "interestIncome": 0,
    "interestExpense": 1100,
    "depreciationAndAmortization": 9215000,
    "ebitda": 62239000,
    "ebitdaratio": 0.1566478237,
    "operatingIncome": 53024000,
    "operatingIncomeRatio": 0.1334548145,
    "totalOtherIncomeExpensesNet": -2968000,
    "incomeBeforeTax": 50056000,
    "incomeBeforeTaxRatio": 0.1259847276,
    "incomeTaxExpense": 3016000,
    "netIncome": 47040000,
    "netIncomeRatio": 0.1183938306,
    "eps": 1.18,
    "epsdiluted": 1.16,
    "weightedAverageShsOut": 39795452,
    "weightedAverageShsOutDil": 40455687,
    "link": "https://www.sec.gov/Archives/edgar/data/1037646/000095015206008742/0000950152-06-008742-index.htm",
    "finalLink": "https://www.sec.gov/Archives/edgar/data/1037646/000095015206008742/l23041ae10vq.htm"
  },
  {
    "date": "2006-06-30",
    "symbol": "MTD",
    "reportedCurrency": "USD",
    "cik": "0001037646",
    "fillingDate": "2006-07-28",
    "acceptedDate": "2006-07-28 09:02:55",
    "calendarYear": "2006",
    "period": "Q2",
    "revenue": 389157000,
    "costOfRevenue": 196722000,
    "grossProfit": 192435000,
    "grossProfitRatio": 0.4944919403,
    "researchAndDevelopmentExpenses": 20562000,
    "generalAndAdministrativeExpenses": 0,
    "sellingAndMarketingExpenses": 0,
    "sellingGeneralAndAdministrativeExpenses": 117576000,
    "otherExpenses": 0,
    "operatingExpenses": 140988000,
    "costAndExpenses": 337710000,
    "interestIncome": 0,
    "interestExpense": 0,
    "depreciationAndAmortization": 9391000,
    "ebitda": 60838000,
    "ebitdaratio": 0.1563327911,
    "operatingIncome": 51447000,
    "operatingIncomeRatio": 0.1322011425,
    "totalOtherIncomeExpensesNet": -1793000,
    "incomeBeforeTax": 49654000,
    "incomeBeforeTaxRatio": 0.1275937475,
    "incomeTaxExpense": 14897000,
    "netIncome": 34757000,
    "netIncomeRatio": 0.0893135675,
    "eps": 0.86,
    "epsdiluted": 0.84,
    "weightedAverageShsOut": 40535389,
    "weightedAverageShsOutDil": 41237812,
    "link": "https://www.sec.gov/Archives/edgar/data/1037646/000089534506000721/0000895345-06-000721-index.htm",
    "finalLink": "https://www.sec.gov/Archives/edgar/data/1037646/000089534506000721/tp10q_mettler.txt"
  },
  {
    "date": "2006-03-31",
    "symbol": "MTD",
    "reportedCurrency": "USD",
    "cik": "0001037646",
    "fillingDate": "2006-05-04",
    "acceptedDate": "2006-05-04 09:13:41",
    "calendarYear": "2006",
    "period": "Q1",
    "revenue": 346160000,
    "costOfRevenue": 175820000,
    "grossProfit": 170340000,
    "grossProfitRatio": 0.4920845852,
    "researchAndDevelopmentExpenses": 19939000,
    "generalAndAdministrativeExpenses": 0,
    "sellingAndMarketingExpenses": 0,
    "sellingGeneralAndAdministrativeExpenses": 112131000,
    "otherExpenses": 0,
    "operatingExpenses": 134925000,
    "costAndExpenses": 310745000,
    "interestIncome": 0,
    "interestExpense": 4076000,
    "depreciationAndAmortization": 9209000,
    "ebitda": 44624000,
    "ebitdaratio": 0.128911486,
    "operatingIncome": 35415000,
    "operatingIncomeRatio": 0.1023081812,
    "totalOtherIncomeExpensesNet": -1538000,
    "incomeBeforeTax": 33877000,
    "incomeBeforeTaxRatio": 0.0978651491,
    "incomeTaxExpense": 10162000,
    "netIncome": 23715000,
    "netIncomeRatio": 0.0685087821,
    "eps": 0.58,
    "epsdiluted": 0.57,
    "weightedAverageShsOut": 41050849,
    "weightedAverageShsOutDil": 41774068,
    "link": "https://www.sec.gov/Archives/edgar/data/1037646/000103764606000003/0001037646-06-000003-index.htm",
    "finalLink": "https://www.sec.gov/Archives/edgar/data/1037646/000103764606000003/t10q0306.htm"
  },
  {
    "date": "2005-12-31",
    "symbol": "MTD",
    "reportedCurrency": "USD",
    "cik": "0001037646",
    "fillingDate": "2006-02-21",
    "acceptedDate": "2006-02-21 15:46:35",
    "calendarYear": "2005",
    "period": "Q4",
    "revenue": 411247000,
    "costOfRevenue": 203154000,
    "grossProfit": 208093000,
    "grossProfitRatio": 0.506004907,
    "researchAndDevelopmentExpenses": 20840000,
    "generalAndAdministrativeExpenses": 0,
    "sellingAndMarketingExpenses": 0,
    "sellingGeneralAndAdministrativeExpenses": 118493000,
    "otherExpenses": 0,
    "operatingExpenses": 142154000,
    "costAndExpenses": 345308000,
    "interestIncome": 0,
    "interestExpense": 0,
    "depreciationAndAmortization": 9340000,
    "ebitda": 75279000,
    "ebitdaratio": 0.1830505754,
    "operatingIncome": 65939000,
    "operatingIncomeRatio": 0.1603391636,
    "totalOtherIncomeExpensesNet": -2822000,
    "incomeBeforeTax": 63117000,
    "incomeBeforeTaxRatio": 0.1534771074,
    "incomeTaxExpense": 18925000,
    "netIncome": 44192000,
    "netIncomeRatio": 0.1074585347,
    "eps": 1.08,
    "epsdiluted": 1.08,
    "weightedAverageShsOut": 41050849,
    "weightedAverageShsOutDil": 41050849,
    "link": "https://www.sec.gov/Archives/edgar/data/1037646/000095015206001354/0000950152-06-001354-index.htm",
    "finalLink": "https://www.sec.gov/Archives/edgar/data/1037646/000095015206001354/l17872ae10vk.htm"
  },
  {
    "date": "2005-09-30",
    "symbol": "MTD",
    "reportedCurrency": "USD",
    "cik": "0001037646",
    "fillingDate": "2005-11-04",
    "acceptedDate": "2005-11-04 09:04:54",
    "calendarYear": "2005",
    "period": "Q3",
    "revenue": 365428000,
    "costOfRevenue": 186422000,
    "grossProfit": 179006000,
    "grossProfitRatio": 0.4898529943,
    "researchAndDevelopmentExpenses": 19315000,
    "generalAndAdministrativeExpenses": 0,
    "sellingAndMarketingExpenses": 0,
    "sellingGeneralAndAdministrativeExpenses": 108777000,
    "otherExpenses": 0,
    "operatingExpenses": 130908000,
    "costAndExpenses": 317330000,
    "interestIncome": 0,
    "interestExpense": 4006000,
    "depreciationAndAmortization": 9158000,
    "ebitda": 57256000,
    "ebitdaratio": 0.1566820276,
    "operatingIncome": 48098000,
    "operatingIncomeRatio": 0.1316210033,
    "totalOtherIncomeExpensesNet": -3757000,
    "incomeBeforeTax": 44341000,
    "incomeBeforeTaxRatio": 0.1213399083,
    "incomeTaxExpense": 18723000,
    "netIncome": 25618000,
    "netIncomeRatio": 0.0701040971,
    "eps": 0.61,
    "epsdiluted": 0.6,
    "weightedAverageShsOut": 41786186,
    "weightedAverageShsOutDil": 42893530,
    "link": "https://www.sec.gov/Archives/edgar/data/1037646/000103764605000009/0001037646-05-000009-index.htm",
    "finalLink": "https://www.sec.gov/Archives/edgar/data/1037646/000103764605000009/t10q0905.htm"
  },
  {
    "date": "2005-06-30",
    "symbol": "MTD",
    "reportedCurrency": "USD",
    "cik": "0001037646",
    "fillingDate": "2005-07-29",
    "acceptedDate": "2005-07-29 06:09:55",
    "calendarYear": "2005",
    "period": "Q2",
    "revenue": 368637000,
    "costOfRevenue": 188212000,
    "grossProfit": 180425000,
    "grossProfitRatio": 0.4894381193,
    "researchAndDevelopmentExpenses": 20936000,
    "generalAndAdministrativeExpenses": 0,
    "sellingAndMarketingExpenses": 0,
    "sellingGeneralAndAdministrativeExpenses": 108115000,
    "otherExpenses": 0,
    "operatingExpenses": 132042000,
    "costAndExpenses": 320254000,
    "interestIncome": 0,
    "interestExpense": 3764000,
    "depreciationAndAmortization": 9454000,
    "ebitda": 57837000,
    "ebitdaratio": 0.1568941805,
    "operatingIncome": 48383000,
    "operatingIncomeRatio": 0.1312483554,
    "totalOtherIncomeExpensesNet": -25345000,
    "incomeBeforeTax": 23038000,
    "incomeBeforeTaxRatio": 0.0624950832,
    "incomeTaxExpense": 4727000,
    "netIncome": 18311000,
    "netIncomeRatio": 0.0496721707,
    "eps": 0.43,
    "epsdiluted": 0.42,
    "weightedAverageShsOut": 42356672,
    "weightedAverageShsOutDil": 43438961,
    "link": "https://www.sec.gov/Archives/edgar/data/1037646/000103764605000007/0001037646-05-000007-index.htm",
    "finalLink": "https://www.sec.gov/Archives/edgar/data/1037646/000103764605000007/t10q0605.htm"
  },
  {
    "date": "2005-03-31",
    "symbol": "MTD",
    "reportedCurrency": "USD",
    "cik": "0001037646",
    "fillingDate": "2005-05-04",
    "acceptedDate": "2005-05-04 07:32:50",
    "calendarYear": "2005",
    "period": "Q1",
    "revenue": 337160000,
    "costOfRevenue": 174365000,
    "grossProfit": 162795000,
    "grossProfitRatio": 0.4828419741,
    "researchAndDevelopmentExpenses": 20802000,
    "generalAndAdministrativeExpenses": 0,
    "sellingAndMarketingExpenses": 0,
    "sellingGeneralAndAdministrativeExpenses": 106317000,
    "otherExpenses": 0,
    "operatingExpenses": 129927000,
    "costAndExpenses": 304292000,
    "interestIncome": 0,
    "interestExpense": 0,
    "depreciationAndAmortization": 9461000,
    "ebitda": 42329000,
    "ebitdaratio": 0.125545735,
    "operatingIncome": 32868000,
    "operatingIncomeRatio": 0.0974848737,
    "totalOtherIncomeExpensesNet": -3180000,
    "incomeBeforeTax": 29688000,
    "incomeBeforeTaxRatio": 0.0880531498,
    "incomeTaxExpense": 8907000,
    "netIncome": 20781000,
    "netIncomeRatio": 0.0616354253,
    "eps": 0.48,
    "epsdiluted": 0.47,
    "weightedAverageShsOut": 43139233,
    "weightedAverageShsOutDil": 44388971,
    "link": "https://www.sec.gov/Archives/edgar/data/1037646/000103764605000004/0001037646-05-000004-index.htm",
    "finalLink": "https://www.sec.gov/Archives/edgar/data/1037646/000103764605000004/t10q0305.htm"
  },
  {
    "date": "2004-12-31",
    "symbol": "MTD",
    "reportedCurrency": "USD",
    "cik": "0001037646",
    "fillingDate": "2005-02-25",
    "acceptedDate": "2005-02-25 13:30:08",
    "calendarYear": "2004",
    "period": "Q4",
    "revenue": 399205000,
    "costOfRevenue": 200748000,
    "grossProfit": 198457000,
    "grossProfitRatio": 0.497130547,
    "researchAndDevelopmentExpenses": 22208000,
    "generalAndAdministrativeExpenses": 0,
    "sellingAndMarketingExpenses": 0,
    "sellingGeneralAndAdministrativeExpenses": 117268000,
    "otherExpenses": 0,
    "operatingExpenses": 143103000,
    "costAndExpenses": 343851000,
    "interestIncome": 0,
    "interestExpense": 0,
    "depreciationAndAmortization": 10656000,
    "ebitda": 66010000,
    "ebitdaratio": 0.1653536404,
    "operatingIncome": 55354000,
    "operatingIncomeRatio": 0.1386605879,
    "totalOtherIncomeExpensesNet": -3514000,
    "incomeBeforeTax": 51840000,
    "incomeBeforeTaxRatio": 0.129858093,
    "incomeTaxExpense": 15551000,
    "netIncome": 36289000,
    "netIncomeRatio": 0.0909031701,
    "eps": 0.84,
    "epsdiluted": 0.84,
    "weightedAverageShsOut": 43139233,
    "weightedAverageShsOutDil": 43139233,
    "link": "https://www.sec.gov/Archives/edgar/data/1037646/000095015205001513/0000950152-05-001513-index.htm",
    "finalLink": "https://www.sec.gov/Archives/edgar/data/1037646/000095015205001513/l12157ae10vk.htm"
  },
  {
    "date": "2004-09-30",
    "symbol": "MTD",
    "reportedCurrency": "USD",
    "cik": "0001037646",
    "fillingDate": "2004-11-09",
    "acceptedDate": "2004-11-09 16:39:18",
    "calendarYear": "2004",
    "period": "Q3",
    "revenue": 342048000,
    "costOfRevenue": 176293000,
    "grossProfit": 165755000,
    "grossProfitRatio": 0.4845957293,
    "researchAndDevelopmentExpenses": 20190000,
    "generalAndAdministrativeExpenses": 0,
    "sellingAndMarketingExpenses": 0,
    "sellingGeneralAndAdministrativeExpenses": 104683000,
    "otherExpenses": 0,
    "operatingExpenses": 127798000,
    "costAndExpenses": 304091000,
    "interestIncome": 0,
    "interestExpense": 2909000,
    "depreciationAndAmortization": 9653000,
    "ebitda": 47610000,
    "ebitdaratio": 0.1391909907,
    "operatingIncome": 37957000,
    "operatingIncomeRatio": 0.1109698054,
    "totalOtherIncomeExpensesNet": -2774000,
    "incomeBeforeTax": 35183000,
    "incomeBeforeTaxRatio": 0.1028598325,
    "incomeTaxExpense": 10555000,
    "netIncome": 24628000,
    "netIncomeRatio": 0.0720015904,
    "eps": 0.56,
    "epsdiluted": 0.54,
    "weightedAverageShsOut": 44320477,
    "weightedAverageShsOutDil": 45520086,
    "link": "https://www.sec.gov/Archives/edgar/data/1037646/000103764604000007/0001037646-04-000007-index.htm",
    "finalLink": "https://www.sec.gov/Archives/edgar/data/1037646/000103764604000007/t10q0904.htm"
  },
  {
    "date": "2004-06-30",
    "symbol": "MTD",
    "reportedCurrency": "USD",
    "cik": "0001037646",
    "fillingDate": "2004-08-09",
    "acceptedDate": "2004-08-09 16:32:55",
    "calendarYear": "2004",
    "period": "Q2",
    "revenue": 344492000,
    "costOfRevenue": 176573000,
    "grossProfit": 167919000,
    "grossProfitRatio": 0.4874394761,
    "researchAndDevelopmentExpenses": 20164000,
    "generalAndAdministrativeExpenses": 0,
    "sellingAndMarketingExpenses": 0,
    "sellingGeneralAndAdministrativeExpenses": 101020000,
    "otherExpenses": 0,
    "operatingExpenses": 124080000,
    "costAndExpenses": 300653000,
    "interestIncome": 0,
    "interestExpense": 0,
    "depreciationAndAmortization": 9334000,
    "ebitda": 53173000,
    "ebitdaratio": 0.1543519153,
    "operatingIncome": 43839000,
    "operatingIncomeRatio": 0.1272569465,
    "totalOtherIncomeExpensesNet": -3240000,
    "incomeBeforeTax": 40599000,
    "incomeBeforeTaxRatio": 0.1178517934,
    "incomeTaxExpense": 12181000,
    "netIncome": 28418000,
    "netIncomeRatio": 0.0824924817,
    "eps": 0.64,
    "epsdiluted": 0.62,
    "weightedAverageShsOut": 44469648,
    "weightedAverageShsOutDil": 45750652,
    "link": "https://www.sec.gov/Archives/edgar/data/1037646/000089534504000572/0000895345-04-000572-index.htm",
    "finalLink": "https://www.sec.gov/Archives/edgar/data/1037646/000089534504000572/form10q.txt"
  },
  {
    "date": "2004-03-31",
    "symbol": "MTD",
    "reportedCurrency": "USD",
    "cik": "0001037646",
    "fillingDate": "2004-05-10",
    "acceptedDate": "2004-05-10 16:46:55",
    "calendarYear": "2004",
    "period": "Q1",
    "revenue": 318709000,
    "costOfRevenue": 168433000,
    "grossProfit": 150276000,
    "grossProfitRatio": 0.4715147674,
    "researchAndDevelopmentExpenses": 20655000,
    "generalAndAdministrativeExpenses": 0,
    "sellingAndMarketingExpenses": 0,
    "sellingGeneralAndAdministrativeExpenses": 96809000,
    "otherExpenses": 0,
    "operatingExpenses": 120272000,
    "costAndExpenses": 288705000,
    "interestIncome": 0,
    "interestExpense": 0,
    "depreciationAndAmortization": 9281000,
    "ebitda": 39285000,
    "ebitdaratio": 0.1232629138,
    "operatingIncome": 30004000,
    "operatingIncomeRatio": 0.0941423054,
    "totalOtherIncomeExpensesNet": -3402000,
    "incomeBeforeTax": 26602000,
    "incomeBeforeTaxRatio": 0.0834679912,
    "incomeTaxExpense": 7980000,
    "netIncome": 18622000,
    "netIncomeRatio": 0.0584294764,
    "eps": 0.42,
    "epsdiluted": 0.41,
    "weightedAverageShsOut": 44557443,
    "weightedAverageShsOutDil": 45836934,
    "link": "https://www.sec.gov/Archives/edgar/data/1037646/000103764604000002/0001037646-04-000002-index.htm",
    "finalLink": "https://www.sec.gov/Archives/edgar/data/1037646/000103764604000002/t10q0304.htm"
  },
  {
    "date": "2003-12-31",
    "symbol": "MTD",
    "reportedCurrency": "USD",
    "cik": "0001037646",
    "fillingDate": "2004-03-15",
    "acceptedDate": "2004-03-15 15:44:57",
    "calendarYear": "2003",
    "period": "Q4",
    "revenue": 370446000,
    "costOfRevenue": 194203000,
    "grossProfit": 176243000,
    "grossProfitRatio": 0.47575895,
    "researchAndDevelopmentExpenses": 20918000,
    "generalAndAdministrativeExpenses": 0,
    "sellingAndMarketingExpenses": 0,
    "sellingGeneralAndAdministrativeExpenses": 101226000,
    "otherExpenses": 0,
    "operatingExpenses": 125292000,
    "costAndExpenses": 319495000,
    "interestIncome": 0,
    "interestExpense": 0,
    "depreciationAndAmortization": 9382000,
    "ebitda": 60333000,
    "ebitdaratio": 0.1628658428,
    "operatingIncome": 50951000,
    "operatingIncomeRatio": 0.1375396144,
    "totalOtherIncomeExpensesNet": -3892000,
    "incomeBeforeTax": 47059000,
    "incomeBeforeTaxRatio": 0.1270333598,
    "incomeTaxExpense": 14118000,
    "netIncome": 32941000,
    "netIncomeRatio": 0.088922542,
    "eps": 0.74,
    "epsdiluted": 0.74,
    "weightedAverageShsOut": 44557443,
    "weightedAverageShsOutDil": 44557443,
    "link": "https://www.sec.gov/Archives/edgar/data/1037646/000089534504000159/0000895345-04-000159-index.htm",
    "finalLink": "https://www.sec.gov/Archives/edgar/data/1037646/000089534504000159/tp10k.txt"
  },
  {
    "date": "2003-09-30",
    "symbol": "MTD",
    "reportedCurrency": "USD",
    "cik": "0001037646",
    "fillingDate": "2003-11-13",
    "acceptedDate": "2003-11-13 15:54:24",
    "calendarYear": "2003",
    "period": "Q3",
    "revenue": 320814000,
    "costOfRevenue": 168950000,
    "grossProfit": 151864000,
    "grossProfitRatio": 0.4733708629,
    "researchAndDevelopmentExpenses": 19277000,
    "generalAndAdministrativeExpenses": 0,
    "sellingAndMarketingExpenses": 0,
    "sellingGeneralAndAdministrativeExpenses": 92783000,
    "otherExpenses": 0,
    "operatingExpenses": 114969000,
    "costAndExpenses": 283919000,
    "interestIncome": 0,
    "interestExpense": 0,
    "depreciationAndAmortization": 9072000,
    "ebitda": 45967000,
    "ebitdaratio": 0.1432824004,
    "operatingIncome": 36895000,
    "operatingIncomeRatio": 0.1150043327,
    "totalOtherIncomeExpensesNet": -2349000,
    "incomeBeforeTax": 34546000,
    "incomeBeforeTaxRatio": 0.1076823331,
    "incomeTaxExpense": 10364000,
    "netIncome": 24182000,
    "netIncomeRatio": 0.0753770097,
    "eps": 0.54,
    "epsdiluted": 0.53,
    "weightedAverageShsOut": 44485712,
    "weightedAverageShsOutDil": 45568383,
    "link": "https://www.sec.gov/Archives/edgar/data/1037646/000089534503000768/0000895345-03-000768-index.htm",
    "finalLink": "https://www.sec.gov/Archives/edgar/data/1037646/000089534503000768/form10q.txt"
  },
  {
    "date": "2003-06-30",
    "symbol": "MTD",
    "reportedCurrency": "USD",
    "cik": "0001037646",
    "fillingDate": "2003-08-04",
    "acceptedDate": "2003-08-04 13:42:17",
    "calendarYear": "2003",
    "period": "Q2",
    "revenue": 321363000,
    "costOfRevenue": 164952000,
    "grossProfit": 156411000,
    "grossProfitRatio": 0.4867112891,
    "researchAndDevelopmentExpenses": 19338000,
    "generalAndAdministrativeExpenses": 0,
    "sellingAndMarketingExpenses": 0,
    "sellingGeneralAndAdministrativeExpenses": 94008000,
    "otherExpenses": 0,
    "operatingExpenses": 116186000,
    "costAndExpenses": 281138000,
    "interestIncome": 0,
    "interestExpense": 0,
    "depreciationAndAmortization": 9227000,
    "ebitda": 49452000,
    "ebitdaratio": 0.1538820586,
    "operatingIncome": 40225000,
    "operatingIncomeRatio": 0.1251699791,
    "totalOtherIncomeExpensesNet": -3395000,
    "incomeBeforeTax": 36830000,
    "incomeBeforeTaxRatio": 0.1146056018,
    "incomeTaxExpense": 11050000,
    "netIncome": 25780000,
    "netIncomeRatio": 0.0802208095,
    "eps": 0.58,
    "epsdiluted": 0.57,
    "weightedAverageShsOut": 44434612,
    "weightedAverageShsOutDil": 45467106,
    "link": "https://www.sec.gov/Archives/edgar/data/1037646/000103764603000008/0001037646-03-000008-index.htm",
    "finalLink": "https://www.sec.gov/Archives/edgar/data/1037646/000103764603000008/t10q0603.htm"
  },
  {
    "date": "2003-03-31",
    "symbol": "MTD",
    "reportedCurrency": "USD",
    "cik": "0001037646",
    "fillingDate": "2003-05-14",
    "acceptedDate": "2003-05-14 15:41:28",
    "calendarYear": "2003",
    "period": "Q1",
    "revenue": 291808000,
    "costOfRevenue": 158150000,
    "grossProfit": 133658000,
    "grossProfitRatio": 0.4580340498,
    "researchAndDevelopmentExpenses": 18470000,
    "generalAndAdministrativeExpenses": 0,
    "sellingAndMarketingExpenses": 0,
    "sellingGeneralAndAdministrativeExpenses": 84805000,
    "otherExpenses": 0,
    "operatingExpenses": 106102000,
    "costAndExpenses": 264252000,
    "interestIncome": 0,
    "interestExpense": 0,
    "depreciationAndAmortization": 9129000,
    "ebitda": 36685000,
    "ebitdaratio": 0.1257162244,
    "operatingIncome": 27556000,
    "operatingIncomeRatio": 0.0944319553,
    "totalOtherIncomeExpensesNet": -9080000,
    "incomeBeforeTax": 18476000,
    "incomeBeforeTaxRatio": 0.0633156048,
    "incomeTaxExpense": 5541000,
    "netIncome": 12935000,
    "netIncomeRatio": 0.0443270918,
    "eps": 0.29,
    "epsdiluted": 0.29,
    "weightedAverageShsOut": 44393312,
    "weightedAverageShsOutDil": 45288823,
    "link": "https://www.sec.gov/Archives/edgar/data/1037646/000089534503000322/0000895345-03-000322-index.htm",
    "finalLink": "https://www.sec.gov/Archives/edgar/data/1037646/000089534503000322/tp10q.txt"
  },
  {
    "date": "2002-12-31",
    "symbol": "MTD",
    "reportedCurrency": "USD",
    "cik": "0001037646",
    "fillingDate": "2003-03-14",
    "acceptedDate": "2003-03-14 12:41:34",
    "calendarYear": "2002",
    "period": "Q4",
    "revenue": 337306000,
    "costOfRevenue": 178711000,
    "grossProfit": 158595000,
    "grossProfitRatio": 0.4701813783,
    "researchAndDevelopmentExpenses": 18695000,
    "generalAndAdministrativeExpenses": 0,
    "sellingAndMarketingExpenses": 0,
    "sellingGeneralAndAdministrativeExpenses": 88517000,
    "otherExpenses": 0,
    "operatingExpenses": 110064000,
    "costAndExpenses": 288775000,
    "interestIncome": 0,
    "interestExpense": 0,
    "depreciationAndAmortization": 9357000,
    "ebitda": 57888000,
    "ebitdaratio": 0.1716186489,
    "operatingIncome": 48531000,
    "operatingIncomeRatio": 0.1438782589,
    "totalOtherIncomeExpensesNet": -3828000,
    "incomeBeforeTax": 44703000,
    "incomeBeforeTaxRatio": 0.1325295133,
    "incomeTaxExpense": 13411000,
    "netIncome": 31292000,
    "netIncomeRatio": 0.0927703628,
    "eps": 0.7,
    "epsdiluted": 0.7,
    "weightedAverageShsOut": 44384822,
    "weightedAverageShsOutDil": 44393312,
    "link": "https://www.sec.gov/Archives/edgar/data/1037646/000089534503000148/0000895345-03-000148-index.htm",
    "finalLink": "https://www.sec.gov/Archives/edgar/data/1037646/000089534503000148/tp10k.txt"
  },
  {
    "date": "2002-09-30",
    "symbol": "MTD",
    "reportedCurrency": "USD",
    "cik": "0001037646",
    "fillingDate": "2002-11-14",
    "acceptedDate": "2002-11-14 11:38:59",
    "calendarYear": "2002",
    "period": "Q3",
    "revenue": 306990000,
    "costOfRevenue": 164067000,
    "grossProfit": 142923000,
    "grossProfitRatio": 0.4655623962,
    "researchAndDevelopmentExpenses": 17469000,
    "generalAndAdministrativeExpenses": 85263000,
    "sellingAndMarketingExpenses": 0,
    "sellingGeneralAndAdministrativeExpenses": 85263000,
    "otherExpenses": 0,
    "operatingExpenses": 105537000,
    "costAndExpenses": 269604000,
    "interestIncome": 0,
    "interestExpense": 0,
    "depreciationAndAmortization": 9504000,
    "ebitda": 46890000,
    "ebitdaratio": 0.1527411316,
    "operatingIncome": 37386000,
    "operatingIncomeRatio": 0.1217824685,
    "totalOtherIncomeExpensesNet": -4568000,
    "incomeBeforeTax": 32818000,
    "incomeBeforeTaxRatio": 0.106902505,
    "incomeTaxExpense": 9841000,
    "netIncome": 22977000,
    "netIncomeRatio": 0.0748460862,
    "eps": 0.52,
    "epsdiluted": 0.51,
    "weightedAverageShsOut": 44355475,
    "weightedAverageShsOutDil": 45235544,
    "link": "https://www.sec.gov/Archives/edgar/data/1037646/000089534502000565/0000895345-02-000565-index.htm",
    "finalLink": "https://www.sec.gov/Archives/edgar/data/1037646/000089534502000565/tp10q_mettler.txt"
  },
  {
    "date": "2002-06-30",
    "symbol": "MTD",
    "reportedCurrency": "USD",
    "cik": "0001037646",
    "fillingDate": "2002-08-14",
    "acceptedDate": "2002-08-14 11:28:44",
    "calendarYear": "2002",
    "period": "Q2",
    "revenue": 296454000,
    "costOfRevenue": 155372000,
    "grossProfit": 141082000,
    "grossProfitRatio": 0.475898453,
    "researchAndDevelopmentExpenses": 17704000,
    "generalAndAdministrativeExpenses": 82355000,
    "sellingAndMarketingExpenses": 0,
    "sellingGeneralAndAdministrativeExpenses": 82355000,
    "otherExpenses": 0,
    "operatingExpenses": 101960000,
    "costAndExpenses": 257332000,
    "interestIncome": 0,
    "interestExpense": 0,
    "depreciationAndAmortization": 8122000,
    "ebitda": 47244000,
    "ebitdaratio": 0.1593636787,
    "operatingIncome": 39122000,
    "operatingIncomeRatio": 0.1319665108,
    "totalOtherIncomeExpensesNet": -32910000,
    "incomeBeforeTax": 6212000,
    "incomeBeforeTaxRatio": 0.020954347,
    "incomeTaxExpense": -21266000,
    "netIncome": 27478000,
    "netIncomeRatio": 0.0926889163,
    "eps": 0.62,
    "epsdiluted": 0.61,
    "weightedAverageShsOut": 44208274,
    "weightedAverageShsOutDil": 45409690,
    "link": "https://www.sec.gov/Archives/edgar/data/1037646/000089534502000437/0000895345-02-000437-index.htm",
    "finalLink": "https://www.sec.gov/Archives/edgar/data/1037646/000089534502000437/tp10q.txt"
  },
  {
    "date": "2002-03-31",
    "symbol": "MTD",
    "reportedCurrency": "USD",
    "cik": "0001037646",
    "fillingDate": "2002-05-14",
    "acceptedDate": "2002-05-14 11:29:02",
    "calendarYear": "2002",
    "period": "Q1",
    "revenue": 272957000,
    "costOfRevenue": 147820000,
    "grossProfit": 125137000,
    "grossProfitRatio": 0.4584494994,
    "researchAndDevelopmentExpenses": 16757000,
    "generalAndAdministrativeExpenses": 75824000,
    "sellingAndMarketingExpenses": 0,
    "sellingGeneralAndAdministrativeExpenses": 75824000,
    "otherExpenses": 0,
    "operatingExpenses": 94355000,
    "costAndExpenses": 242175000,
    "interestIncome": 0,
    "interestExpense": 0,
    "depreciationAndAmortization": 7741000,
    "ebitda": 38523000,
    "ebitdaratio": 0.1411321197,
    "operatingIncome": 30782000,
    "operatingIncomeRatio": 0.1127723414,
    "totalOtherIncomeExpensesNet": -4105000,
    "incomeBeforeTax": 26677000,
    "incomeBeforeTaxRatio": 0.0977333426,
    "incomeTaxExpense": 8003000,
    "netIncome": 18674000,
    "netIncomeRatio": 0.0684137062,
    "eps": 0.42,
    "epsdiluted": 0.41,
    "weightedAverageShsOut": 44173850,
    "weightedAverageShsOutDil": 45517058,
    "link": "https://www.sec.gov/Archives/edgar/data/1037646/000089534502000264/0000895345-02-000264-index.htm",
    "finalLink": "https://www.sec.gov/Archives/edgar/data/1037646/000089534502000264/tp10q_mettler.txt"
  },
  {
    "date": "2001-12-31",
    "symbol": "MTD",
    "reportedCurrency": "USD",
    "cik": "0001037646",
    "fillingDate": "2002-03-04",
    "acceptedDate": "2002-03-04 00:00:00",
    "calendarYear": "2001",
    "period": "Q4",
    "revenue": 318281000,
    "costOfRevenue": 165582000,
    "grossProfit": 152699000,
    "grossProfitRatio": 0.4797615943,
    "researchAndDevelopmentExpenses": 18147000,
    "generalAndAdministrativeExpenses": 79094000,
    "sellingAndMarketingExpenses": 0,
    "sellingGeneralAndAdministrativeExpenses": 79094000,
    "otherExpenses": 0,
    "operatingExpenses": 134165000,
    "costAndExpenses": 299747000,
    "interestIncome": 0,
    "interestExpense": 0,
    "depreciationAndAmortization": 10368000,
    "ebitda": 28902000,
    "ebitdaratio": 0.0908065514,
    "operatingIncome": 18534000,
    "operatingIncomeRatio": 0.0582315627,
    "totalOtherIncomeExpensesNet": 28696000,
    "incomeBeforeTax": 47230000,
    "incomeBeforeTaxRatio": 0.1483908873,
    "incomeTaxExpense": 16530000,
    "netIncome": 30700000,
    "netIncomeRatio": 0.0964556477,
    "eps": 0.69,
    "epsdiluted": 0.69,
    "weightedAverageShsOut": 42451677,
    "weightedAverageShsOutDil": 44173850,
    "link": "https://www.sec.gov/Archives/edgar/data/1037646/000089534502000103/0000895345-02-000103-index.htm",
    "finalLink": "https://www.sec.gov/Archives/edgar/data/1037646/000089534502000103/tp10k.txt"
  },
  {
    "date": "2001-09-30",
    "symbol": "MTD",
    "reportedCurrency": "USD",
    "cik": "0001037646",
    "fillingDate": "2001-11-14",
    "acceptedDate": "2001-11-14 00:00:00",
    "calendarYear": "2001",
    "period": "Q3",
    "revenue": 285064000,
    "costOfRevenue": 154040000,
    "grossProfit": 131024000,
    "grossProfitRatio": 0.4596301181,
    "researchAndDevelopmentExpenses": 16170000,
    "generalAndAdministrativeExpenses": 75973000,
    "sellingAndMarketingExpenses": 0,
    "sellingGeneralAndAdministrativeExpenses": 75973000,
    "otherExpenses": 0,
    "operatingExpenses": 95612000,
    "costAndExpenses": 249652000,
    "interestIncome": 0,
    "interestExpense": 0,
    "depreciationAndAmortization": 9000000,
    "ebitda": 44412000,
    "ebitdaratio": 0.155796593,
    "operatingIncome": 35412000,
    "operatingIncomeRatio": 0.1242247355,
    "totalOtherIncomeExpensesNet": -4052000,
    "incomeBeforeTax": 31360000,
    "incomeBeforeTaxRatio": 0.1100103836,
    "incomeTaxExpense": 10976000,
    "netIncome": 20384000,
    "netIncomeRatio": 0.0715067494,
    "eps": 0.51,
    "epsdiluted": 0.48,
    "weightedAverageShsOut": 40157813,
    "weightedAverageShsOutDil": 42463944,
    "link": "https://www.sec.gov/Archives/edgar/data/1037646/000089534501500636/0000895345-01-500636-index.htm",
    "finalLink": "https://www.sec.gov/Archives/edgar/data/1037646/000089534501500636/tp10q.txt"
  },
  {
    "date": "2001-06-30",
    "symbol": "MTD",
    "reportedCurrency": "USD",
    "cik": "0001037646",
    "fillingDate": "2001-08-15",
    "acceptedDate": "2001-08-15 00:00:00",
    "calendarYear": "2001",
    "period": "Q2",
    "revenue": 279033000,
    "costOfRevenue": 152184000,
    "grossProfit": 126849000,
    "grossProfitRatio": 0.4546021438,
    "researchAndDevelopmentExpenses": 15503000,
    "generalAndAdministrativeExpenses": 70928000,
    "sellingAndMarketingExpenses": 0,
    "sellingGeneralAndAdministrativeExpenses": 70928000,
    "otherExpenses": 0,
    "operatingExpenses": 89456000,
    "costAndExpenses": 241640000,
    "interestIncome": 0,
    "interestExpense": 0,
    "depreciationAndAmortization": 8746000,
    "ebitda": 46139000,
    "ebitdaratio": 0.165353202,
    "operatingIncome": 37393000,
    "operatingIncomeRatio": 0.1340092391,
    "totalOtherIncomeExpensesNet": -19853000,
    "incomeBeforeTax": 17540000,
    "incomeBeforeTaxRatio": 0.0628599485,
    "incomeTaxExpense": 10858000,
    "netIncome": 6682000,
    "netIncomeRatio": 0.0239469883,
    "eps": 0.17,
    "epsdiluted": 0.16,
    "weightedAverageShsOut": 40112438,
    "weightedAverageShsOutDil": 42472310,
    "link": "https://www.sec.gov/Archives/edgar/data/1037646/000103764601500010/0001037646-01-500010-index.html",
    "finalLink": "https://www.sec.gov/Archives/edgar/data/1037646/000103764601500010/doc1q06.txt"
  },
  {
    "date": "2001-04-14",
    "symbol": "MTD",
    "reportedCurrency": "USD",
    "cik": "0001037646",
    "fillingDate": "2001-05-14",
    "acceptedDate": "2001-05-14 00:00:00",
    "calendarYear": "2001",
    "period": "Q1",
    "revenue": 265644000,
    "costOfRevenue": 141688000,
    "grossProfit": 123956000,
    "grossProfitRatio": 0.466624505,
    "researchAndDevelopmentExpenses": 14807000,
    "generalAndAdministrativeExpenses": 73196000,
    "sellingAndMarketingExpenses": 0,
    "sellingGeneralAndAdministrativeExpenses": 73196000,
    "otherExpenses": 0,
    "operatingExpenses": 96861000,
    "costAndExpenses": 238549000,
    "interestIncome": 0,
    "interestExpense": 0,
    "depreciationAndAmortization": 8858000,
    "ebitda": 35953000,
    "ebitdaratio": 0.1353427896,
    "operatingIncome": 27095000,
    "operatingIncomeRatio": 0.1019974101,
    "totalOtherIncomeExpensesNet": -4790000,
    "incomeBeforeTax": 22305000,
    "incomeBeforeTaxRatio": 0.0839657587,
    "incomeTaxExpense": 7807000,
    "netIncome": 14498000,
    "netIncomeRatio": 0.054576802,
    "eps": 0.37,
    "epsdiluted": 0.34,
    "weightedAverageShsOut": 39716936,
    "weightedAverageShsOutDil": 42539345,
    "link": "https://www.sec.gov/Archives/edgar/data/1037646/000103764601500007/0001037646-01-500007-index.htm",
    "finalLink": "https://www.sec.gov/Archives/edgar/data/1037646/000103764601500007/doc1q10.txt"
  },
  {
    "date": "2000-12-31",
    "symbol": "MTD",
    "reportedCurrency": "USD",
    "cik": "0001037646",
    "fillingDate": "2001-03-22",
    "acceptedDate": "2001-03-22 00:00:00",
    "calendarYear": "2000",
    "period": "Q4",
    "revenue": 297870000,
    "costOfRevenue": 151340000,
    "grossProfit": 146530000,
    "grossProfitRatio": 0.491926008,
    "researchAndDevelopmentExpenses": 14959000,
    "generalAndAdministrativeExpenses": 79489000,
    "sellingAndMarketingExpenses": 0,
    "sellingGeneralAndAdministrativeExpenses": 79489000,
    "otherExpenses": 0,
    "operatingExpenses": 103288000,
    "costAndExpenses": 254628000,
    "interestIncome": 0,
    "interestExpense": 0,
    "depreciationAndAmortization": 8840000,
    "ebitda": 52082000,
    "ebitdaratio": 0.1748480881,
    "operatingIncome": 43242000,
    "operatingIncomeRatio": 0.1451707121,
    "totalOtherIncomeExpensesNet": -6627000,
    "incomeBeforeTax": 36615000,
    "incomeBeforeTaxRatio": 0.1229227515,
    "incomeTaxExpense": 13315000,
    "netIncome": 23300000,
    "netIncomeRatio": 0.0782220432,
    "eps": 0.59,
    "epsdiluted": 0.59,
    "weightedAverageShsOut": 39372875,
    "weightedAverageShsOutDil": 39716936,
    "link": "https://www.sec.gov/Archives/edgar/data/1037646/000103764601500005/0001037646-01-500005-index.html",
    "finalLink": "https://www.sec.gov/Archives/edgar/data/1037646/000103764601500005/doc1k10.txt"
  },
  {
    "date": "2000-09-30",
    "symbol": "MTD",
    "reportedCurrency": "USD",
    "cik": "0001037646",
    "fillingDate": "2000-11-15",
    "acceptedDate": "2000-11-15 00:00:00",
    "calendarYear": "2000",
    "period": "Q3",
    "revenue": 270003000,
    "costOfRevenue": 144326000,
    "grossProfit": 125677000,
    "grossProfitRatio": 0.4654651985,
    "researchAndDevelopmentExpenses": 14093000,
    "generalAndAdministrativeExpenses": 72460000,
    "sellingAndMarketingExpenses": 0,
    "sellingGeneralAndAdministrativeExpenses": 72460000,
    "otherExpenses": 0,
    "operatingExpenses": 94331000,
    "costAndExpenses": 238657000,
    "interestIncome": 0,
    "interestExpense": 0,
    "depreciationAndAmortization": 7778000,
    "ebitda": 39124000,
    "ebitdaratio": 0.1449020937,
    "operatingIncome": 31346000,
    "operatingIncomeRatio": 0.1160950064,
    "totalOtherIncomeExpensesNet": -4996000,
    "incomeBeforeTax": 26350000,
    "incomeBeforeTaxRatio": 0.0975915082,
    "incomeTaxExpense": 9216000,
    "netIncome": 17134000,
    "netIncomeRatio": 0.0634585542,
    "eps": 0.44,
    "epsdiluted": 0.41,
    "weightedAverageShsOut": 38753185,
    "weightedAverageShsOutDil": 42198943,
    "link": "https://www.sec.gov/Archives/edgar/data/1037646/000103764600000014/0001037646-00-000014-index.html",
    "finalLink": "https://www.sec.gov/Archives/edgar/data/1037646/000103764600000014/0001037646-00-000014-0001.txt"
  },
  {
    "date": "2000-06-30",
    "symbol": "MTD",
    "reportedCurrency": "USD",
    "cik": "0001037646",
    "fillingDate": "2000-08-15",
    "acceptedDate": "2000-08-15 00:00:00",
    "calendarYear": "2000",
    "period": "Q2",
    "revenue": 268558000,
    "costOfRevenue": 143685000,
    "grossProfit": 124873000,
    "grossProfitRatio": 0.4649759084,
    "researchAndDevelopmentExpenses": 13909000,
    "generalAndAdministrativeExpenses": 70461000,
    "sellingAndMarketingExpenses": 0,
    "sellingGeneralAndAdministrativeExpenses": 70461000,
    "otherExpenses": 0,
    "operatingExpenses": 92410000,
    "costAndExpenses": 236095000,
    "interestIncome": 0,
    "interestExpense": 0,
    "depreciationAndAmortization": 8040000,
    "ebitda": 40503000,
    "ebitdaratio": 0.1508165834,
    "operatingIncome": 32463000,
    "operatingIncomeRatio": 0.1208789163,
    "totalOtherIncomeExpensesNet": -4887000,
    "incomeBeforeTax": 27576000,
    "incomeBeforeTaxRatio": 0.1026817298,
    "incomeTaxExpense": 9645000,
    "netIncome": 17931000,
    "netIncomeRatio": 0.0667677001,
    "eps": 0.46,
    "epsdiluted": 0.43,
    "weightedAverageShsOut": 38753185,
    "weightedAverageShsOutDil": 41995780,
    "link": "https://www.sec.gov/Archives/edgar/data/1037646/000103764600000011/0001037646-00-000011-index.html",
    "finalLink": "https://www.sec.gov/Archives/edgar/data/1037646/000103764600000011/0001037646-00-000011-0001.txt"
  },
  {
    "date": "2000-03-31",
    "symbol": "MTD",
    "reportedCurrency": "USD",
    "cik": "0001037646",
    "fillingDate": "2000-05-15",
    "acceptedDate": "2000-05-15 00:00:00",
    "calendarYear": "2000",
    "period": "Q1",
    "revenue": 259116000,
    "costOfRevenue": 139144000,
    "grossProfit": 119972000,
    "grossProfitRatio": 0.4630049862,
    "researchAndDevelopmentExpenses": 13373000,
    "generalAndAdministrativeExpenses": 74515000,
    "sellingAndMarketingExpenses": 0,
    "sellingGeneralAndAdministrativeExpenses": 74515000,
    "otherExpenses": 0,
    "operatingExpenses": 96484000,
    "costAndExpenses": 235628000,
    "interestIncome": 0,
    "interestExpense": 0,
    "depreciationAndAmortization": 8596000,
    "ebitda": 32084000,
    "ebitdaratio": 0.1238209914,
    "operatingIncome": 23488000,
    "operatingIncomeRatio": 0.0906466602,
    "totalOtherIncomeExpensesNet": -5400000,
    "incomeBeforeTax": 18088000,
    "incomeBeforeTaxRatio": 0.0698065731,
    "incomeTaxExpense": 6334000,
    "netIncome": 11754000,
    "netIncomeRatio": 0.0453619228,
    "eps": 0.3,
    "epsdiluted": 0.28,
    "weightedAverageShsOut": 38712272,
    "weightedAverageShsOutDil": 41902580,
    "link": "https://www.sec.gov/Archives/edgar/data/1037646/000103764600000007/0001037646-00-000007-index.html",
    "finalLink": "https://www.sec.gov/Archives/edgar/data/1037646/0001037646-00-000007.txt"
  },
  {
    "date": "1999-12-31",
    "symbol": "MTD",
    "reportedCurrency": "USD",
    "cik": "0001037646",
    "fillingDate": "2000-03-24",
    "acceptedDate": "2000-03-24 00:00:00",
    "calendarYear": "1999",
    "period": "Q4",
    "revenue": 304300000,
    "costOfRevenue": 156500000,
    "grossProfit": 147800000,
    "grossProfitRatio": 0.4857048965,
    "researchAndDevelopmentExpenses": 17200000,
    "generalAndAdministrativeExpenses": 83600000,
    "sellingAndMarketingExpenses": 0,
    "sellingGeneralAndAdministrativeExpenses": 83600000,
    "otherExpenses": 0,
    "operatingExpenses": 109600000,
    "costAndExpenses": 266100000,
    "interestIncome": 0,
    "interestExpense": 0,
    "depreciationAndAmortization": 8800000,
    "ebitda": 47000000,
    "ebitdaratio": 0.1544528426,
    "operatingIncome": 38200000,
    "operatingIncomeRatio": 0.1255340125,
    "totalOtherIncomeExpensesNet": -14100000,
    "incomeBeforeTax": 24100000,
    "incomeBeforeTaxRatio": 0.0791981597,
    "incomeTaxExpense": 11200000,
    "netIncome": 12900000,
    "netIncomeRatio": 0.0423923759,
    "eps": 0.33,
    "epsdiluted": 0.33,
    "weightedAverageShsOut": 38028380,
    "weightedAverageShsOutDil": 38712272,
    "link": "https://www.sec.gov/Archives/edgar/data/1037646/000103764600000004/0001037646-00-000004-index.html",
    "finalLink": "https://www.sec.gov/Archives/edgar/data/1037646/0001037646-00-000004.txt"
  },
  {
    "date": "1999-09-30",
    "symbol": "MTD",
    "reportedCurrency": "USD",
    "cik": "0001037646",
    "fillingDate": "1999-11-15",
    "acceptedDate": "1999-11-15 00:00:00",
    "calendarYear": "1999",
    "period": "Q3",
    "revenue": 268000000,
    "costOfRevenue": 142200000,
    "grossProfit": 125800000,
    "grossProfitRatio": 0.4694029851,
    "researchAndDevelopmentExpenses": 13900000,
    "generalAndAdministrativeExpenses": 75500000,
    "sellingAndMarketingExpenses": 0,
    "sellingGeneralAndAdministrativeExpenses": 75500000,
    "otherExpenses": 0,
    "operatingExpenses": 98100000,
    "costAndExpenses": 240300000,
    "interestIncome": 0,
    "interestExpense": 0,
    "depreciationAndAmortization": 8700000,
    "ebitda": 36406000,
    "ebitdaratio": 0.1358432836,
    "operatingIncome": 27700000,
    "operatingIncomeRatio": 0.103358209,
    "totalOtherIncomeExpensesNet": -6706000,
    "incomeBeforeTax": 21000000,
    "incomeBeforeTaxRatio": 0.078358209,
    "incomeTaxExpense": 7300000,
    "netIncome": 13700000,
    "netIncomeRatio": 0.051119403,
    "eps": 0.35,
    "epsdiluted": 0.33,
    "weightedAverageShsOut": 39142857,
    "weightedAverageShsOutDil": 41515152,
    "link": "https://www.sec.gov/Archives/edgar/data/1037646/000103764699000014/0001037646-99-000014-index.html",
    "finalLink": "https://www.sec.gov/Archives/edgar/data/1037646/000103764699000014/"
  },
  {
    "date": "1999-06-30",
    "symbol": "MTD",
    "reportedCurrency": "USD",
    "cik": "0001037646",
    "fillingDate": "1999-08-16",
    "acceptedDate": "1999-08-16 00:00:00",
    "calendarYear": "1999",
    "period": "Q2",
    "revenue": 257500000,
    "costOfRevenue": 137100000,
    "grossProfit": 120400000,
    "grossProfitRatio": 0.4675728155,
    "researchAndDevelopmentExpenses": 13600000,
    "generalAndAdministrativeExpenses": 70900000,
    "sellingAndMarketingExpenses": 0,
    "sellingGeneralAndAdministrativeExpenses": 70900000,
    "otherExpenses": 0,
    "operatingExpenses": 93500000,
    "costAndExpenses": 230600000,
    "interestIncome": 0,
    "interestExpense": 0,
    "depreciationAndAmortization": 9000000,
    "ebitda": 35900000,
    "ebitdaratio": 0.1394174757,
    "operatingIncome": 26900000,
    "operatingIncomeRatio": 0.1044660194,
    "totalOtherIncomeExpensesNet": -5400000,
    "incomeBeforeTax": 21500000,
    "incomeBeforeTaxRatio": 0.0834951456,
    "incomeTaxExpense": 8000000,
    "netIncome": 13500000,
    "netIncomeRatio": 0.0524271845,
    "eps": 0.35,
    "epsdiluted": 0.33,
    "weightedAverageShsOut": 38571429,
    "weightedAverageShsOutDil": 40909091,
    "link": "https://www.sec.gov/Archives/edgar/data/1037646/000103764699000012/0001037646-99-000012-index.html",
    "finalLink": "https://www.sec.gov/Archives/edgar/data/1037646/000103764699000012/"
  },
  {
    "date": "1999-03-31",
    "symbol": "MTD",
    "reportedCurrency": "USD",
    "cik": "0001037646",
    "fillingDate": "1999-05-07",
    "acceptedDate": "1999-05-07 00:00:00",
    "calendarYear": "1999",
    "period": "Q1",
    "revenue": 235700000,
    "costOfRevenue": 124200000,
    "grossProfit": 111500000,
    "grossProfitRatio": 0.4730589733,
    "researchAndDevelopmentExpenses": 12800000,
    "generalAndAdministrativeExpenses": 70400000,
    "sellingAndMarketingExpenses": 0,
    "sellingGeneralAndAdministrativeExpenses": 70400000,
    "otherExpenses": 0,
    "operatingExpenses": 92000000,
    "costAndExpenses": 216200000,
    "interestIncome": 0,
    "interestExpense": 0,
    "depreciationAndAmortization": 8800000,
    "ebitda": 28315000,
    "ebitdaratio": 0.1201315231,
    "operatingIncome": 19500000,
    "operatingIncomeRatio": 0.0827322868,
    "totalOtherIncomeExpensesNet": -6515000,
    "incomeBeforeTax": 13000000,
    "incomeBeforeTaxRatio": 0.0551548579,
    "incomeTaxExpense": 4900000,
    "netIncome": 8100000,
    "netIncomeRatio": 0.0343657191,
    "eps": 0.21,
    "epsdiluted": 0.2,
    "weightedAverageShsOut": 38571429,
    "weightedAverageShsOutDil": 40500000,
    "link": "https://www.sec.gov/Archives/edgar/data/1037646/000103764699000008/0001037646-99-000008-index.html",
    "finalLink": "https://www.sec.gov/Archives/edgar/data/1037646/"
  },
  {
    "date": "1998-12-31",
    "symbol": "MTD",
    "reportedCurrency": "USD",
    "cik": "0001037646",
    "fillingDate": "1999-03-18",
    "acceptedDate": "1999-03-18 00:00:00",
    "calendarYear": "1998",
    "period": "Q4",
    "revenue": 266000000,
    "costOfRevenue": 139000000,
    "grossProfit": 127000000,
    "grossProfitRatio": 0.477443609,
    "researchAndDevelopmentExpenses": 15400000,
    "generalAndAdministrativeExpenses": 72700000,
    "sellingAndMarketingExpenses": 0,
    "sellingGeneralAndAdministrativeExpenses": 72700000,
    "otherExpenses": 0,
    "operatingExpenses": 96800000,
    "costAndExpenses": 235800000,
    "interestIncome": 0,
    "interestExpense": 0,
    "depreciationAndAmortization": 8700000,
    "ebitda": 38900000,
    "ebitdaratio": 0.1462406015,
    "operatingIncome": 30200000,
    "operatingIncomeRatio": 0.1135338346,
    "totalOtherIncomeExpensesNet": -6000000,
    "incomeBeforeTax": 24200000,
    "incomeBeforeTaxRatio": 0.0909774436,
    "incomeTaxExpense": 7400000,
    "netIncome": 16800000,
    "netIncomeRatio": 0.0631578947,
    "eps": 0.44,
    "epsdiluted": 0.44,
    "weightedAverageShsOut": 37872760,
    "weightedAverageShsOutDil": 38571429,
    "link": "https://www.sec.gov/Archives/edgar/data/1037646/000103764699000004/0001037646-99-000004-index.html",
    "finalLink": "https://www.sec.gov/Archives/edgar/data/1037646/0001037646-99-000004.txt"
  },
  {
    "date": "1998-09-30",
    "symbol": "MTD",
    "reportedCurrency": "USD",
    "cik": "0001037646",
    "fillingDate": "1998-11-16",
    "acceptedDate": "1998-11-16 00:00:00",
    "calendarYear": "1998",
    "period": "Q3",
    "revenue": 225600000,
    "costOfRevenue": 120500000,
    "grossProfit": 105100000,
    "grossProfitRatio": 0.4658687943,
    "researchAndDevelopmentExpenses": 11500000,
    "generalAndAdministrativeExpenses": 63300000,
    "sellingAndMarketingExpenses": 0,
    "sellingGeneralAndAdministrativeExpenses": 63300000,
    "otherExpenses": 0,
    "operatingExpenses": 82900000,
    "costAndExpenses": 203400000,
    "interestIncome": 0,
    "interestExpense": 0,
    "depreciationAndAmortization": 8100000,
    "ebitda": 30300000,
    "ebitdaratio": 0.1343085106,
    "operatingIncome": 22200000,
    "operatingIncomeRatio": 0.0984042553,
    "totalOtherIncomeExpensesNet": -16400000,
    "incomeBeforeTax": 5800000,
    "incomeBeforeTaxRatio": 0.0257092199,
    "incomeTaxExpense": 3300000,
    "netIncome": 2500000,
    "netIncomeRatio": 0.0110815603,
    "eps": 0.07,
    "epsdiluted": 0.06,
    "weightedAverageShsOut": 35714286,
    "weightedAverageShsOutDil": 41666667,
    "link": "https://www.sec.gov/Archives/edgar/data/1037646/000103764698000008/0001037646-98-000008-index.html",
    "finalLink": "https://www.sec.gov/Archives/edgar/data/1037646/"
  },
  {
    "date": "1998-06-30",
    "symbol": "MTD",
    "reportedCurrency": "USD",
    "cik": "0001037646",
    "fillingDate": "1998-08-12",
    "acceptedDate": "1998-08-12 00:00:00",
    "calendarYear": "1998",
    "period": "Q2",
    "revenue": 228400000,
    "costOfRevenue": 120900000,
    "grossProfit": 107500000,
    "grossProfitRatio": 0.4706654991,
    "researchAndDevelopmentExpenses": 11200000,
    "generalAndAdministrativeExpenses": 64400000,
    "sellingAndMarketingExpenses": 0,
    "sellingGeneralAndAdministrativeExpenses": 64400000,
    "otherExpenses": 0,
    "operatingExpenses": 83300000,
    "costAndExpenses": 204200000,
    "interestIncome": 0,
    "interestExpense": 0,
    "depreciationAndAmortization": 7700000,
    "ebitda": 31900000,
    "ebitdaratio": 0.1396672504,
    "operatingIncome": 24200000,
    "operatingIncomeRatio": 0.1059544658,
    "totalOtherIncomeExpensesNet": -6300000,
    "incomeBeforeTax": 17900000,
    "incomeBeforeTaxRatio": 0.0783712785,
    "incomeTaxExpense": 6500000,
    "netIncome": 11400000,
    "netIncomeRatio": 0.0499124343,
    "eps": 0.3,
    "epsdiluted": 0.3,
    "weightedAverageShsOut": 38000000,
    "weightedAverageShsOutDil": 38000000,
    "link": "https://www.sec.gov/Archives/edgar/data/1037646/000089534598000451/0000895345-98-000451-index.html",
    "finalLink": "https://www.sec.gov/Archives/edgar/data/1037646/"
  },
  {
    "date": "1998-03-31",
    "symbol": "MTD",
    "reportedCurrency": "USD",
    "cik": "0001037646",
    "fillingDate": "1998-05-06",
    "acceptedDate": "1998-05-06 00:00:00",
    "calendarYear": "1998",
    "period": "Q1",
    "revenue": 215700000,
    "costOfRevenue": 115100000,
    "grossProfit": 100600000,
    "grossProfitRatio": 0.4663885025,
    "researchAndDevelopmentExpenses": 10800000,
    "generalAndAdministrativeExpenses": 65100000,
    "sellingAndMarketingExpenses": 0,
    "sellingGeneralAndAdministrativeExpenses": 65100000,
    "otherExpenses": 0,
    "operatingExpenses": 83600000,
    "costAndExpenses": 198700000,
    "interestIncome": 0,
    "interestExpense": 0,
    "depreciationAndAmortization": 7700000,
    "ebitda": 24700000,
    "ebitdaratio": 0.1145108948,
    "operatingIncome": 17000000,
    "operatingIncomeRatio": 0.0788131664,
    "totalOtherIncomeExpensesNet": -6500000,
    "incomeBeforeTax": 10500000,
    "incomeBeforeTaxRatio": 0.0486787204,
    "incomeTaxExpense": 3700000,
    "netIncome": 6800000,
    "netIncomeRatio": 0.0315252666,
    "eps": 0.18,
    "epsdiluted": 0.17,
    "weightedAverageShsOut": 37777778,
    "weightedAverageShsOutDil": 40000000,
    "link": "https://www.sec.gov/Archives/edgar/data/1037646/000089534598000273/0000895345-98-000273-index.html",
    "finalLink": "https://www.sec.gov/Archives/edgar/data/1037646/"
  },
  {
    "date": "1997-12-31",
    "symbol": "MTD",
    "reportedCurrency": "USD",
    "cik": "0001037646",
    "fillingDate": "1998-03-13",
    "acceptedDate": "1998-03-13 00:00:00",
    "calendarYear": "1997",
    "period": "Q4",
    "revenue": 244700000,
    "costOfRevenue": 134400000,
    "grossProfit": 110300000,
    "grossProfitRatio": 0.4507560278,
    "researchAndDevelopmentExpenses": 13100000,
    "generalAndAdministrativeExpenses": 70800000,
    "sellingAndMarketingExpenses": 13000000,
    "sellingGeneralAndAdministrativeExpenses": 83800000,
    "otherExpenses": 0,
    "operatingExpenses": 96900000,
    "costAndExpenses": 231300000,
    "interestIncome": 0,
    "interestExpense": 0,
    "depreciationAndAmortization": 9600000,
    "ebitda": -8700000,
    "ebitdaratio": -0.0355537393,
    "operatingIncome": 13400000,
    "operatingIncomeRatio": 0.0547609318,
    "totalOtherIncomeExpensesNet": 0,
    "incomeBeforeTax": 13400000,
    "incomeBeforeTaxRatio": 0.0547609318,
    "incomeTaxExpense": 10200000,
    "netIncome": -28500000,
    "netIncomeRatio": -0.1164691459,
    "eps": -0.79,
    "epsdiluted": -0.79,
    "weightedAverageShsOut": 36100000,
    "weightedAverageShsOutDil": 36100000,
    "link": "https://www.sec.gov/Archives/edgar/data/1037646/000089534598000141/0000895345-98-000141-index.html",
    "finalLink": "https://www.sec.gov/Archives/edgar/data/1037646/"
  },
  {
    "date": "1997-09-30",
    "symbol": "MTD",
    "reportedCurrency": "USD",
    "cik": "0001037646",
    "fillingDate": "1997-10-23",
    "acceptedDate": "1997-10-23 00:00:00",
    "calendarYear": "1997",
    "period": "Q3",
    "revenue": 215900000,
    "costOfRevenue": 121600000,
    "grossProfit": 94300000,
    "grossProfitRatio": 0.4367762853,
    "researchAndDevelopmentExpenses": 12100000,
    "generalAndAdministrativeExpenses": 63200000,
    "sellingAndMarketingExpenses": 16200000,
    "sellingGeneralAndAdministrativeExpenses": 79400000,
    "otherExpenses": 0,
    "operatingExpenses": 91500000,
    "costAndExpenses": 213100000,
    "interestIncome": 0,
    "interestExpense": 0,
    "depreciationAndAmortization": 8100000,
    "ebitda": 10800000,
    "ebitdaratio": 0.0500231589,
    "operatingIncome": 2800000,
    "operatingIncomeRatio": 0.0129689671,
    "totalOtherIncomeExpensesNet": 0,
    "incomeBeforeTax": 2800000,
    "incomeBeforeTaxRatio": 0.0129689671,
    "incomeTaxExpense": 3000000,
    "netIncome": -300000,
    "netIncomeRatio": -0.0013895322,
    "eps": -0.0098,
    "epsdiluted": -0.0098,
    "weightedAverageShsOut": 30700000,
    "weightedAverageShsOutDil": 30700000,
    "link": "https://www.sec.gov/Archives/edgar/data/1037646/000089534597000390/0000895345-97-000390-index.html",
    "finalLink": "https://www.sec.gov/Archives/edgar/data/1037646/"
  },
  {
    "date": "1997-06-30",
    "symbol": "MTD",
    "reportedCurrency": "USD",
    "cik": "0001037646",
    "fillingDate": "1997-08-14",
    "acceptedDate": "1997-08-14 00:00:00",
    "calendarYear": "1997",
    "period": "Q2",
    "revenue": 220400000,
    "costOfRevenue": 123400000,
    "grossProfit": 97000000,
    "grossProfitRatio": 0.4401088929,
    "researchAndDevelopmentExpenses": 11600000,
    "generalAndAdministrativeExpenses": 66200000,
    "sellingAndMarketingExpenses": 39300000,
    "sellingGeneralAndAdministrativeExpenses": 105500000,
    "otherExpenses": 0,
    "operatingExpenses": 117100000,
    "costAndExpenses": 240500000,
    "interestIncome": 0,
    "interestExpense": 0,
    "depreciationAndAmortization": 7100000,
    "ebitda": -22700000,
    "ebitdaratio": -0.1029945554,
    "operatingIncome": -20100000,
    "operatingIncomeRatio": -0.0911978221,
    "totalOtherIncomeExpensesNet": 0,
    "incomeBeforeTax": -20100000,
    "incomeBeforeTaxRatio": -0.0911978221,
    "incomeTaxExpense": 5400000,
    "netIncome": -35200000,
    "netIncomeRatio": -0.1597096189,
    "eps": -1.15,
    "epsdiluted": -1.15,
    "weightedAverageShsOut": 30700000,
    "weightedAverageShsOutDil": 30700000,
    "link": "https://www.sec.gov/Archives/edgar/data/1037646/000089534597000286/0000895345-97-000286-index.html",
    "finalLink": "https://www.sec.gov/Archives/edgar/data/1037646/"
  }
]