[
  {
    "date": "2025-08-28",
    "symbol": "MU",
    "reportedCurrency": "USD",
    "cik": "0000723125",
    "fillingDate": "2025-09-23",
    "acceptedDate": "2025-09-23 16:02:28",
    "calendarYear": "2025",
    "period": "Q4",
    "revenue": 11315000000,
    "costOfRevenue": 6261000000,
    "grossProfit": 5054000000,
    "grossProfitRatio": 0.4466637207,
    "researchAndDevelopmentExpenses": 1029000000,
    "generalAndAdministrativeExpenses": 0,
    "sellingAndMarketingExpenses": 0,
    "sellingGeneralAndAdministrativeExpenses": 314000000,
    "otherExpenses": -43000000,
    "operatingExpenses": 1300000000,
    "costAndExpenses": 7561000000,
    "interestIncome": 146000000,
    "interestExpense": 124000000,
    "depreciationAndAmortization": 2184000000,
    "ebitda": 6132000000,
    "ebitdaratio": 0.5419354839,
    "operatingIncome": 3754000000,
    "operatingIncomeRatio": 0.3317719841,
    "totalOtherIncomeExpensesNet": -117000000,
    "incomeBeforeTax": 3637000000,
    "incomeBeforeTaxRatio": 0.3214317278,
    "incomeTaxExpense": 429000000,
    "netIncome": 3201000000,
    "netIncomeRatio": 0.2828988069,
    "eps": 2.860000000000001,
    "epsdiluted": 2.83,
    "weightedAverageShsOut": 1116000000,
    "weightedAverageShsOutDil": 1125000000,
    "link": "https://www.sec.gov/Archives/edgar/data/723125/000072312525000024/0000723125-25-000024-index.htm",
    "finalLink": "https://www.sec.gov/Archives/edgar/data/723125/000072312525000024/a2025q4ex991-pressrelease.htm"
  },
  {
    "date": "2025-05-29",
    "symbol": "MU",
    "reportedCurrency": "USD",
    "cik": "0000723125",
    "fillingDate": "2025-06-26",
    "acceptedDate": "2025-06-25 18:50:42",
    "calendarYear": "2025",
    "period": "Q3",
    "revenue": 9301000000,
    "costOfRevenue": 5793000000,
    "grossProfit": 3508000000,
    "grossProfitRatio": 0.3771637458,
    "researchAndDevelopmentExpenses": 965000000,
    "generalAndAdministrativeExpenses": 0,
    "sellingAndMarketingExpenses": 0,
    "sellingGeneralAndAdministrativeExpenses": 318000000,
    "otherExpenses": 56000000,
    "operatingExpenses": 1339000000,
    "costAndExpenses": 7132000000,
    "interestIncome": 135000000,
    "interestExpense": 123000000,
    "depreciationAndAmortization": 2094000000,
    "ebitda": 4330000000,
    "ebitdaratio": 0.4655413396,
    "operatingIncome": 2169000000,
    "operatingIncomeRatio": 0.2332007311,
    "totalOtherIncomeExpensesNet": -56000000,
    "incomeBeforeTax": 2113000000,
    "incomeBeforeTaxRatio": 0.2271798731,
    "incomeTaxExpense": 235000000,
    "netIncome": 1885000000,
    "netIncomeRatio": 0.20266638,
    "eps": 1.69,
    "epsdiluted": 1.68,
    "weightedAverageShsOut": 1118000000,
    "weightedAverageShsOutDil": 1125000000,
    "link": "https://www.sec.gov/Archives/edgar/data/723125/000072312525000021/0000723125-25-000021-index.htm",
    "finalLink": "https://www.sec.gov/Archives/edgar/data/723125/000072312525000021/mu-20250529.htm"
  },
  {
    "date": "2025-02-27",
    "symbol": "MU",
    "reportedCurrency": "USD",
    "cik": "0000723125",
    "fillingDate": "2025-03-21",
    "acceptedDate": "2025-03-20 19:20:23",
    "calendarYear": "2025",
    "period": "Q2",
    "revenue": 8053000000,
    "costOfRevenue": 5090000000,
    "grossProfit": 2963000000,
    "grossProfitRatio": 0.3679374146,
    "researchAndDevelopmentExpenses": 898000000,
    "generalAndAdministrativeExpenses": 0,
    "sellingAndMarketingExpenses": 0,
    "sellingGeneralAndAdministrativeExpenses": 285000000,
    "otherExpenses": 7000000,
    "operatingExpenses": 1190000000,
    "costAndExpenses": 6280000000,
    "interestIncome": 108000000,
    "interestExpense": 112000000,
    "depreciationAndAmortization": 2044000000,
    "ebitda": 3817000000,
    "ebitdaratio": 0.4739848504,
    "operatingIncome": 1773000000,
    "operatingIncomeRatio": 0.2201663976,
    "totalOtherIncomeExpensesNet": -13000000,
    "incomeBeforeTax": 1760000000,
    "incomeBeforeTaxRatio": 0.2185520924,
    "incomeTaxExpense": 177000000,
    "netIncome": 1583000000,
    "netIncomeRatio": 0.1965727058,
    "eps": 1.42,
    "epsdiluted": 1.41,
    "weightedAverageShsOut": 1115000000,
    "weightedAverageShsOutDil": 1123000000,
    "link": "https://www.sec.gov/Archives/edgar/data/723125/000072312525000009/0000723125-25-000009-index.htm",
    "finalLink": "https://www.sec.gov/Archives/edgar/data/723125/000072312525000009/mu-20250227.htm"
  },
  {
    "date": "2024-11-28",
    "symbol": "MU",
    "reportedCurrency": "USD",
    "cik": "0000723125",
    "fillingDate": "2024-12-19",
    "acceptedDate": "2024-12-18 18:52:13",
    "calendarYear": "2025",
    "period": "Q1",
    "revenue": 8709000000,
    "costOfRevenue": 5361000000,
    "grossProfit": 3348000000,
    "grossProfitRatio": 0.3844299001,
    "researchAndDevelopmentExpenses": 906000000,
    "generalAndAdministrativeExpenses": 0,
    "sellingAndMarketingExpenses": 0,
    "sellingGeneralAndAdministrativeExpenses": 288000000,
    "otherExpenses": -20000000,
    "operatingExpenses": 1174000000,
    "costAndExpenses": 6535000000,
    "interestIncome": 107000000,
    "interestExpense": 118000000,
    "depreciationAndAmortization": 2030000000,
    "ebitda": 4204000000,
    "ebitdaratio": 0.4827190263,
    "operatingIncome": 2174000000,
    "operatingIncomeRatio": 0.2496268228,
    "totalOtherIncomeExpensesNet": -21000000,
    "incomeBeforeTax": 2153000000,
    "incomeBeforeTaxRatio": 0.2472155242,
    "incomeTaxExpense": 283000000,
    "netIncome": 1870000000,
    "netIncomeRatio": 0.2147204042,
    "eps": 1.68,
    "epsdiluted": 1.67,
    "weightedAverageShsOut": 1111000000,
    "weightedAverageShsOutDil": 1122000000,
    "link": "https://www.sec.gov/Archives/edgar/data/723125/000072312524000047/0000723125-24-000047-index.htm",
    "finalLink": "https://www.sec.gov/Archives/edgar/data/723125/000072312524000047/mu-20241128.htm"
  },
  {
    "date": "2024-08-29",
    "symbol": "MU",
    "reportedCurrency": "USD",
    "cik": "0000723125",
    "fillingDate": "2024-10-04",
    "acceptedDate": "2024-10-04 16:12:50",
    "calendarYear": "2024",
    "period": "Q4",
    "revenue": 7750000000,
    "costOfRevenue": 5013000000,
    "grossProfit": 2737000000,
    "grossProfitRatio": 0.3531612903,
    "researchAndDevelopmentExpenses": 903000000,
    "generalAndAdministrativeExpenses": 0,
    "sellingAndMarketingExpenses": 0,
    "sellingGeneralAndAdministrativeExpenses": 295000000,
    "otherExpenses": 17000000,
    "operatingExpenses": 1215000000,
    "costAndExpenses": 6228000000,
    "interestIncome": 131000000,
    "interestExpense": 136000000,
    "depreciationAndAmortization": 1904000000,
    "ebitda": 3431000000,
    "ebitdaratio": 0.4427096774,
    "operatingIncome": 1522000000,
    "operatingIncomeRatio": 0.1963870968,
    "totalOtherIncomeExpensesNet": -12000000,
    "incomeBeforeTax": 1510000000,
    "incomeBeforeTaxRatio": 0.1948387097,
    "incomeTaxExpense": 623000000,
    "netIncome": 887000000,
    "netIncomeRatio": 0.1144516129,
    "eps": 0.8,
    "epsdiluted": 0.79,
    "weightedAverageShsOut": 1108000000,
    "weightedAverageShsOutDil": 1125000000,
    "link": "https://www.sec.gov/Archives/edgar/data/723125/000072312524000027/0000723125-24-000027-index.htm",
    "finalLink": "https://www.sec.gov/Archives/edgar/data/723125/000072312524000027/mu-20240829.htm"
  },
  {
    "date": "2024-05-30",
    "symbol": "MU",
    "reportedCurrency": "USD",
    "cik": "0000723125",
    "fillingDate": "2024-06-27",
    "acceptedDate": "2024-06-27 13:19:29",
    "calendarYear": "2024",
    "period": "Q3",
    "revenue": 6811000000,
    "costOfRevenue": 4979000000,
    "grossProfit": 1832000000,
    "grossProfitRatio": 0.2689766554,
    "researchAndDevelopmentExpenses": 850000000,
    "generalAndAdministrativeExpenses": 0,
    "sellingAndMarketingExpenses": 0,
    "sellingGeneralAndAdministrativeExpenses": 291000000,
    "otherExpenses": -28000000,
    "operatingExpenses": 1113000000,
    "costAndExpenses": 6092000000,
    "interestIncome": 136000000,
    "interestExpense": 150000000,
    "depreciationAndAmortization": 1955000000,
    "ebitda": 2636000000,
    "ebitdaratio": 0.3870209954,
    "operatingIncome": 719000000,
    "operatingIncomeRatio": 0.105564528,
    "totalOtherIncomeExpensesNet": -10000000,
    "incomeBeforeTax": 709000000,
    "incomeBeforeTaxRatio": 0.1040963148,
    "incomeTaxExpense": 377000000,
    "netIncome": 332000000,
    "netIncomeRatio": 0.0487446777,
    "eps": 0.3,
    "epsdiluted": 0.3,
    "weightedAverageShsOut": 1107000000,
    "weightedAverageShsOutDil": 1123000000,
    "link": "https://www.sec.gov/Archives/edgar/data/723125/000072312524000019/0000723125-24-000019-index.htm",
    "finalLink": "https://www.sec.gov/Archives/edgar/data/723125/000072312524000019/mu-20240530.htm"
  },
  {
    "date": "2024-02-29",
    "symbol": "MU",
    "reportedCurrency": "USD",
    "cik": "0000723125",
    "fillingDate": "2024-03-21",
    "acceptedDate": "2024-03-21 13:17:48",
    "calendarYear": "2024",
    "period": "Q2",
    "revenue": 5824000000,
    "costOfRevenue": 4745000000,
    "grossProfit": 1079000000,
    "grossProfitRatio": 0.1852678571,
    "researchAndDevelopmentExpenses": 832000000,
    "generalAndAdministrativeExpenses": 52000000,
    "sellingAndMarketingExpenses": 228000000,
    "sellingGeneralAndAdministrativeExpenses": 280000000,
    "otherExpenses": -224000000,
    "operatingExpenses": 888000000,
    "costAndExpenses": 5633000000,
    "interestIncome": 130000000,
    "interestExpense": 144000000,
    "depreciationAndAmortization": 1883000000,
    "ebitda": 2074000000,
    "ebitdaratio": 0.3561126374,
    "operatingIncome": 191000000,
    "operatingIncomeRatio": 0.0327953297,
    "totalOtherIncomeExpensesNet": -20000000,
    "incomeBeforeTax": 171000000,
    "incomeBeforeTaxRatio": 0.0293612637,
    "incomeTaxExpense": -622000000,
    "netIncome": 793000000,
    "netIncomeRatio": 0.1361607143,
    "eps": 0.72,
    "epsdiluted": 0.71,
    "weightedAverageShsOut": 1104000000,
    "weightedAverageShsOutDil": 1114000000,
    "link": "https://www.sec.gov/Archives/edgar/data/723125/000072312524000007/0000723125-24-000007-index.htm",
    "finalLink": "https://www.sec.gov/Archives/edgar/data/723125/000072312524000007/mu-20240229.htm"
  },
  {
    "date": "2023-11-30",
    "symbol": "MU",
    "reportedCurrency": "USD",
    "cik": "0000723125",
    "fillingDate": "2023-12-21",
    "acceptedDate": "2023-12-21 13:05:34",
    "calendarYear": "2024",
    "period": "Q1",
    "revenue": 4726000000,
    "costOfRevenue": 4761000000,
    "grossProfit": -35000000,
    "grossProfitRatio": -0.00740584,
    "researchAndDevelopmentExpenses": 865000000,
    "generalAndAdministrativeExpenses": 0,
    "sellingAndMarketingExpenses": 0,
    "sellingGeneralAndAdministrativeExpenses": 263000000,
    "otherExpenses": -35000000,
    "operatingExpenses": 1093000000,
    "costAndExpenses": 5854000000,
    "interestIncome": 132000000,
    "interestExpense": 132000000,
    "depreciationAndAmortization": 1915000000,
    "ebitda": 787000000,
    "ebitdaratio": 0.166525603,
    "operatingIncome": -1128000000,
    "operatingIncomeRatio": -0.2386796445,
    "totalOtherIncomeExpensesNet": -33000000,
    "incomeBeforeTax": -1161000000,
    "incomeBeforeTaxRatio": -0.2456622937,
    "incomeTaxExpense": 73000000,
    "netIncome": -1234000000,
    "netIncomeRatio": -0.2611087601,
    "eps": -1.12,
    "epsdiluted": -1.12,
    "weightedAverageShsOut": 1100000000,
    "weightedAverageShsOutDil": 1100000000,
    "link": "https://www.sec.gov/Archives/edgar/data/723125/000072312523000077/0000723125-23-000077-index.htm",
    "finalLink": "https://www.sec.gov/Archives/edgar/data/723125/000072312523000077/mu-20231130.htm"
  },
  {
    "date": "2023-08-31",
    "symbol": "MU",
    "reportedCurrency": "USD",
    "cik": "0000723125",
    "fillingDate": "2023-10-06",
    "acceptedDate": "2023-10-06 16:01:37",
    "calendarYear": "2023",
    "period": "Q4",
    "revenue": 4010000000,
    "costOfRevenue": 4445000000,
    "grossProfit": -435000000,
    "grossProfitRatio": -0.108478803,
    "researchAndDevelopmentExpenses": 719000000,
    "generalAndAdministrativeExpenses": 0,
    "sellingAndMarketingExpenses": 0,
    "sellingGeneralAndAdministrativeExpenses": 219000000,
    "otherExpenses": 99000000,
    "operatingExpenses": 1037000000,
    "costAndExpenses": 5482000000,
    "interestIncome": 134000000,
    "interestExpense": 129000000,
    "depreciationAndAmortization": 1851000000,
    "ebitda": 476000000,
    "ebitdaratio": 0.1187032419,
    "operatingIncome": -1472000000,
    "operatingIncomeRatio": -0.3670822943,
    "totalOtherIncomeExpensesNet": 18000000,
    "incomeBeforeTax": -1454000000,
    "incomeBeforeTaxRatio": -0.3625935162,
    "incomeTaxExpense": -24000000,
    "netIncome": -1430000000,
    "netIncomeRatio": -0.3566084788,
    "eps": -1.31,
    "epsdiluted": -1.31,
    "weightedAverageShsOut": 1095000000,
    "weightedAverageShsOutDil": 1095000000,
    "link": "https://www.sec.gov/Archives/edgar/data/723125/000072312523000054/0000723125-23-000054-index.htm",
    "finalLink": "https://www.sec.gov/Archives/edgar/data/723125/000072312523000054/mu-20230831.htm"
  },
  {
    "date": "2023-06-01",
    "symbol": "MU",
    "reportedCurrency": "USD",
    "cik": "0000723125",
    "fillingDate": "2023-06-29",
    "acceptedDate": "2023-06-29 15:34:20",
    "calendarYear": "2023",
    "period": "Q3",
    "revenue": 3752000000,
    "costOfRevenue": 4420000000,
    "grossProfit": -668000000,
    "grossProfitRatio": -0.1780383795,
    "researchAndDevelopmentExpenses": 758000000,
    "generalAndAdministrativeExpenses": 0,
    "sellingAndMarketingExpenses": 0,
    "sellingGeneralAndAdministrativeExpenses": 219000000,
    "otherExpenses": 116000000,
    "operatingExpenses": 1093000000,
    "costAndExpenses": 5513000000,
    "interestIncome": 127000000,
    "interestExpense": 119000000,
    "depreciationAndAmortization": 1956000000,
    "ebitda": 307000000,
    "ebitdaratio": 0.0818230277,
    "operatingIncome": -1761000000,
    "operatingIncomeRatio": -0.4693496802,
    "totalOtherIncomeExpensesNet": 4000000,
    "incomeBeforeTax": -1757000000,
    "incomeBeforeTaxRatio": -0.4682835821,
    "incomeTaxExpense": 139000000,
    "netIncome": -1896000000,
    "netIncomeRatio": -0.5053304904,
    "eps": -1.73,
    "epsdiluted": -1.73,
    "weightedAverageShsOut": 1094000000,
    "weightedAverageShsOutDil": 1094000000,
    "link": "https://www.sec.gov/Archives/edgar/data/723125/000072312523000041/0000723125-23-000041-index.htm",
    "finalLink": "https://www.sec.gov/Archives/edgar/data/723125/000072312523000041/mu-20230601.htm"
  },
  {
    "date": "2023-03-02",
    "symbol": "MU",
    "reportedCurrency": "USD",
    "cik": "0000723125",
    "fillingDate": "2023-03-29",
    "acceptedDate": "2023-03-29 16:48:21",
    "calendarYear": "2023",
    "period": "Q2",
    "revenue": 3693000000,
    "costOfRevenue": 4899000000,
    "grossProfit": -1206000000,
    "grossProfitRatio": -0.3265637693,
    "researchAndDevelopmentExpenses": 788000000,
    "generalAndAdministrativeExpenses": 36000000,
    "sellingAndMarketingExpenses": 195000000,
    "sellingGeneralAndAdministrativeExpenses": 231000000,
    "otherExpenses": 78000000,
    "operatingExpenses": 1097000000,
    "costAndExpenses": 5996000000,
    "interestIncome": 119000000,
    "interestExpense": 89000000,
    "depreciationAndAmortization": 1942000000,
    "ebitda": -275000000,
    "ebitdaratio": -0.0744652044,
    "operatingIncome": -2303000000,
    "operatingIncomeRatio": -0.6236122394,
    "totalOtherIncomeExpensesNet": 45000000,
    "incomeBeforeTax": -2258000000,
    "incomeBeforeTaxRatio": -0.6114270241,
    "incomeTaxExpense": 54000000,
    "netIncome": -2312000000,
    "netIncomeRatio": -0.6260492824,
    "eps": -2.13,
    "epsdiluted": -2.13,
    "weightedAverageShsOut": 1091000000,
    "weightedAverageShsOutDil": 1091000000,
    "link": "https://www.sec.gov/Archives/edgar/data/723125/000072312523000022/0000723125-23-000022-index.htm",
    "finalLink": "https://www.sec.gov/Archives/edgar/data/723125/000072312523000022/mu-20230302.htm"
  },
  {
    "date": "2022-12-01",
    "symbol": "MU",
    "reportedCurrency": "USD",
    "cik": "0000723125",
    "fillingDate": "2022-12-22",
    "acceptedDate": "2022-12-22 12:38:24",
    "calendarYear": "2023",
    "period": "Q1",
    "revenue": 4085000000,
    "costOfRevenue": 3192000000,
    "grossProfit": 893000000,
    "grossProfitRatio": 0.2186046512,
    "researchAndDevelopmentExpenses": 872000000,
    "generalAndAdministrativeExpenses": 0,
    "sellingAndMarketingExpenses": 0,
    "sellingGeneralAndAdministrativeExpenses": 251000000,
    "otherExpenses": -21000000,
    "operatingExpenses": 1102000000,
    "costAndExpenses": 4294000000,
    "interestIncome": 88000000,
    "interestExpense": 51000000,
    "depreciationAndAmortization": 1921000000,
    "ebitda": 1725000000,
    "ebitdaratio": 0.4222766218,
    "operatingIncome": -209000000,
    "operatingIncomeRatio": -0.0511627907,
    "totalOtherIncomeExpensesNet": 22000000,
    "incomeBeforeTax": -187000000,
    "incomeBeforeTaxRatio": -0.0457772338,
    "incomeTaxExpense": 8000000,
    "netIncome": -195000000,
    "netIncomeRatio": -0.0477356181,
    "eps": -0.17,
    "epsdiluted": -0.17,
    "weightedAverageShsOut": 1090000000,
    "weightedAverageShsOutDil": 1090000000,
    "link": "https://www.sec.gov/Archives/edgar/data/723125/000072312522000072/0000723125-22-000072-index.htm",
    "finalLink": "https://www.sec.gov/Archives/edgar/data/723125/000072312522000072/mu-20221201.htm"
  },
  {
    "date": "2022-09-01",
    "symbol": "MU",
    "reportedCurrency": "USD",
    "cik": "0000723125",
    "fillingDate": "2022-10-07",
    "acceptedDate": "2022-10-07 14:57:09",
    "calendarYear": "2022",
    "period": "Q4",
    "revenue": 6643000000,
    "costOfRevenue": 4021000000,
    "grossProfit": 2622000000,
    "grossProfitRatio": 0.3947011892,
    "researchAndDevelopmentExpenses": 839000000,
    "generalAndAdministrativeExpenses": 0,
    "sellingAndMarketingExpenses": 0,
    "sellingGeneralAndAdministrativeExpenses": 280000000,
    "otherExpenses": -18000000,
    "operatingExpenses": 1101000000,
    "costAndExpenses": 5122000000,
    "interestIncome": 54000000,
    "interestExpense": 45000000,
    "depreciationAndAmortization": 1797000000,
    "ebitda": 3298000000,
    "ebitdaratio": 0.4964624417,
    "operatingIncome": 1521000000,
    "operatingIncomeRatio": 0.228962818,
    "totalOtherIncomeExpensesNet": 27000000,
    "incomeBeforeTax": 1548000000,
    "incomeBeforeTaxRatio": 0.2330272467,
    "incomeTaxExpense": 56000000,
    "netIncome": 1492000000,
    "netIncomeRatio": 0.2245973205,
    "eps": 1.36,
    "epsdiluted": 1.35,
    "weightedAverageShsOut": 1097000000,
    "weightedAverageShsOutDil": 1106000000,
    "link": "https://www.sec.gov/Archives/edgar/data/723125/000072312522000048/0000723125-22-000048-index.htm",
    "finalLink": "https://www.sec.gov/Archives/edgar/data/723125/000072312522000048/mu-20220901.htm"
  },
  {
    "date": "2022-06-02",
    "symbol": "MU",
    "reportedCurrency": "USD",
    "cik": "0000723125",
    "fillingDate": "2022-07-01",
    "acceptedDate": "2022-06-30 17:47:52",
    "calendarYear": "2022",
    "period": "Q3",
    "revenue": 8642000000,
    "costOfRevenue": 4607000000,
    "grossProfit": 4035000000,
    "grossProfitRatio": 0.4669058088,
    "researchAndDevelopmentExpenses": 773000000,
    "generalAndAdministrativeExpenses": 0,
    "sellingAndMarketingExpenses": 0,
    "sellingGeneralAndAdministrativeExpenses": 264000000,
    "otherExpenses": -6000000,
    "operatingExpenses": 1031000000,
    "costAndExpenses": 5638000000,
    "interestIncome": 20000000,
    "interestExpense": 44000000,
    "depreciationAndAmortization": 1821000000,
    "ebitda": 4820000000,
    "ebitdaratio": 0.5577412636,
    "operatingIncome": 3004000000,
    "operatingIncomeRatio": 0.3476047211,
    "totalOtherIncomeExpensesNet": -20000000,
    "incomeBeforeTax": 2984000000,
    "incomeBeforeTaxRatio": 0.345290442,
    "incomeTaxExpense": 358000000,
    "netIncome": 2626000000,
    "netIncomeRatio": 0.3038648461,
    "eps": 2.36,
    "epsdiluted": 2.34,
    "weightedAverageShsOut": 1112000000,
    "weightedAverageShsOutDil": 1121000000,
    "link": "https://www.sec.gov/Archives/edgar/data/723125/000072312522000036/0000723125-22-000036-index.htm",
    "finalLink": "https://www.sec.gov/Archives/edgar/data/723125/000072312522000036/mu-20220602.htm"
  },
  {
    "date": "2022-03-03",
    "symbol": "MU",
    "reportedCurrency": "USD",
    "cik": "0000723125",
    "fillingDate": "2022-03-30",
    "acceptedDate": "2022-03-30 15:47:32",
    "calendarYear": "2022",
    "period": "Q2",
    "revenue": 7786000000,
    "costOfRevenue": 4110000000,
    "grossProfit": 3676000000,
    "grossProfitRatio": 0.4721294631,
    "researchAndDevelopmentExpenses": 792000000,
    "generalAndAdministrativeExpenses": 0,
    "sellingAndMarketingExpenses": 0,
    "sellingGeneralAndAdministrativeExpenses": 263000000,
    "otherExpenses": 75000000,
    "operatingExpenses": 1130000000,
    "costAndExpenses": 5240000000,
    "interestIncome": 12000000,
    "interestExpense": 55000000,
    "depreciationAndAmortization": 1742000000,
    "ebitda": 4293000000,
    "ebitdaratio": 0.5513742615,
    "operatingIncome": 2546000000,
    "operatingIncomeRatio": 0.3269971744,
    "totalOtherIncomeExpensesNet": -28000000,
    "incomeBeforeTax": 2518000000,
    "incomeBeforeTaxRatio": 0.3234009761,
    "incomeTaxExpense": 255000000,
    "netIncome": 2263000000,
    "netIncomeRatio": 0.2906498844,
    "eps": 2,
    "epsdiluted": 2,
    "weightedAverageShsOut": 1119000000,
    "weightedAverageShsOutDil": 1130000000,
    "link": "https://www.sec.gov/Archives/edgar/data/723125/000072312522000016/0000723125-22-000016-index.htm",
    "finalLink": "https://www.sec.gov/Archives/edgar/data/723125/000072312522000016/mu-20220303.htm"
  },
  {
    "date": "2021-12-02",
    "symbol": "MU",
    "reportedCurrency": "USD",
    "cik": "0000723125",
    "fillingDate": "2022-01-06",
    "acceptedDate": "2022-01-06 15:27:43",
    "calendarYear": "2022",
    "period": "Q1",
    "revenue": 7687000000,
    "costOfRevenue": 4122000000,
    "grossProfit": 3565000000,
    "grossProfitRatio": 0.4637700013,
    "researchAndDevelopmentExpenses": 732000000,
    "generalAndAdministrativeExpenses": 0,
    "sellingAndMarketingExpenses": 0,
    "sellingGeneralAndAdministrativeExpenses": 254000000,
    "otherExpenses": -52000000,
    "operatingExpenses": 934000000,
    "costAndExpenses": 5056000000,
    "interestIncome": 10000000,
    "interestExpense": 45000000,
    "depreciationAndAmortization": 1671000000,
    "ebitda": 4345000000,
    "ebitdaratio": 0.5652400156,
    "operatingIncome": 2631000000,
    "operatingIncomeRatio": 0.3422661637,
    "totalOtherIncomeExpensesNet": -106000000,
    "incomeBeforeTax": 2525000000,
    "incomeBeforeTaxRatio": 0.3284766489,
    "incomeTaxExpense": 219000000,
    "netIncome": 2306000000,
    "netIncomeRatio": 0.299986991,
    "eps": 2.06,
    "epsdiluted": 2.04,
    "weightedAverageShsOut": 1119000000,
    "weightedAverageShsOutDil": 1130000000,
    "link": "https://www.sec.gov/Archives/edgar/data/723125/000072312522000004/0000723125-22-000004-index.htm",
    "finalLink": "https://www.sec.gov/Archives/edgar/data/723125/000072312522000004/mu-20211202.htm"
  },
  {
    "date": "2021-09-02",
    "symbol": "MU",
    "reportedCurrency": "USD",
    "cik": "0000723125",
    "fillingDate": "2021-10-08",
    "acceptedDate": "2021-10-08 13:23:24",
    "calendarYear": "2021",
    "period": "Q4",
    "revenue": 8274000000,
    "costOfRevenue": 4362000000,
    "grossProfit": 3912000000,
    "grossProfitRatio": 0.4728063814,
    "researchAndDevelopmentExpenses": 705000000,
    "generalAndAdministrativeExpenses": 0,
    "sellingAndMarketingExpenses": 0,
    "sellingGeneralAndAdministrativeExpenses": 236000000,
    "otherExpenses": 16000000,
    "operatingExpenses": 957000000,
    "costAndExpenses": 5319000000,
    "interestIncome": 9000000,
    "interestExpense": 47000000,
    "depreciationAndAmortization": 1621000000,
    "ebitda": 4574000000,
    "ebitdaratio": 0.5528160503,
    "operatingIncome": 2955000000,
    "operatingIncomeRatio": 0.3571428571,
    "totalOtherIncomeExpensesNet": -5000000,
    "incomeBeforeTax": 2950000000,
    "incomeBeforeTaxRatio": 0.3565385545,
    "incomeTaxExpense": 230000000,
    "netIncome": 2720000000,
    "netIncomeRatio": 0.3287406333,
    "eps": 2.42,
    "epsdiluted": 2.39,
    "weightedAverageShsOut": 1123000000,
    "weightedAverageShsOutDil": 1138000000,
    "link": "https://www.sec.gov/Archives/edgar/data/723125/000072312521000065/0000723125-21-000065-index.htm",
    "finalLink": "https://www.sec.gov/Archives/edgar/data/723125/000072312521000065/mu-20210902.htm"
  },
  {
    "date": "2021-06-03",
    "symbol": "MU",
    "reportedCurrency": "USD",
    "cik": "0000723125",
    "fillingDate": "2021-07-01",
    "acceptedDate": "2021-07-01 14:04:20",
    "calendarYear": "2021",
    "period": "Q3",
    "revenue": 7422000000,
    "costOfRevenue": 4296000000,
    "grossProfit": 3126000000,
    "grossProfitRatio": 0.4211802749,
    "researchAndDevelopmentExpenses": 670000000,
    "generalAndAdministrativeExpenses": 0,
    "sellingAndMarketingExpenses": 0,
    "sellingGeneralAndAdministrativeExpenses": 230000000,
    "otherExpenses": 427000000,
    "operatingExpenses": 1327000000,
    "costAndExpenses": 5623000000,
    "interestIncome": 8000000,
    "interestExpense": 46000000,
    "depreciationAndAmortization": 1557000000,
    "ebitda": 3809000000,
    "ebitdaratio": 0.5132039881,
    "operatingIncome": 1799000000,
    "operatingIncomeRatio": 0.2423874966,
    "totalOtherIncomeExpensesNet": 1000000,
    "incomeBeforeTax": 1800000000,
    "incomeBeforeTaxRatio": 0.2425222312,
    "incomeTaxExpense": 65000000,
    "netIncome": 1735000000,
    "netIncomeRatio": 0.233764484,
    "eps": 1.55,
    "epsdiluted": 1.52,
    "weightedAverageShsOut": 1121000000,
    "weightedAverageShsOutDil": 1145000000,
    "link": "https://www.sec.gov/Archives/edgar/data/723125/000072312521000052/0000723125-21-000052-index.htm",
    "finalLink": "https://www.sec.gov/Archives/edgar/data/723125/000072312521000052/mu-20210603.htm"
  },
  {
    "date": "2021-03-04",
    "symbol": "MU",
    "reportedCurrency": "USD",
    "cik": "0000723125",
    "fillingDate": "2021-04-01",
    "acceptedDate": "2021-04-01 13:49:08",
    "calendarYear": "2021",
    "period": "Q2",
    "revenue": 6236000000,
    "costOfRevenue": 4587000000,
    "grossProfit": 1649000000,
    "grossProfitRatio": 0.2644323284,
    "researchAndDevelopmentExpenses": 641000000,
    "generalAndAdministrativeExpenses": 0,
    "sellingAndMarketingExpenses": 0,
    "sellingGeneralAndAdministrativeExpenses": 214000000,
    "otherExpenses": 131000000,
    "operatingExpenses": 986000000,
    "costAndExpenses": 5573000000,
    "interestIncome": 10000000,
    "interestExpense": 42000000,
    "depreciationAndAmortization": 1549000000,
    "ebitda": 2217000000,
    "ebitdaratio": 0.3555163566,
    "operatingIncome": 663000000,
    "operatingIncomeRatio": 0.1063181527,
    "totalOtherIncomeExpensesNet": -12000000,
    "incomeBeforeTax": 651000000,
    "incomeBeforeTaxRatio": 0.1043938422,
    "incomeTaxExpense": 48000000,
    "netIncome": 603000000,
    "netIncomeRatio": 0.0966966004,
    "eps": 0.54,
    "epsdiluted": 0.53,
    "weightedAverageShsOut": 1120000000,
    "weightedAverageShsOutDil": 1144000000,
    "link": "https://www.sec.gov/Archives/edgar/data/723125/000072312521000032/0000723125-21-000032-index.htm",
    "finalLink": "https://www.sec.gov/Archives/edgar/data/723125/000072312521000032/mu-20210304.htm"
  },
  {
    "date": "2020-12-03",
    "symbol": "MU",
    "reportedCurrency": "USD",
    "cik": "0000723125",
    "fillingDate": "2021-01-08",
    "acceptedDate": "2021-01-08 12:49:12",
    "calendarYear": "2021",
    "period": "Q1",
    "revenue": 5773000000,
    "costOfRevenue": 4037000000,
    "grossProfit": 1736000000,
    "grossProfitRatio": 0.3007102027,
    "researchAndDevelopmentExpenses": 667000000,
    "generalAndAdministrativeExpenses": 0,
    "sellingAndMarketingExpenses": 0,
    "sellingGeneralAndAdministrativeExpenses": 214000000,
    "otherExpenses": -11000000,
    "operatingExpenses": 870000000,
    "costAndExpenses": 4907000000,
    "interestIncome": 10000000,
    "interestExpense": 48000000,
    "depreciationAndAmortization": 1487000000,
    "ebitda": 2361000000,
    "ebitdaratio": 0.4089728044,
    "operatingIncome": 866000000,
    "operatingIncomeRatio": 0.150008661,
    "totalOtherIncomeExpensesNet": -12000000,
    "incomeBeforeTax": 854000000,
    "incomeBeforeTaxRatio": 0.1479300191,
    "incomeTaxExpense": 51000000,
    "netIncome": 803000000,
    "netIncomeRatio": 0.1390957908,
    "eps": 0.72,
    "epsdiluted": 0.71,
    "weightedAverageShsOut": 1115000000,
    "weightedAverageShsOutDil": 1135000000,
    "link": "https://www.sec.gov/Archives/edgar/data/723125/000072312521000012/0000723125-21-000012-index.htm",
    "finalLink": "https://www.sec.gov/Archives/edgar/data/723125/000072312521000012/mu-20201203.htm"
  },
  {
    "date": "2020-09-03",
    "symbol": "MU",
    "reportedCurrency": "USD",
    "cik": "0000723125",
    "fillingDate": "2020-10-19",
    "acceptedDate": "2020-10-19 14:36:42",
    "calendarYear": "2020",
    "period": "Q4",
    "revenue": 6056000000,
    "costOfRevenue": 3988000000,
    "grossProfit": 2068000000,
    "grossProfitRatio": 0.3414795244,
    "researchAndDevelopmentExpenses": 630000000,
    "generalAndAdministrativeExpenses": 0,
    "sellingAndMarketingExpenses": 0,
    "sellingGeneralAndAdministrativeExpenses": 231000000,
    "otherExpenses": 50000000,
    "operatingExpenses": 911000000,
    "costAndExpenses": 4899000000,
    "interestIncome": 13000000,
    "interestExpense": 50000000,
    "depreciationAndAmortization": 1567000000,
    "ebitda": 2771000000,
    "ebitdaratio": 0.4575627477,
    "operatingIncome": 1157000000,
    "operatingIncomeRatio": 0.1910501982,
    "totalOtherIncomeExpensesNet": -31000000,
    "incomeBeforeTax": 1126000000,
    "incomeBeforeTaxRatio": 0.1859313078,
    "incomeTaxExpense": 136000000,
    "netIncome": 988000000,
    "netIncomeRatio": 0.1631439894,
    "eps": 0.89,
    "epsdiluted": 0.87,
    "weightedAverageShsOut": 1111000000,
    "weightedAverageShsOutDil": 1131000000,
    "link": "https://www.sec.gov/Archives/edgar/data/723125/000072312520000082/0000723125-20-000082-index.htm",
    "finalLink": "https://www.sec.gov/Archives/edgar/data/723125/000072312520000082/mu-20200903.htm"
  },
  {
    "date": "2020-05-28",
    "symbol": "MU",
    "reportedCurrency": "USD",
    "cik": "0000723125",
    "fillingDate": "2020-06-29",
    "acceptedDate": "2020-06-30 12:12:44",
    "calendarYear": "2020",
    "period": "Q3",
    "revenue": 5438000000,
    "costOfRevenue": 3675000000,
    "grossProfit": 1763000000,
    "grossProfitRatio": 0.3242000736,
    "researchAndDevelopmentExpenses": 649000000,
    "generalAndAdministrativeExpenses": 0,
    "sellingAndMarketingExpenses": 0,
    "sellingGeneralAndAdministrativeExpenses": 216000000,
    "otherExpenses": 10000000,
    "operatingExpenses": 875000000,
    "costAndExpenses": 4550000000,
    "interestIncome": 23000000,
    "interestExpense": 51000000,
    "depreciationAndAmortization": 1422000000,
    "ebitda": 2314000000,
    "ebitdaratio": 0.4255240897,
    "operatingIncome": 888000000,
    "operatingIncomeRatio": 0.1632953292,
    "totalOtherIncomeExpensesNet": -15000000,
    "incomeBeforeTax": 873000000,
    "incomeBeforeTaxRatio": 0.1605369621,
    "incomeTaxExpense": 68000000,
    "netIncome": 803000000,
    "netIncomeRatio": 0.1476645826,
    "eps": 0.72,
    "epsdiluted": 0.71,
    "weightedAverageShsOut": 1111000000,
    "weightedAverageShsOutDil": 1129000000,
    "link": "https://www.sec.gov/Archives/edgar/data/723125/000072312520000067/0000723125-20-000067-index.htm",
    "finalLink": "https://www.sec.gov/Archives/edgar/data/723125/000072312520000067/mu-20200528.htm"
  },
  {
    "date": "2020-02-27",
    "symbol": "MU",
    "reportedCurrency": "USD",
    "cik": "0000723125",
    "fillingDate": "2020-03-26",
    "acceptedDate": "2020-03-26 13:52:52",
    "calendarYear": "2020",
    "period": "Q2",
    "revenue": 4797000000,
    "costOfRevenue": 3442000000,
    "grossProfit": 1355000000,
    "grossProfitRatio": 0.2824682093,
    "researchAndDevelopmentExpenses": 681000000,
    "generalAndAdministrativeExpenses": 0,
    "sellingAndMarketingExpenses": 0,
    "sellingGeneralAndAdministrativeExpenses": 223000000,
    "otherExpenses": 11000000,
    "operatingExpenses": 915000000,
    "costAndExpenses": 4357000000,
    "interestIncome": 34000000,
    "interestExpense": 46000000,
    "depreciationAndAmortization": 1365000000,
    "ebitda": 1805000000,
    "ebitdaratio": 0.3762768397,
    "operatingIncome": 440000000,
    "operatingIncomeRatio": 0.0917239942,
    "totalOtherIncomeExpensesNet": -12000000,
    "incomeBeforeTax": 428000000,
    "incomeBeforeTaxRatio": 0.0892224307,
    "incomeTaxExpense": 21000000,
    "netIncome": 405000000,
    "netIncomeRatio": 0.0844277674,
    "eps": 0.37,
    "epsdiluted": 0.36,
    "weightedAverageShsOut": 1111000000,
    "weightedAverageShsOutDil": 1133000000,
    "link": "https://www.sec.gov/Archives/edgar/data/723125/000072312520000034/0000723125-20-000034-index.htm",
    "finalLink": "https://www.sec.gov/Archives/edgar/data/723125/000072312520000034/mu-20200227.htm"
  },
  {
    "date": "2019-11-28",
    "symbol": "MU",
    "reportedCurrency": "USD",
    "cik": "0000723125",
    "fillingDate": "2019-12-20",
    "acceptedDate": "2019-12-20 12:21:53",
    "calendarYear": "2020",
    "period": "Q1",
    "revenue": 5144000000,
    "costOfRevenue": 3778000000,
    "grossProfit": 1366000000,
    "grossProfitRatio": 0.2655520995,
    "researchAndDevelopmentExpenses": 640000000,
    "generalAndAdministrativeExpenses": 0,
    "sellingAndMarketingExpenses": 0,
    "sellingGeneralAndAdministrativeExpenses": 211000000,
    "otherExpenses": -3000000,
    "operatingExpenses": 848000000,
    "costAndExpenses": 4626000000,
    "interestIncome": 44000000,
    "interestExpense": 47000000,
    "depreciationAndAmortization": 1296000000,
    "ebitda": 1814000000,
    "ebitdaratio": 0.3526438569,
    "operatingIncome": 518000000,
    "operatingIncomeRatio": 0.1006998445,
    "totalOtherIncomeExpensesNet": 45000000,
    "incomeBeforeTax": 563000000,
    "incomeBeforeTaxRatio": 0.1094479005,
    "incomeTaxExpense": 55000000,
    "netIncome": 491000000,
    "netIncomeRatio": 0.0954510109,
    "eps": 0.44,
    "epsdiluted": 0.43,
    "weightedAverageShsOut": 1107000000,
    "weightedAverageShsOutDil": 1129000000,
    "link": "https://www.sec.gov/Archives/edgar/data/723125/000072312519000174/0000723125-19-000174-index.htm",
    "finalLink": "https://www.sec.gov/Archives/edgar/data/723125/000072312519000174/mu-20191128.htm"
  },
  {
    "date": "2019-08-29",
    "symbol": "MU",
    "reportedCurrency": "USD",
    "cik": "0000723125",
    "fillingDate": "2019-10-17",
    "acceptedDate": "2019-10-17 14:44:04",
    "calendarYear": "2019",
    "period": "Q4",
    "revenue": 4870000000,
    "costOfRevenue": 3475000000,
    "grossProfit": 1395000000,
    "grossProfitRatio": 0.2864476386,
    "researchAndDevelopmentExpenses": 624000000,
    "generalAndAdministrativeExpenses": 0,
    "sellingAndMarketingExpenses": 0,
    "sellingGeneralAndAdministrativeExpenses": 212000000,
    "otherExpenses": -91000000,
    "operatingExpenses": 745000000,
    "costAndExpenses": 4220000000,
    "interestIncome": 57000000,
    "interestExpense": 39000000,
    "depreciationAndAmortization": 1416000000,
    "ebitda": 1987000000,
    "ebitdaratio": 0.4080082136,
    "operatingIncome": 650000000,
    "operatingIncomeRatio": 0.1334702259,
    "totalOtherIncomeExpensesNet": 7000000,
    "incomeBeforeTax": 657000000,
    "incomeBeforeTaxRatio": 0.1349075975,
    "incomeTaxExpense": 71000000,
    "netIncome": 561000000,
    "netIncomeRatio": 0.1151950719,
    "eps": 0.51,
    "epsdiluted": 0.49,
    "weightedAverageShsOut": 1104000000,
    "weightedAverageShsOutDil": 1128000000,
    "link": "https://www.sec.gov/Archives/edgar/data/723125/000072312519000094/0000723125-19-000094-index.htm",
    "finalLink": "https://www.sec.gov/Archives/edgar/data/723125/000072312519000094/a2019q4.htm"
  },
  {
    "date": "2019-05-30",
    "symbol": "MU",
    "reportedCurrency": "USD",
    "cik": "0000723125",
    "fillingDate": "2019-06-26",
    "acceptedDate": "2019-06-26 16:00:55",
    "calendarYear": "2019",
    "period": "Q3",
    "revenue": 4788000000,
    "costOfRevenue": 2960000000,
    "grossProfit": 1828000000,
    "grossProfitRatio": 0.3817878028,
    "researchAndDevelopmentExpenses": 612000000,
    "generalAndAdministrativeExpenses": 0,
    "sellingAndMarketingExpenses": 0,
    "sellingGeneralAndAdministrativeExpenses": 206000000,
    "otherExpenses": 0,
    "operatingExpenses": 818000000,
    "costAndExpenses": 3778000000,
    "interestIncome": 52000000,
    "interestExpense": 29000000,
    "depreciationAndAmortization": 1360000000,
    "ebitda": 2379000000,
    "ebitdaratio": 0.4968671679,
    "operatingIncome": 1010000000,
    "operatingIncomeRatio": 0.2109440267,
    "totalOtherIncomeExpensesNet": -294000000,
    "incomeBeforeTax": 716000000,
    "incomeBeforeTaxRatio": 0.149540518,
    "incomeTaxExpense": -135000000,
    "netIncome": 840000000,
    "netIncomeRatio": 0.1754385965,
    "eps": 0.76,
    "epsdiluted": 0.74,
    "weightedAverageShsOut": 1105000000,
    "weightedAverageShsOutDil": 1129000000,
    "link": "https://www.sec.gov/Archives/edgar/data/723125/000072312519000035/0000723125-19-000035-index.htm",
    "finalLink": "https://www.sec.gov/Archives/edgar/data/723125/000072312519000035/a2019q3.htm"
  },
  {
    "date": "2019-02-28",
    "symbol": "MU",
    "reportedCurrency": "USD",
    "cik": "0000723125",
    "fillingDate": "2019-03-21",
    "acceptedDate": "2019-03-21 15:11:06",
    "calendarYear": "2019",
    "period": "Q2",
    "revenue": 5835000000,
    "costOfRevenue": 2971000000,
    "grossProfit": 2864000000,
    "grossProfitRatio": 0.4908311911,
    "researchAndDevelopmentExpenses": 624000000,
    "generalAndAdministrativeExpenses": 0,
    "sellingAndMarketingExpenses": 0,
    "sellingGeneralAndAdministrativeExpenses": 209000000,
    "otherExpenses": 74000000,
    "operatingExpenses": 907000000,
    "costAndExpenses": 3878000000,
    "interestIncome": 58000000,
    "interestExpense": 27000000,
    "depreciationAndAmortization": 1313000000,
    "ebitda": 3321000000,
    "ebitdaratio": 0.569151671,
    "operatingIncome": 1957000000,
    "operatingIncomeRatio": 0.3353898886,
    "totalOtherIncomeExpensesNet": -52000000,
    "incomeBeforeTax": 1905000000,
    "incomeBeforeTaxRatio": 0.3264781491,
    "incomeTaxExpense": 280000000,
    "netIncome": 1619000000,
    "netIncomeRatio": 0.2774635818,
    "eps": 1.45,
    "epsdiluted": 1.42,
    "weightedAverageShsOut": 1114000000,
    "weightedAverageShsOutDil": 1141000000,
    "link": "https://www.sec.gov/Archives/edgar/data/723125/000072312519000014/0000723125-19-000014-index.htm",
    "finalLink": "https://www.sec.gov/Archives/edgar/data/723125/000072312519000014/a2019q2.htm"
  },
  {
    "date": "2018-11-29",
    "symbol": "MU",
    "reportedCurrency": "USD",
    "cik": "0000723125",
    "fillingDate": "2018-12-19",
    "acceptedDate": "2018-12-19 10:49:25",
    "calendarYear": "2019",
    "period": "Q1",
    "revenue": 7913000000,
    "costOfRevenue": 3298000000,
    "grossProfit": 4615000000,
    "grossProfitRatio": 0.5832174902,
    "researchAndDevelopmentExpenses": 641000000,
    "generalAndAdministrativeExpenses": 0,
    "sellingAndMarketingExpenses": 0,
    "sellingGeneralAndAdministrativeExpenses": 209000000,
    "otherExpenses": 6000000,
    "operatingExpenses": 856000000,
    "costAndExpenses": 4154000000,
    "interestIncome": 38000000,
    "interestExpense": 33000000,
    "depreciationAndAmortization": 1335000000,
    "ebitda": 5127000000,
    "ebitdaratio": 0.6479211424,
    "operatingIncome": 3759000000,
    "operatingIncomeRatio": 0.4750410717,
    "totalOtherIncomeExpensesNet": 14000000,
    "incomeBeforeTax": 3773000000,
    "incomeBeforeTaxRatio": 0.4768103121,
    "incomeTaxExpense": 477000000,
    "netIncome": 3293000000,
    "netIncomeRatio": 0.4161506382,
    "eps": 2.91,
    "epsdiluted": 2.81,
    "weightedAverageShsOut": 1133000000,
    "weightedAverageShsOutDil": 1174000000,
    "link": "https://www.sec.gov/Archives/edgar/data/723125/000072312518000156/0000723125-18-000156-index.htm",
    "finalLink": "https://www.sec.gov/Archives/edgar/data/723125/000072312518000156/a2019q1.htm"
  },
  {
    "date": "2018-08-30",
    "symbol": "MU",
    "reportedCurrency": "USD",
    "cik": "0000723125",
    "fillingDate": "2018-10-15",
    "acceptedDate": "2018-10-15 14:40:51",
    "calendarYear": "2018",
    "period": "Q4",
    "revenue": 8440000000,
    "costOfRevenue": 3289000000,
    "grossProfit": 5151000000,
    "grossProfitRatio": 0.6103080569,
    "researchAndDevelopmentExpenses": 601000000,
    "generalAndAdministrativeExpenses": 0,
    "sellingAndMarketingExpenses": 0,
    "sellingGeneralAndAdministrativeExpenses": 215000000,
    "otherExpenses": -42000000,
    "operatingExpenses": 774000000,
    "costAndExpenses": 4063000000,
    "interestIncome": 34000000,
    "interestExpense": 50000000,
    "depreciationAndAmortization": 1285000000,
    "ebitda": 5573000000,
    "ebitdaratio": 0.6603080569,
    "operatingIncome": 4377000000,
    "operatingIncomeRatio": 0.5186018957,
    "totalOtherIncomeExpensesNet": -31000000,
    "incomeBeforeTax": 4346000000,
    "incomeBeforeTaxRatio": 0.51492891,
    "incomeTaxExpense": 20000000,
    "netIncome": 4325000000,
    "netIncomeRatio": 0.5124407583,
    "eps": 3.73,
    "epsdiluted": 3.56,
    "weightedAverageShsOut": 1159000000,
    "weightedAverageShsOutDil": 1216000000,
    "link": "https://www.sec.gov/Archives/edgar/data/723125/000072312518000092/0000723125-18-000092-index.htm",
    "finalLink": "https://www.sec.gov/Archives/edgar/data/723125/000072312518000092/a2018q4.htm"
  },
  {
    "date": "2018-05-31",
    "symbol": "MU",
    "reportedCurrency": "USD",
    "cik": "0000723125",
    "fillingDate": "2018-06-22",
    "acceptedDate": "2018-06-22 11:39:04",
    "calendarYear": "2018",
    "period": "Q3",
    "revenue": 7797000000,
    "costOfRevenue": 3074000000,
    "grossProfit": 4723000000,
    "grossProfitRatio": 0.6057457997,
    "researchAndDevelopmentExpenses": 656000000,
    "generalAndAdministrativeExpenses": 0,
    "sellingAndMarketingExpenses": 0,
    "sellingGeneralAndAdministrativeExpenses": 211000000,
    "otherExpenses": -97000000,
    "operatingExpenses": 770000000,
    "costAndExpenses": 3844000000,
    "interestIncome": 36000000,
    "interestExpense": 80000000,
    "depreciationAndAmortization": 1233000000,
    "ebitda": 5194000000,
    "ebitdaratio": 0.6661536488,
    "operatingIncome": 3953000000,
    "operatingIncomeRatio": 0.5069898679,
    "totalOtherIncomeExpensesNet": -239000000,
    "incomeBeforeTax": 3714000000,
    "incomeBeforeTaxRatio": 0.4763370527,
    "incomeTaxExpense": -109000000,
    "netIncome": 3823000000,
    "netIncomeRatio": 0.4903167885,
    "eps": 3.3,
    "epsdiluted": 3.1,
    "weightedAverageShsOut": 1159000000,
    "weightedAverageShsOutDil": 1235000000,
    "link": "https://www.sec.gov/Archives/edgar/data/723125/000072312518000065/0000723125-18-000065-index.htm",
    "finalLink": "https://www.sec.gov/Archives/edgar/data/723125/000072312518000065/a2018q3.htm"
  },
  {
    "date": "2018-03-01",
    "symbol": "MU",
    "reportedCurrency": "USD",
    "cik": "0000723125",
    "fillingDate": "2018-03-23",
    "acceptedDate": "2018-03-23 14:52:31",
    "calendarYear": "2018",
    "period": "Q2",
    "revenue": 7351000000,
    "costOfRevenue": 3081000000,
    "grossProfit": 4270000000,
    "grossProfitRatio": 0.5808733506,
    "researchAndDevelopmentExpenses": 581000000,
    "generalAndAdministrativeExpenses": 0,
    "sellingAndMarketingExpenses": 0,
    "sellingGeneralAndAdministrativeExpenses": 196000000,
    "otherExpenses": -74000000,
    "operatingExpenses": 703000000,
    "costAndExpenses": 3784000000,
    "interestIncome": 27000000,
    "interestExpense": 88000000,
    "depreciationAndAmortization": 1151000000,
    "ebitda": 4725000000,
    "ebitdaratio": 0.6427696912,
    "operatingIncome": 3567000000,
    "operatingIncomeRatio": 0.4852401034,
    "totalOtherIncomeExpensesNet": -113000000,
    "incomeBeforeTax": 3454000000,
    "incomeBeforeTaxRatio": 0.4698680452,
    "incomeTaxExpense": 143000000,
    "netIncome": 3309000000,
    "netIncomeRatio": 0.4501428377,
    "eps": 2.86,
    "epsdiluted": 2.67,
    "weightedAverageShsOut": 1156000000,
    "weightedAverageShsOutDil": 1238000000,
    "link": "https://www.sec.gov/Archives/edgar/data/723125/000072312518000036/0000723125-18-000036-index.htm",
    "finalLink": "https://www.sec.gov/Archives/edgar/data/723125/000072312518000036/a2018q2.htm"
  },
  {
    "date": "2017-11-30",
    "symbol": "MU",
    "reportedCurrency": "USD",
    "cik": "0000723125",
    "fillingDate": "2017-12-20",
    "acceptedDate": "2017-12-20 14:56:35",
    "calendarYear": "2018",
    "period": "Q1",
    "revenue": 6803000000,
    "costOfRevenue": 3056000000,
    "grossProfit": 3747000000,
    "grossProfitRatio": 0.5507864178,
    "researchAndDevelopmentExpenses": 504000000,
    "generalAndAdministrativeExpenses": 0,
    "sellingAndMarketingExpenses": 0,
    "sellingGeneralAndAdministrativeExpenses": 191000000,
    "otherExpenses": -45000000,
    "operatingExpenses": 650000000,
    "costAndExpenses": 3706000000,
    "interestIncome": 23000000,
    "interestExpense": 124000000,
    "depreciationAndAmortization": 1090000000,
    "ebitda": 4193000000,
    "ebitdaratio": 0.6163457298,
    "operatingIncome": 3097000000,
    "operatingIncomeRatio": 0.4552403351,
    "totalOtherIncomeExpensesNet": -305000000,
    "incomeBeforeTax": 2792000000,
    "incomeBeforeTaxRatio": 0.4104071733,
    "incomeTaxExpense": 114000000,
    "netIncome": 2678000000,
    "netIncomeRatio": 0.3936498604,
    "eps": 2.36,
    "epsdiluted": 2.19,
    "weightedAverageShsOut": 1134000000,
    "weightedAverageShsOutDil": 1225000000,
    "link": "https://www.sec.gov/Archives/edgar/data/723125/000072312517000166/0000723125-17-000166-index.htm",
    "finalLink": "https://www.sec.gov/Archives/edgar/data/723125/000072312517000166/a2018q1.htm"
  },
  {
    "date": "2017-08-31",
    "symbol": "MU",
    "reportedCurrency": "USD",
    "cik": "0000723125",
    "fillingDate": "2017-10-26",
    "acceptedDate": "2017-10-26 12:51:41",
    "calendarYear": "2017",
    "period": "Q4",
    "revenue": 6138000000,
    "costOfRevenue": 3026000000,
    "grossProfit": 3112000000,
    "grossProfitRatio": 0.5070055393,
    "researchAndDevelopmentExpenses": 498000000,
    "generalAndAdministrativeExpenses": 0,
    "sellingAndMarketingExpenses": 0,
    "sellingGeneralAndAdministrativeExpenses": 180000000,
    "otherExpenses": -68000000,
    "operatingExpenses": 610000000,
    "costAndExpenses": 3636000000,
    "interestIncome": 16000000,
    "interestExpense": 148000000,
    "depreciationAndAmortization": 1066000000,
    "ebitda": 3577000000,
    "ebitdaratio": 0.582763115,
    "operatingIncome": 2502000000,
    "operatingIncomeRatio": 0.4076246334,
    "totalOtherIncomeExpensesNet": -180000000,
    "incomeBeforeTax": 2322000000,
    "incomeBeforeTaxRatio": 0.3782991202,
    "incomeTaxExpense": -47000000,
    "netIncome": 2368000000,
    "netIncomeRatio": 0.3857934181,
    "eps": 2.13,
    "epsdiluted": 1.99,
    "weightedAverageShsOut": 1109000000,
    "weightedAverageShsOutDil": 1187000000,
    "link": "https://www.sec.gov/Archives/edgar/data/723125/000072312517000131/0000723125-17-000131-index.htm",
    "finalLink": "https://www.sec.gov/Archives/edgar/data/723125/000072312517000131/a2017q4.htm"
  },
  {
    "date": "2017-06-01",
    "symbol": "MU",
    "reportedCurrency": "USD",
    "cik": "0000723125",
    "fillingDate": "2017-06-30",
    "acceptedDate": "2017-06-30 11:51:53",
    "calendarYear": "2017",
    "period": "Q3",
    "revenue": 5566000000,
    "costOfRevenue": 2957000000,
    "grossProfit": 2609000000,
    "grossProfitRatio": 0.4687387711,
    "researchAndDevelopmentExpenses": 481000000,
    "generalAndAdministrativeExpenses": 0,
    "sellingAndMarketingExpenses": 0,
    "sellingGeneralAndAdministrativeExpenses": 204000000,
    "otherExpenses": -39000000,
    "operatingExpenses": 646000000,
    "costAndExpenses": 3603000000,
    "interestIncome": 10000000,
    "interestExpense": 153000000,
    "depreciationAndAmortization": 1021000000,
    "ebitda": 2984000000,
    "ebitdaratio": 0.5361121092,
    "operatingIncome": 1963000000,
    "operatingIncomeRatio": 0.3526769673,
    "totalOtherIncomeExpensesNet": -224000000,
    "incomeBeforeTax": 1739000000,
    "incomeBeforeTaxRatio": 0.3124326267,
    "incomeTaxExpense": 92000000,
    "netIncome": 1647000000,
    "netIncomeRatio": 0.295903701,
    "eps": 1.49,
    "epsdiluted": 1.4,
    "weightedAverageShsOut": 1106000000,
    "weightedAverageShsOutDil": 1177000000,
    "link": "https://www.sec.gov/Archives/edgar/data/723125/000072312517000085/0000723125-17-000085-index.htm",
    "finalLink": "https://www.sec.gov/Archives/edgar/data/723125/000072312517000085/a2017q3.htm"
  },
  {
    "date": "2017-03-02",
    "symbol": "MU",
    "reportedCurrency": "USD",
    "cik": "0000723125",
    "fillingDate": "2017-03-28",
    "acceptedDate": "2017-03-28 12:12:39",
    "calendarYear": "2017",
    "period": "Q2",
    "revenue": 4648000000,
    "costOfRevenue": 2944000000,
    "grossProfit": 1704000000,
    "grossProfitRatio": 0.3666092943,
    "researchAndDevelopmentExpenses": 532000000,
    "generalAndAdministrativeExpenses": 0,
    "sellingAndMarketingExpenses": 0,
    "sellingGeneralAndAdministrativeExpenses": 187000000,
    "otherExpenses": -59000000,
    "operatingExpenses": 660000000,
    "costAndExpenses": 3604000000,
    "interestIncome": 8000000,
    "interestExpense": 161000000,
    "depreciationAndAmortization": 1003000000,
    "ebitda": 2047000000,
    "ebitdaratio": 0.440404475,
    "operatingIncome": 1044000000,
    "operatingIncomeRatio": 0.2246127367,
    "totalOtherIncomeExpensesNet": -112000000,
    "incomeBeforeTax": 932000000,
    "incomeBeforeTaxRatio": 0.2005163511,
    "incomeTaxExpense": 38000000,
    "netIncome": 894000000,
    "netIncomeRatio": 0.1923407917,
    "eps": 0.81,
    "epsdiluted": 0.77,
    "weightedAverageShsOut": 1099000000,
    "weightedAverageShsOutDil": 1160000000,
    "link": "https://www.sec.gov/Archives/edgar/data/723125/000072312517000037/0000723125-17-000037-index.htm",
    "finalLink": "https://www.sec.gov/Archives/edgar/data/723125/000072312517000037/a2017q2.htm"
  },
  {
    "date": "2016-12-01",
    "symbol": "MU",
    "reportedCurrency": "USD",
    "cik": "0000723125",
    "fillingDate": "2017-01-09",
    "acceptedDate": "2017-01-09 12:12:32",
    "calendarYear": "2017",
    "period": "Q1",
    "revenue": 3970000000,
    "costOfRevenue": 2959000000,
    "grossProfit": 1011000000,
    "grossProfitRatio": 0.2546599496,
    "researchAndDevelopmentExpenses": 526000000,
    "generalAndAdministrativeExpenses": 0,
    "sellingAndMarketingExpenses": 0,
    "sellingGeneralAndAdministrativeExpenses": 159000000,
    "otherExpenses": -33000000,
    "operatingExpenses": 652000000,
    "costAndExpenses": 3611000000,
    "interestIncome": 7000000,
    "interestExpense": 139000000,
    "depreciationAndAmortization": 771000000,
    "ebitda": 1130000000,
    "ebitdaratio": 0.2846347607,
    "operatingIncome": 359000000,
    "operatingIncomeRatio": 0.0904282116,
    "totalOtherIncomeExpensesNet": -148000000,
    "incomeBeforeTax": 211000000,
    "incomeBeforeTaxRatio": 0.0531486146,
    "incomeTaxExpense": 31000000,
    "netIncome": 180000000,
    "netIncomeRatio": 0.0453400504,
    "eps": 0.17,
    "epsdiluted": 0.16,
    "weightedAverageShsOut": 1040000000,
    "weightedAverageShsOutDil": 1091000000,
    "link": "https://www.sec.gov/Archives/edgar/data/723125/000072312517000005/0000723125-17-000005-index.htm",
    "finalLink": "https://www.sec.gov/Archives/edgar/data/723125/000072312517000005/a2017q1.htm"
  },
  {
    "date": "2016-09-01",
    "symbol": "MU",
    "reportedCurrency": "USD",
    "cik": "0000723125",
    "fillingDate": "2016-10-28",
    "acceptedDate": "2016-10-28 13:49:01",
    "calendarYear": "2016",
    "period": "Q4",
    "revenue": 3217000000,
    "costOfRevenue": 2638000000,
    "grossProfit": 579000000,
    "grossProfitRatio": 0.1799813491,
    "researchAndDevelopmentExpenses": 373000000,
    "generalAndAdministrativeExpenses": 0,
    "sellingAndMarketingExpenses": 0,
    "sellingGeneralAndAdministrativeExpenses": 154000000,
    "otherExpenses": 84000000,
    "operatingExpenses": 611000000,
    "costAndExpenses": 3249000000,
    "interestIncome": 9000000,
    "interestExpense": 135000000,
    "depreciationAndAmortization": 714000000,
    "ebitda": 732000000,
    "ebitdaratio": 0.2275411874,
    "operatingIncome": -32000000,
    "operatingIncomeRatio": -0.0099471557,
    "totalOtherIncomeExpensesNet": -135000000,
    "incomeBeforeTax": -167000000,
    "incomeBeforeTaxRatio": -0.051911719,
    "incomeTaxExpense": 3000000,
    "netIncome": -170000000,
    "netIncomeRatio": -0.0528442648,
    "eps": -0.17,
    "epsdiluted": -0.16,
    "weightedAverageShsOut": 1000400160,
    "weightedAverageShsOutDil": 1037000000,
    "link": "https://www.sec.gov/Archives/edgar/data/723125/000072312516000269/0000723125-16-000269-index.htm",
    "finalLink": "https://www.sec.gov/Archives/edgar/data/723125/000072312516000269/a2016q4.htm"
  },
  {
    "date": "2016-06-02",
    "symbol": "MU",
    "reportedCurrency": "USD",
    "cik": "0000723125",
    "fillingDate": "2016-07-06",
    "acceptedDate": "2016-07-06 14:02:03",
    "calendarYear": "2016",
    "period": "Q3",
    "revenue": 2898000000,
    "costOfRevenue": 2400000000,
    "grossProfit": 498000000,
    "grossProfitRatio": 0.1718426501,
    "researchAndDevelopmentExpenses": 467000000,
    "generalAndAdministrativeExpenses": 0,
    "sellingAndMarketingExpenses": 0,
    "sellingGeneralAndAdministrativeExpenses": 148000000,
    "otherExpenses": -90000000,
    "operatingExpenses": 525000000,
    "costAndExpenses": 2925000000,
    "interestIncome": 10000000,
    "interestExpense": 109000000,
    "depreciationAndAmortization": 755000000,
    "ebitda": 728000000,
    "ebitdaratio": 0.2512077295,
    "operatingIncome": -27000000,
    "operatingIncomeRatio": -0.0093167702,
    "totalOtherIncomeExpensesNet": -173000000,
    "incomeBeforeTax": -200000000,
    "incomeBeforeTaxRatio": -0.0690131125,
    "incomeTaxExpense": 15000000,
    "netIncome": -215000000,
    "netIncomeRatio": -0.0741890959,
    "eps": -0.21,
    "epsdiluted": -0.21,
    "weightedAverageShsOut": 1023809523,
    "weightedAverageShsOutDil": 1036000000,
    "link": "https://www.sec.gov/Archives/edgar/data/723125/000072312516000201/0000723125-16-000201-index.htm",
    "finalLink": "https://www.sec.gov/Archives/edgar/data/723125/000072312516000201/a2016q3.htm"
  },
  {
    "date": "2016-03-03",
    "symbol": "MU",
    "reportedCurrency": "USD",
    "cik": "0000723125",
    "fillingDate": "2016-04-08",
    "acceptedDate": "2016-04-08 14:28:32",
    "calendarYear": "2016",
    "period": "Q2",
    "revenue": 2934000000,
    "costOfRevenue": 2355000000,
    "grossProfit": 579000000,
    "grossProfitRatio": 0.1973415133,
    "researchAndDevelopmentExpenses": 485000000,
    "generalAndAdministrativeExpenses": 0,
    "sellingAndMarketingExpenses": 0,
    "sellingGeneralAndAdministrativeExpenses": 175000000,
    "otherExpenses": -76000000,
    "operatingExpenses": 584000000,
    "costAndExpenses": 2939000000,
    "interestIncome": 12000000,
    "interestExpense": 97000000,
    "depreciationAndAmortization": 774000000,
    "ebitda": 770000000,
    "ebitdaratio": 0.2624403545,
    "operatingIncome": -5000000,
    "operatingIncomeRatio": -0.0017041581,
    "totalOtherIncomeExpensesNet": -86000000,
    "incomeBeforeTax": -91000000,
    "incomeBeforeTaxRatio": -0.0310156783,
    "incomeTaxExpense": 5000000,
    "netIncome": -97000000,
    "netIncomeRatio": -0.033060668,
    "eps": -0.0936,
    "epsdiluted": -0.0936,
    "weightedAverageShsOut": 1036000000,
    "weightedAverageShsOutDil": 1036000000,
    "link": "https://www.sec.gov/Archives/edgar/data/723125/000072312516000176/0000723125-16-000176-index.htm",
    "finalLink": "https://www.sec.gov/Archives/edgar/data/723125/000072312516000176/a2016q2.htm"
  },
  {
    "date": "2015-12-03",
    "symbol": "MU",
    "reportedCurrency": "USD",
    "cik": "0000723125",
    "fillingDate": "2016-01-08",
    "acceptedDate": "2016-01-08 13:54:55",
    "calendarYear": "2016",
    "period": "Q1",
    "revenue": 3350000000,
    "costOfRevenue": 2501000000,
    "grossProfit": 849000000,
    "grossProfitRatio": 0.2534328358,
    "researchAndDevelopmentExpenses": 500000000,
    "generalAndAdministrativeExpenses": 0,
    "sellingAndMarketingExpenses": 0,
    "sellingGeneralAndAdministrativeExpenses": 179000000,
    "otherExpenses": -62000000,
    "operatingExpenses": 617000000,
    "costAndExpenses": 3118000000,
    "interestIncome": 11000000,
    "interestExpense": 96000000,
    "depreciationAndAmortization": 737000000,
    "ebitda": 984000000,
    "ebitdaratio": 0.2937313433,
    "operatingIncome": 232000000,
    "operatingIncomeRatio": 0.0692537313,
    "totalOtherIncomeExpensesNet": -30000000,
    "incomeBeforeTax": 202000000,
    "incomeBeforeTaxRatio": 0.0602985075,
    "incomeTaxExpense": -4000000,
    "netIncome": 206000000,
    "netIncomeRatio": 0.0614925373,
    "eps": 0.2,
    "epsdiluted": 0.19,
    "weightedAverageShsOut": 1035000000,
    "weightedAverageShsOutDil": 1085000000,
    "link": "https://www.sec.gov/Archives/edgar/data/723125/000072312516000146/0000723125-16-000146-index.htm",
    "finalLink": "https://www.sec.gov/Archives/edgar/data/723125/000072312516000146/a2016q1.htm"
  },
  {
    "date": "2015-09-03",
    "symbol": "MU",
    "reportedCurrency": "USD",
    "cik": "0000723125",
    "fillingDate": "2015-10-27",
    "acceptedDate": "2015-10-27 15:37:39",
    "calendarYear": "2015",
    "period": "Q4",
    "revenue": 3600000000,
    "costOfRevenue": 2630000000,
    "grossProfit": 970000000,
    "grossProfitRatio": 0.2694444444,
    "researchAndDevelopmentExpenses": 452000000,
    "generalAndAdministrativeExpenses": 0,
    "sellingAndMarketingExpenses": 0,
    "sellingGeneralAndAdministrativeExpenses": 171000000,
    "otherExpenses": -80000000,
    "operatingExpenses": 543000000,
    "costAndExpenses": 3173000000,
    "interestIncome": 11000000,
    "interestExpense": 101000000,
    "depreciationAndAmortization": 710000000,
    "ebitda": 1134000000,
    "ebitdaratio": 0.315,
    "operatingIncome": 427000000,
    "operatingIncomeRatio": 0.1186111111,
    "totalOtherIncomeExpensesNet": -25000000,
    "incomeBeforeTax": 402000000,
    "incomeBeforeTaxRatio": 0.1116666667,
    "incomeTaxExpense": -69000000,
    "netIncome": 471000000,
    "netIncomeRatio": 0.1308333333,
    "eps": 0.44,
    "epsdiluted": 0.42,
    "weightedAverageShsOut": 1060000000,
    "weightedAverageShsOutDil": 1124000000,
    "link": "https://www.sec.gov/Archives/edgar/data/723125/000072312515000112/0000723125-15-000112-index.htm",
    "finalLink": "https://www.sec.gov/Archives/edgar/data/723125/000072312515000112/a2015q4.htm"
  },
  {
    "date": "2015-06-04",
    "symbol": "MU",
    "reportedCurrency": "USD",
    "cik": "0000723125",
    "fillingDate": "2015-07-10",
    "acceptedDate": "2015-07-10 15:08:19",
    "calendarYear": "2015",
    "period": "Q3",
    "revenue": 3853000000,
    "costOfRevenue": 2651000000,
    "grossProfit": 1202000000,
    "grossProfitRatio": 0.3119647028,
    "researchAndDevelopmentExpenses": 468000000,
    "generalAndAdministrativeExpenses": 0,
    "sellingAndMarketingExpenses": 0,
    "sellingGeneralAndAdministrativeExpenses": 169000000,
    "otherExpenses": -66000000,
    "operatingExpenses": 571000000,
    "costAndExpenses": 3222000000,
    "interestIncome": 9000000,
    "interestExpense": 97000000,
    "depreciationAndAmortization": 673000000,
    "ebitda": 1301000000,
    "ebitdaratio": 0.337658967,
    "operatingIncome": 631000000,
    "operatingIncomeRatio": 0.1637684921,
    "totalOtherIncomeExpensesNet": -36000000,
    "incomeBeforeTax": 595000000,
    "incomeBeforeTaxRatio": 0.1544251233,
    "incomeTaxExpense": 104000000,
    "netIncome": 491000000,
    "netIncomeRatio": 0.127433169,
    "eps": 0.46,
    "epsdiluted": 0.42,
    "weightedAverageShsOut": 1073000000,
    "weightedAverageShsOutDil": 1170000000,
    "link": "https://www.sec.gov/Archives/edgar/data/723125/000072312515000063/0000723125-15-000063-index.htm",
    "finalLink": "https://www.sec.gov/Archives/edgar/data/723125/000072312515000063/a2015q3.htm"
  },
  {
    "date": "2015-03-05",
    "symbol": "MU",
    "reportedCurrency": "USD",
    "cik": "0000723125",
    "fillingDate": "2015-04-10",
    "acceptedDate": "2015-04-10 14:11:37",
    "calendarYear": "2015",
    "period": "Q2",
    "revenue": 4166000000,
    "costOfRevenue": 2761000000,
    "grossProfit": 1405000000,
    "grossProfitRatio": 0.3372539606,
    "researchAndDevelopmentExpenses": 455000000,
    "generalAndAdministrativeExpenses": 0,
    "sellingAndMarketingExpenses": 0,
    "sellingGeneralAndAdministrativeExpenses": 187000000,
    "otherExpenses": -92000000,
    "operatingExpenses": 550000000,
    "costAndExpenses": 3311000000,
    "interestIncome": 8000000,
    "interestExpense": 83000000,
    "depreciationAndAmortization": 641000000,
    "ebitda": 1493000000,
    "ebitdaratio": 0.3583773404,
    "operatingIncome": 855000000,
    "operatingIncomeRatio": 0.2052328373,
    "totalOtherIncomeExpensesNet": 127000000,
    "incomeBeforeTax": 982000000,
    "incomeBeforeTaxRatio": 0.2357177148,
    "incomeTaxExpense": 47000000,
    "netIncome": 934000000,
    "netIncomeRatio": 0.2241958713,
    "eps": 0.87,
    "epsdiluted": 0.78,
    "weightedAverageShsOut": 1074000000,
    "weightedAverageShsOutDil": 1190000000,
    "link": "https://www.sec.gov/Archives/edgar/data/723125/000072312515000039/0000723125-15-000039-index.htm",
    "finalLink": "https://www.sec.gov/Archives/edgar/data/723125/000072312515000039/a2015q2.htm"
  },
  {
    "date": "2014-12-04",
    "symbol": "MU",
    "reportedCurrency": "USD",
    "cik": "0000723125",
    "fillingDate": "2015-01-09",
    "acceptedDate": "2015-01-09 13:01:10",
    "calendarYear": "2015",
    "period": "Q1",
    "revenue": 4573000000,
    "costOfRevenue": 2935000000,
    "grossProfit": 1638000000,
    "grossProfitRatio": 0.3581893724,
    "researchAndDevelopmentExpenses": 462000000,
    "generalAndAdministrativeExpenses": 0,
    "sellingAndMarketingExpenses": 0,
    "sellingGeneralAndAdministrativeExpenses": 193000000,
    "otherExpenses": -102000000,
    "operatingExpenses": 553000000,
    "costAndExpenses": 3488000000,
    "interestIncome": 7000000,
    "interestExpense": 90000000,
    "depreciationAndAmortization": 643000000,
    "ebitda": 1723000000,
    "ebitdaratio": 0.376776733,
    "operatingIncome": 1085000000,
    "operatingIncomeRatio": 0.2372621911,
    "totalOtherIncomeExpensesNet": -8000000,
    "incomeBeforeTax": 1077000000,
    "incomeBeforeTaxRatio": 0.2355127925,
    "incomeTaxExpense": 75000000,
    "netIncome": 1003000000,
    "netIncomeRatio": 0.219330855,
    "eps": 0.94,
    "epsdiluted": 0.84,
    "weightedAverageShsOut": 1070000000,
    "weightedAverageShsOutDil": 1195000000,
    "link": "https://www.sec.gov/Archives/edgar/data/723125/000072312515000010/0000723125-15-000010-index.htm",
    "finalLink": "https://www.sec.gov/Archives/edgar/data/723125/000072312515000010/a2015q1.htm"
  },
  {
    "date": "2014-08-28",
    "symbol": "MU",
    "reportedCurrency": "USD",
    "cik": "0000723125",
    "fillingDate": "2014-10-27",
    "acceptedDate": "2014-10-27 16:21:54",
    "calendarYear": "2014",
    "period": "Q4",
    "revenue": 4227000000,
    "costOfRevenue": 2842000000,
    "grossProfit": 1385000000,
    "grossProfitRatio": 0.3276555477,
    "researchAndDevelopmentExpenses": 420000000,
    "generalAndAdministrativeExpenses": 0,
    "sellingAndMarketingExpenses": 0,
    "sellingGeneralAndAdministrativeExpenses": 180000000,
    "otherExpenses": 110000000,
    "operatingExpenses": 710000000,
    "costAndExpenses": 3399000000,
    "interestIncome": 7000000,
    "interestExpense": 88000000,
    "depreciationAndAmortization": 553000000,
    "ebitda": 1573000000,
    "ebitdaratio": 0.3721315354,
    "operatingIncome": 828000000,
    "operatingIncomeRatio": 0.1958836054,
    "totalOtherIncomeExpensesNet": 236000000,
    "incomeBeforeTax": 1064000000,
    "incomeBeforeTaxRatio": 0.2517151644,
    "incomeTaxExpense": -87000000,
    "netIncome": 1150000000,
    "netIncomeRatio": 0.272060563,
    "eps": 1.08,
    "epsdiluted": 0.96,
    "weightedAverageShsOut": 1068000000,
    "weightedAverageShsOutDil": 1203000000,
    "link": "https://www.sec.gov/Archives/edgar/data/723125/000072312514000195/0000723125-14-000195-index.htm",
    "finalLink": "https://www.sec.gov/Archives/edgar/data/723125/000072312514000195/a2014q4.htm"
  },
  {
    "date": "2014-05-29",
    "symbol": "MU",
    "reportedCurrency": "USD",
    "cik": "0000723125",
    "fillingDate": "2014-07-03",
    "acceptedDate": "2014-07-03 13:38:01",
    "calendarYear": "2014",
    "period": "Q3",
    "revenue": 3982000000,
    "costOfRevenue": 2614000000,
    "grossProfit": 1368000000,
    "grossProfitRatio": 0.3435459568,
    "researchAndDevelopmentExpenses": 385000000,
    "generalAndAdministrativeExpenses": 0,
    "sellingAndMarketingExpenses": 0,
    "sellingGeneralAndAdministrativeExpenses": 175000000,
    "otherExpenses": -31000000,
    "operatingExpenses": 529000000,
    "costAndExpenses": 3143000000,
    "interestIncome": 5000000,
    "interestExpense": 80000000,
    "depreciationAndAmortization": 542000000,
    "ebitda": 1383000000,
    "ebitdaratio": 0.3473129081,
    "operatingIncome": 839000000,
    "operatingIncomeRatio": 0.2106981416,
    "totalOtherIncomeExpensesNet": 39000000,
    "incomeBeforeTax": 878000000,
    "incomeBeforeTaxRatio": 0.220492215,
    "incomeTaxExpense": 72000000,
    "netIncome": 806000000,
    "netIncomeRatio": 0.2024108488,
    "eps": 0.76,
    "epsdiluted": 0.68,
    "weightedAverageShsOut": 1067000000,
    "weightedAverageShsOutDil": 1190000000,
    "link": "https://www.sec.gov/Archives/edgar/data/723125/000072312514000120/0000723125-14-000120-index.htm",
    "finalLink": "https://www.sec.gov/Archives/edgar/data/723125/000072312514000120/a2014q3.htm"
  },
  {
    "date": "2014-02-27",
    "symbol": "MU",
    "reportedCurrency": "USD",
    "cik": "0000723125",
    "fillingDate": "2014-04-07",
    "acceptedDate": "2014-04-07 16:04:13",
    "calendarYear": "2014",
    "period": "Q2",
    "revenue": 4107000000,
    "costOfRevenue": 2704000000,
    "grossProfit": 1403000000,
    "grossProfitRatio": 0.3416118822,
    "researchAndDevelopmentExpenses": 379000000,
    "generalAndAdministrativeExpenses": 0,
    "sellingAndMarketingExpenses": 0,
    "sellingGeneralAndAdministrativeExpenses": 177000000,
    "otherExpenses": 0,
    "operatingExpenses": 522000000,
    "costAndExpenses": 3226000000,
    "interestIncome": 6000000,
    "interestExpense": 83000000,
    "depreciationAndAmortization": 517000000,
    "ebitda": 1387000000,
    "ebitdaratio": 0.3377160945,
    "operatingIncome": 870000000,
    "operatingIncomeRatio": 0.2118334551,
    "totalOtherIncomeExpensesNet": -66000000,
    "incomeBeforeTax": 804000000,
    "incomeBeforeTaxRatio": 0.1957633309,
    "incomeTaxExpense": 63000000,
    "netIncome": 731000000,
    "netIncomeRatio": 0.1779887996,
    "eps": 0.69,
    "epsdiluted": 0.61,
    "weightedAverageShsOut": 1060000000,
    "weightedAverageShsOutDil": 1201000000,
    "link": "https://www.sec.gov/Archives/edgar/data/723125/000072312514000068/0000723125-14-000068-index.htm",
    "finalLink": "https://www.sec.gov/Archives/edgar/data/723125/000072312514000068/a2014q2.htm"
  },
  {
    "date": "2013-11-28",
    "symbol": "MU",
    "reportedCurrency": "USD",
    "cik": "0000723125",
    "fillingDate": "2014-01-07",
    "acceptedDate": "2014-01-07 16:13:09",
    "calendarYear": "2014",
    "period": "Q1",
    "revenue": 4042000000,
    "costOfRevenue": 2761000000,
    "grossProfit": 1281000000,
    "grossProfitRatio": 0.3169223157,
    "researchAndDevelopmentExpenses": 349000000,
    "generalAndAdministrativeExpenses": 0,
    "sellingAndMarketingExpenses": 0,
    "sellingGeneralAndAdministrativeExpenses": 176000000,
    "otherExpenses": 0,
    "operatingExpenses": 724000000,
    "costAndExpenses": 3485000000,
    "interestIncome": 5000000,
    "interestExpense": 101000000,
    "depreciationAndAmortization": 491000000,
    "ebitda": 1283000000,
    "ebitdaratio": 0.3174171202,
    "operatingIncome": 792000000,
    "operatingIncomeRatio": 0.1959426027,
    "totalOtherIncomeExpensesNet": -331000000,
    "incomeBeforeTax": 461000000,
    "incomeBeforeTaxRatio": 0.1140524493,
    "incomeTaxExpense": 80000000,
    "netIncome": 358000000,
    "netIncomeRatio": 0.0885700148,
    "eps": 0.34,
    "epsdiluted": 0.3,
    "weightedAverageShsOut": 1046000000,
    "weightedAverageShsOutDil": 1196000000,
    "link": "https://www.sec.gov/Archives/edgar/data/723125/000072312514000013/0000723125-14-000013-index.htm",
    "finalLink": "https://www.sec.gov/Archives/edgar/data/723125/000072312514000013/a2014q1.htm"
  },
  {
    "date": "2013-08-29",
    "symbol": "MU",
    "reportedCurrency": "USD",
    "cik": "0000723125",
    "fillingDate": "2013-10-28",
    "acceptedDate": "2013-10-28 16:39:35",
    "calendarYear": "2013",
    "period": "Q4",
    "revenue": 2843000000,
    "costOfRevenue": 2135000000,
    "grossProfit": 708000000,
    "grossProfitRatio": 0.2490327119,
    "researchAndDevelopmentExpenses": 314000000,
    "generalAndAdministrativeExpenses": 0,
    "sellingAndMarketingExpenses": 0,
    "sellingGeneralAndAdministrativeExpenses": 144000000,
    "otherExpenses": 0,
    "operatingExpenses": 1024000000,
    "costAndExpenses": 3118000000,
    "interestIncome": 6000000,
    "interestExpense": 64000000,
    "depreciationAndAmortization": 450000000,
    "ebitda": 777000000,
    "ebitdaratio": 0.2733028491,
    "operatingIncome": 327000000,
    "operatingIncomeRatio": 0.1150193458,
    "totalOtherIncomeExpensesNet": 1388000000,
    "incomeBeforeTax": 1715000000,
    "incomeBeforeTaxRatio": 0.6032360183,
    "incomeTaxExpense": 5000000,
    "netIncome": 1708000000,
    "netIncomeRatio": 0.6007738305,
    "eps": 1.65,
    "epsdiluted": 1.51,
    "weightedAverageShsOut": 1033200000,
    "weightedAverageShsOutDil": 1129400000,
    "link": "https://www.sec.gov/Archives/edgar/data/723125/000072312513000228/0000723125-13-000228-index.htm",
    "finalLink": "https://www.sec.gov/Archives/edgar/data/723125/000072312513000228/a2013q4.htm"
  },
  {
    "date": "2013-05-30",
    "symbol": "MU",
    "reportedCurrency": "USD",
    "cik": "0000723125",
    "fillingDate": "2013-07-08",
    "acceptedDate": "2013-07-08 16:38:44",
    "calendarYear": "2013",
    "period": "Q3",
    "revenue": 2318000000,
    "costOfRevenue": 1762000000,
    "grossProfit": 556000000,
    "grossProfitRatio": 0.23986195,
    "researchAndDevelopmentExpenses": 259000000,
    "generalAndAdministrativeExpenses": 0,
    "sellingAndMarketingExpenses": 0,
    "sellingGeneralAndAdministrativeExpenses": 127000000,
    "otherExpenses": 0,
    "operatingExpenses": 462000000,
    "costAndExpenses": 2224000000,
    "interestIncome": 2000000,
    "interestExpense": 54000000,
    "depreciationAndAmortization": 442000000,
    "ebitda": 646000000,
    "ebitdaratio": 0.2786885246,
    "operatingIncome": 204000000,
    "operatingIncomeRatio": 0.0880069025,
    "totalOtherIncomeExpensesNet": -162000000,
    "incomeBeforeTax": 42000000,
    "incomeBeforeTaxRatio": 0.0181190682,
    "incomeTaxExpense": -1000000,
    "netIncome": 43000000,
    "netIncomeRatio": 0.0185504745,
    "eps": 0.04,
    "epsdiluted": 0.04,
    "weightedAverageShsOut": 1024000000,
    "weightedAverageShsOutDil": 1046600000,
    "link": "https://www.sec.gov/Archives/edgar/data/723125/000072312513000108/0000723125-13-000108-index.htm",
    "finalLink": "https://www.sec.gov/Archives/edgar/data/723125/000072312513000108/a2013q3.htm"
  },
  {
    "date": "2013-02-28",
    "symbol": "MU",
    "reportedCurrency": "USD",
    "cik": "0000723125",
    "fillingDate": "2013-04-08",
    "acceptedDate": "2013-04-08 16:34:38",
    "calendarYear": "2013",
    "period": "Q2",
    "revenue": 2078000000,
    "costOfRevenue": 1712000000,
    "grossProfit": 366000000,
    "grossProfitRatio": 0.1761308951,
    "researchAndDevelopmentExpenses": 248000000,
    "generalAndAdministrativeExpenses": 0,
    "sellingAndMarketingExpenses": 0,
    "sellingGeneralAndAdministrativeExpenses": 123000000,
    "otherExpenses": 0,
    "operatingExpenses": 606000000,
    "costAndExpenses": 2318000000,
    "interestIncome": 3000000,
    "interestExpense": 56000000,
    "depreciationAndAmortization": 455000000,
    "ebitda": 482000000,
    "ebitdaratio": 0.2319538017,
    "operatingIncome": 27000000,
    "operatingIncomeRatio": 0.0129932628,
    "totalOtherIncomeExpensesNet": -320000000,
    "incomeBeforeTax": -293000000,
    "incomeBeforeTaxRatio": -0.1410009625,
    "incomeTaxExpense": -9000000,
    "netIncome": -286000000,
    "netIncomeRatio": -0.1376323388,
    "eps": -0.28,
    "epsdiluted": -0.28,
    "weightedAverageShsOut": 1016000000,
    "weightedAverageShsOutDil": 1016000000,
    "link": "https://www.sec.gov/Archives/edgar/data/723125/000072312513000042/0000723125-13-000042-index.htm",
    "finalLink": "https://www.sec.gov/Archives/edgar/data/723125/000072312513000042/a2013q2.htm"
  },
  {
    "date": "2012-11-29",
    "symbol": "MU",
    "reportedCurrency": "USD",
    "cik": "0000723125",
    "fillingDate": "2013-01-07",
    "acceptedDate": "2013-01-07 17:06:33",
    "calendarYear": "2013",
    "period": "Q1",
    "revenue": 1834000000,
    "costOfRevenue": 1617000000,
    "grossProfit": 217000000,
    "grossProfitRatio": 0.1183206107,
    "researchAndDevelopmentExpenses": 224000000,
    "generalAndAdministrativeExpenses": 0,
    "sellingAndMarketingExpenses": 0,
    "sellingGeneralAndAdministrativeExpenses": 119000000,
    "otherExpenses": 0,
    "operatingExpenses": 425000000,
    "costAndExpenses": 2042000000,
    "interestIncome": 3000000,
    "interestExpense": 54000000,
    "depreciationAndAmortization": 457000000,
    "ebitda": 334000000,
    "ebitdaratio": 0.1821155943,
    "operatingIncome": -123000000,
    "operatingIncomeRatio": -0.0670665213,
    "totalOtherIncomeExpensesNet": -139000000,
    "incomeBeforeTax": -262000000,
    "incomeBeforeTaxRatio": -0.1428571429,
    "incomeTaxExpense": 13000000,
    "netIncome": -275000000,
    "netIncomeRatio": -0.1499454744,
    "eps": -0.27,
    "epsdiluted": -0.27,
    "weightedAverageShsOut": 1013700000,
    "weightedAverageShsOutDil": 1013700000,
    "link": "https://www.sec.gov/Archives/edgar/data/723125/000072312513000007/0000723125-13-000007-index.htm",
    "finalLink": "https://www.sec.gov/Archives/edgar/data/723125/000072312513000007/a2013q1.htm"
  },
  {
    "date": "2012-08-30",
    "symbol": "MU",
    "reportedCurrency": "USD",
    "cik": "0000723125",
    "fillingDate": "2012-10-29",
    "acceptedDate": "2012-10-29 16:49:33",
    "calendarYear": "2012",
    "period": "Q4",
    "revenue": 1963000000,
    "costOfRevenue": 1744000000,
    "grossProfit": 219000000,
    "grossProfitRatio": 0.1115639328,
    "researchAndDevelopmentExpenses": 235000000,
    "generalAndAdministrativeExpenses": 0,
    "sellingAndMarketingExpenses": 0,
    "sellingGeneralAndAdministrativeExpenses": 139000000,
    "otherExpenses": 0,
    "operatingExpenses": 374000000,
    "costAndExpenses": 2118000000,
    "interestIncome": 1000000,
    "interestExpense": 53000000,
    "depreciationAndAmortization": 483000000,
    "ebitda": 340000000,
    "ebitdaratio": 0.1732042792,
    "operatingIncome": -140000000,
    "operatingIncomeRatio": -0.0713194091,
    "totalOtherIncomeExpensesNet": -56000000,
    "incomeBeforeTax": -196000000,
    "incomeBeforeTaxRatio": -0.0998471727,
    "incomeTaxExpense": 14000000,
    "netIncome": -243000000,
    "netIncomeRatio": -0.1237901172,
    "eps": -0.24,
    "epsdiluted": -0.24,
    "weightedAverageShsOut": 1012300000,
    "weightedAverageShsOutDil": 1013100000,
    "link": "https://www.sec.gov/Archives/edgar/data/723125/000072312512000156/0000723125-12-000156-index.htm",
    "finalLink": "https://www.sec.gov/Archives/edgar/data/723125/000072312512000156/a2012q4.htm"
  },
  {
    "date": "2012-05-31",
    "symbol": "MU",
    "reportedCurrency": "USD",
    "cik": "0000723125",
    "fillingDate": "2012-07-09",
    "acceptedDate": "2012-07-09 16:11:10",
    "calendarYear": "2012",
    "period": "Q3",
    "revenue": 2172000000,
    "costOfRevenue": 1938000000,
    "grossProfit": 234000000,
    "grossProfitRatio": 0.1077348066,
    "researchAndDevelopmentExpenses": 231000000,
    "generalAndAdministrativeExpenses": 0,
    "sellingAndMarketingExpenses": 0,
    "sellingGeneralAndAdministrativeExpenses": 156000000,
    "otherExpenses": 0,
    "operatingExpenses": 420000000,
    "costAndExpenses": 2358000000,
    "interestIncome": 3000000,
    "interestExpense": 53000000,
    "depreciationAndAmortization": 525000000,
    "ebitda": 338000000,
    "ebitdaratio": 0.1556169429,
    "operatingIncome": -191000000,
    "operatingIncomeRatio": -0.0879373849,
    "totalOtherIncomeExpensesNet": -94000000,
    "incomeBeforeTax": -243000000,
    "incomeBeforeTaxRatio": -0.111878453,
    "incomeTaxExpense": -38000000,
    "netIncome": -320000000,
    "netIncomeRatio": -0.1473296501,
    "eps": -0.32,
    "epsdiluted": -0.32,
    "weightedAverageShsOut": 987300000,
    "weightedAverageShsOutDil": 987300000,
    "link": "https://www.sec.gov/Archives/edgar/data/723125/000072312512000084/0000723125-12-000084-index.htm",
    "finalLink": "https://www.sec.gov/Archives/edgar/data/723125/000072312512000084/a2012q3.htm"
  },
  {
    "date": "2012-03-01",
    "symbol": "MU",
    "reportedCurrency": "USD",
    "cik": "0000723125",
    "fillingDate": "2012-04-09",
    "acceptedDate": "2012-04-09 16:07:05",
    "calendarYear": "2012",
    "period": "Q2",
    "revenue": 2067000000,
    "costOfRevenue": 1799000000,
    "grossProfit": 268000000,
    "grossProfitRatio": 0.129656507,
    "researchAndDevelopmentExpenses": 222000000,
    "generalAndAdministrativeExpenses": 0,
    "sellingAndMarketingExpenses": 0,
    "sellingGeneralAndAdministrativeExpenses": 174000000,
    "otherExpenses": 19000000,
    "operatingExpenses": 416000000,
    "costAndExpenses": 2215000000,
    "interestIncome": 2000000,
    "interestExpense": 35000000,
    "depreciationAndAmortization": 569000000,
    "ebitda": 404000000,
    "ebitdaratio": 0.1954523464,
    "operatingIncome": -148000000,
    "operatingIncomeRatio": -0.0716013546,
    "totalOtherIncomeExpensesNet": -87000000,
    "incomeBeforeTax": -142000000,
    "incomeBeforeTaxRatio": -0.068698597,
    "incomeTaxExpense": 9000000,
    "netIncome": -224000000,
    "netIncomeRatio": -0.1083696178,
    "eps": -0.23,
    "epsdiluted": -0.23,
    "weightedAverageShsOut": 982800000,
    "weightedAverageShsOutDil": 982800000,
    "link": "https://www.sec.gov/Archives/edgar/data/723125/000072312512000057/0000723125-12-000057-index.htm",
    "finalLink": "https://www.sec.gov/Archives/edgar/data/723125/000072312512000057/a2012q2.htm"
  },
  {
    "date": "2011-12-01",
    "symbol": "MU",
    "reportedCurrency": "USD",
    "cik": "0000723125",
    "fillingDate": "2012-01-10",
    "acceptedDate": "2012-01-10 14:20:23",
    "calendarYear": "2012",
    "period": "Q1",
    "revenue": 2090000000,
    "costOfRevenue": 1785000000,
    "grossProfit": 305000000,
    "grossProfitRatio": 0.1459330144,
    "researchAndDevelopmentExpenses": 230000000,
    "generalAndAdministrativeExpenses": 0,
    "sellingAndMarketingExpenses": 0,
    "sellingGeneralAndAdministrativeExpenses": 151000000,
    "otherExpenses": 6000000,
    "operatingExpenses": 387000000,
    "costAndExpenses": 2172000000,
    "interestIncome": 2000000,
    "interestExpense": 35000000,
    "depreciationAndAmortization": 564000000,
    "ebitda": 484000000,
    "ebitdaratio": 0.2315789474,
    "operatingIncome": -82000000,
    "operatingIncomeRatio": -0.0392344498,
    "totalOtherIncomeExpensesNet": -103000000,
    "incomeBeforeTax": -115000000,
    "incomeBeforeTaxRatio": -0.0550239234,
    "incomeTaxExpense": -2000000,
    "netIncome": -187000000,
    "netIncomeRatio": -0.0894736842,
    "eps": -0.19,
    "epsdiluted": -0.19,
    "weightedAverageShsOut": 981400000,
    "weightedAverageShsOutDil": 981400000,
    "link": "https://www.sec.gov/Archives/edgar/data/723125/000072312512000007/0000723125-12-000007-index.htm",
    "finalLink": "https://www.sec.gov/Archives/edgar/data/723125/000072312512000007/a2012q1.htm"
  },
  {
    "date": "2011-09-01",
    "symbol": "MU",
    "reportedCurrency": "USD",
    "cik": "0000723125",
    "fillingDate": "2011-10-25",
    "acceptedDate": "2011-10-25 15:34:34",
    "calendarYear": "2011",
    "period": "Q4",
    "revenue": 2140000000,
    "costOfRevenue": 1819000000,
    "grossProfit": 321000000,
    "grossProfitRatio": 0.15,
    "researchAndDevelopmentExpenses": 209000000,
    "generalAndAdministrativeExpenses": 0,
    "sellingAndMarketingExpenses": 0,
    "sellingGeneralAndAdministrativeExpenses": 155000000,
    "otherExpenses": 0,
    "operatingExpenses": 364000000,
    "costAndExpenses": 2183000000,
    "interestIncome": 2000000,
    "interestExpense": 30000000,
    "depreciationAndAmortization": 555000000,
    "ebitda": 507000000,
    "ebitdaratio": 0.2369158879,
    "operatingIncome": -51000000,
    "operatingIncomeRatio": -0.0238317757,
    "totalOtherIncomeExpensesNet": -27000000,
    "incomeBeforeTax": -78000000,
    "incomeBeforeTaxRatio": -0.0364485981,
    "incomeTaxExpense": 16000000,
    "netIncome": -135000000,
    "netIncomeRatio": -0.0630841121,
    "eps": -0.14,
    "epsdiluted": -0.14,
    "weightedAverageShsOut": 992200000,
    "weightedAverageShsOutDil": 992200000,
    "link": "https://www.sec.gov/Archives/edgar/data/723125/000072312511000189/0000723125-11-000189-index.htm",
    "finalLink": "https://www.sec.gov/Archives/edgar/data/723125/000072312511000189/mu-912011x10k.htm"
  },
  {
    "date": "2011-06-02",
    "symbol": "MU",
    "reportedCurrency": "USD",
    "cik": "0000723125",
    "fillingDate": "2011-07-12",
    "acceptedDate": "2011-07-12 15:12:41",
    "calendarYear": "2011",
    "period": "Q3",
    "revenue": 2139000000,
    "costOfRevenue": 1661000000,
    "grossProfit": 478000000,
    "grossProfitRatio": 0.2234689107,
    "researchAndDevelopmentExpenses": 211000000,
    "generalAndAdministrativeExpenses": 0,
    "sellingAndMarketingExpenses": 0,
    "sellingGeneralAndAdministrativeExpenses": 151000000,
    "otherExpenses": 0,
    "operatingExpenses": 241000000,
    "costAndExpenses": 1902000000,
    "interestIncome": 6000000,
    "interestExpense": 28000000,
    "depreciationAndAmortization": 547000000,
    "ebitda": 800000000,
    "ebitdaratio": 0.3740065451,
    "operatingIncome": 237000000,
    "operatingIncomeRatio": 0.110799439,
    "totalOtherIncomeExpensesNet": -12000000,
    "incomeBeforeTax": 225000000,
    "incomeBeforeTaxRatio": 0.1051893408,
    "incomeTaxExpense": 104000000,
    "netIncome": 75000000,
    "netIncomeRatio": 0.0350631136,
    "eps": 0.07,
    "epsdiluted": 0.07,
    "weightedAverageShsOut": 998900000,
    "weightedAverageShsOutDil": 1041700000,
    "link": "https://www.sec.gov/Archives/edgar/data/723125/000072312511000122/0000723125-11-000122-index.htm",
    "finalLink": "https://www.sec.gov/Archives/edgar/data/723125/000072312511000122/mu-622011x10q.htm"
  },
  {
    "date": "2011-03-03",
    "symbol": "MU",
    "reportedCurrency": "USD",
    "cik": "0000723125",
    "fillingDate": "2011-04-12",
    "acceptedDate": "2011-04-12 16:55:00",
    "calendarYear": "2011",
    "period": "Q2",
    "revenue": 2257000000,
    "costOfRevenue": 1822000000,
    "grossProfit": 435000000,
    "grossProfitRatio": 0.1927337173,
    "researchAndDevelopmentExpenses": 186000000,
    "generalAndAdministrativeExpenses": 0,
    "sellingAndMarketingExpenses": 0,
    "sellingGeneralAndAdministrativeExpenses": 146000000,
    "otherExpenses": -76000000,
    "operatingExpenses": 256000000,
    "costAndExpenses": 2078000000,
    "interestIncome": 7000000,
    "interestExpense": 28000000,
    "depreciationAndAmortization": 486000000,
    "ebitda": 672000000,
    "ebitdaratio": 0.2977403633,
    "operatingIncome": 179000000,
    "operatingIncomeRatio": 0.079308817,
    "totalOtherIncomeExpensesNet": -21000000,
    "incomeBeforeTax": 158000000,
    "incomeBeforeTaxRatio": 0.0700044307,
    "incomeTaxExpense": 35000000,
    "netIncome": 72000000,
    "netIncomeRatio": 0.0319007532,
    "eps": 0.07,
    "epsdiluted": 0.07,
    "weightedAverageShsOut": 988100000,
    "weightedAverageShsOutDil": 1037300000,
    "link": "https://www.sec.gov/Archives/edgar/data/723125/000072312511000085/0000723125-11-000085-index.htm",
    "finalLink": "https://www.sec.gov/Archives/edgar/data/723125/000072312511000085/q2-10q_fy11.htm"
  },
  {
    "date": "2010-12-02",
    "symbol": "MU",
    "reportedCurrency": "USD",
    "cik": "0000723125",
    "fillingDate": "2011-01-11",
    "acceptedDate": "2011-01-11 15:26:05",
    "calendarYear": "2011",
    "period": "Q1",
    "revenue": 2252000000,
    "costOfRevenue": 1728000000,
    "grossProfit": 524000000,
    "grossProfitRatio": 0.2326820604,
    "researchAndDevelopmentExpenses": 185000000,
    "generalAndAdministrativeExpenses": 0,
    "sellingAndMarketingExpenses": 0,
    "sellingGeneralAndAdministrativeExpenses": 140000000,
    "otherExpenses": -191000000,
    "operatingExpenses": 134000000,
    "costAndExpenses": 1862000000,
    "interestIncome": 8000000,
    "interestExpense": 38000000,
    "depreciationAndAmortization": 517000000,
    "ebitda": 784000000,
    "ebitdaratio": 0.3481349911,
    "operatingIncome": 390000000,
    "operatingIncomeRatio": 0.1731793961,
    "totalOtherIncomeExpensesNet": -144000000,
    "incomeBeforeTax": 246000000,
    "incomeBeforeTaxRatio": 0.1092362345,
    "incomeTaxExpense": 48000000,
    "netIncome": 155000000,
    "netIncomeRatio": 0.0688277087,
    "eps": 0.16,
    "epsdiluted": 0.15,
    "weightedAverageShsOut": 972900000,
    "weightedAverageShsOutDil": 1031300000,
    "link": "https://www.sec.gov/Archives/edgar/data/723125/000072312511000037/0000723125-11-000037-index.htm",
    "finalLink": "https://www.sec.gov/Archives/edgar/data/723125/000072312511000037/q1-10q_fy11.htm"
  },
  {
    "date": "2010-09-02",
    "symbol": "MU",
    "reportedCurrency": "USD",
    "cik": "0000723125",
    "fillingDate": "2010-10-26",
    "acceptedDate": "2010-10-26 13:57:47",
    "calendarYear": "2010",
    "period": "Q4",
    "revenue": 2493000000,
    "costOfRevenue": 1712000000,
    "grossProfit": 781000000,
    "grossProfitRatio": 0.3132771761,
    "researchAndDevelopmentExpenses": 197000000,
    "generalAndAdministrativeExpenses": 0,
    "sellingAndMarketingExpenses": 0,
    "sellingGeneralAndAdministrativeExpenses": 141000000,
    "otherExpenses": 13000000,
    "operatingExpenses": 351000000,
    "costAndExpenses": 2063000000,
    "interestIncome": 10000000,
    "interestExpense": 41000000,
    "depreciationAndAmortization": 531000000,
    "ebitda": 972000000,
    "ebitdaratio": 0.3898916968,
    "operatingIncome": 433000000,
    "operatingIncomeRatio": 0.1736863217,
    "totalOtherIncomeExpensesNet": -33000000,
    "incomeBeforeTax": 400000000,
    "incomeBeforeTaxRatio": 0.1604492579,
    "incomeTaxExpense": 25000000,
    "netIncome": 342000000,
    "netIncomeRatio": 0.1371841155,
    "eps": 0.3,
    "epsdiluted": 0.3,
    "weightedAverageShsOut": 1142600000,
    "weightedAverageShsOutDil": 1142600000,
    "link": "https://www.sec.gov/Archives/edgar/data/723125/000072312510000174/0000723125-10-000174-index.htm",
    "finalLink": "https://www.sec.gov/Archives/edgar/data/723125/000072312510000174/q4fy2010.htm"
  },
  {
    "date": "2010-06-03",
    "symbol": "MU",
    "reportedCurrency": "USD",
    "cik": "0000723125",
    "fillingDate": "2010-07-13",
    "acceptedDate": "2010-07-13 16:15:15",
    "calendarYear": "2010",
    "period": "Q3",
    "revenue": 2288000000,
    "costOfRevenue": 1440000000,
    "grossProfit": 848000000,
    "grossProfitRatio": 0.3706293706,
    "researchAndDevelopmentExpenses": 142000000,
    "generalAndAdministrativeExpenses": 0,
    "sellingAndMarketingExpenses": 0,
    "sellingGeneralAndAdministrativeExpenses": 190000000,
    "otherExpenses": -19000000,
    "operatingExpenses": 313000000,
    "costAndExpenses": 1753000000,
    "interestIncome": 4000000,
    "interestExpense": 44000000,
    "depreciationAndAmortization": 497000000,
    "ebitda": 1036000000,
    "ebitdaratio": 0.4527972028,
    "operatingIncome": 540000000,
    "operatingIncomeRatio": 0.236013986,
    "totalOtherIncomeExpensesNet": 398000000,
    "incomeBeforeTax": 938000000,
    "incomeBeforeTaxRatio": 0.409965035,
    "incomeTaxExpense": -41000000,
    "netIncome": 939000000,
    "netIncomeRatio": 0.4104020979,
    "eps": 1.06,
    "epsdiluted": 0.92,
    "weightedAverageShsOut": 885400000,
    "weightedAverageShsOutDil": 1049400000,
    "link": "https://www.sec.gov/Archives/edgar/data/723125/000072312510000091/0000723125-10-000091-index.htm",
    "finalLink": "https://www.sec.gov/Archives/edgar/data/723125/000072312510000091/q3-fy2010.htm"
  },
  {
    "date": "2010-03-04",
    "symbol": "MU",
    "reportedCurrency": "USD",
    "cik": "0000723125",
    "fillingDate": "2010-04-09",
    "acceptedDate": "2010-04-09 16:32:25",
    "calendarYear": "2010",
    "period": "Q2",
    "revenue": 1961000000,
    "costOfRevenue": 1319000000,
    "grossProfit": 642000000,
    "grossProfitRatio": 0.3273839878,
    "researchAndDevelopmentExpenses": 148000000,
    "generalAndAdministrativeExpenses": 0,
    "sellingAndMarketingExpenses": 0,
    "sellingGeneralAndAdministrativeExpenses": 100000000,
    "otherExpenses": -20000000,
    "operatingExpenses": 228000000,
    "costAndExpenses": 1547000000,
    "interestIncome": 2000000,
    "interestExpense": 46000000,
    "depreciationAndAmortization": 486000000,
    "ebitda": 862000000,
    "ebitdaratio": 0.4395716471,
    "operatingIncome": 415000000,
    "operatingIncomeRatio": 0.2116267211,
    "totalOtherIncomeExpensesNet": -45000000,
    "incomeBeforeTax": 370000000,
    "incomeBeforeTaxRatio": 0.1886792453,
    "incomeTaxExpense": 4000000,
    "netIncome": 365000000,
    "netIncomeRatio": 0.1861295258,
    "eps": 0.43,
    "epsdiluted": 0.39,
    "weightedAverageShsOut": 847600000,
    "weightedAverageShsOutDil": 1005300000,
    "link": "https://www.sec.gov/Archives/edgar/data/723125/000072312510000050/0000723125-10-000050-index.htm",
    "finalLink": "https://www.sec.gov/Archives/edgar/data/723125/000072312510000050/q2fy10_10-q.htm"
  },
  {
    "date": "2009-12-03",
    "symbol": "MU",
    "reportedCurrency": "USD",
    "cik": "0000723125",
    "fillingDate": "2010-01-12",
    "acceptedDate": "2010-01-12 14:40:38",
    "calendarYear": "2010",
    "period": "Q1",
    "revenue": 1740000000,
    "costOfRevenue": 1297000000,
    "grossProfit": 443000000,
    "grossProfitRatio": 0.2545977011,
    "researchAndDevelopmentExpenses": 137000000,
    "generalAndAdministrativeExpenses": 0,
    "sellingAndMarketingExpenses": 0,
    "sellingGeneralAndAdministrativeExpenses": 97000000,
    "otherExpenses": 9000000,
    "operatingExpenses": 243000000,
    "costAndExpenses": 1540000000,
    "interestIncome": 2000000,
    "interestExpense": 47000000,
    "depreciationAndAmortization": 491000000,
    "ebitda": 750000000,
    "ebitdaratio": 0.4310344828,
    "operatingIncome": 201000000,
    "operatingIncomeRatio": 0.1155172414,
    "totalOtherIncomeExpensesNet": 3000000,
    "incomeBeforeTax": 212000000,
    "incomeBeforeTaxRatio": 0.1218390805,
    "incomeTaxExpense": -7000000,
    "netIncome": 204000000,
    "netIncomeRatio": 0.1172413793,
    "eps": 0.24,
    "epsdiluted": 0.23,
    "weightedAverageShsOut": 846300000,
    "weightedAverageShsOutDil": 1000700000,
    "link": "https://www.sec.gov/Archives/edgar/data/723125/000072312510000019/0000723125-10-000019-index.htm",
    "finalLink": "https://www.sec.gov/Archives/edgar/data/723125/000072312510000019/q1-10q_2010.htm"
  },
  {
    "date": "2009-09-03",
    "symbol": "MU",
    "reportedCurrency": "USD",
    "cik": "0000723125",
    "fillingDate": "2009-10-28",
    "acceptedDate": "2009-10-28 13:00:39",
    "calendarYear": "2009",
    "period": "Q4",
    "revenue": 1302000000,
    "costOfRevenue": 1132000000,
    "grossProfit": 170000000,
    "grossProfitRatio": 0.1305683564,
    "researchAndDevelopmentExpenses": 139000000,
    "generalAndAdministrativeExpenses": 0,
    "sellingAndMarketingExpenses": 0,
    "sellingGeneralAndAdministrativeExpenses": 82000000,
    "otherExpenses": -14000000,
    "operatingExpenses": 207000000,
    "costAndExpenses": 1339000000,
    "interestIncome": 2000000,
    "interestExpense": 33000000,
    "depreciationAndAmortization": 491000000,
    "ebitda": 443000000,
    "ebitdaratio": 0.3402457757,
    "operatingIncome": -49000000,
    "operatingIncomeRatio": -0.0376344086,
    "totalOtherIncomeExpensesNet": -32000000,
    "incomeBeforeTax": -81000000,
    "incomeBeforeTaxRatio": -0.0622119816,
    "incomeTaxExpense": -13000000,
    "netIncome": -88000000,
    "netIncomeRatio": -0.0675883257,
    "eps": -0.1,
    "epsdiluted": -0.1,
    "weightedAverageShsOut": 843300000,
    "weightedAverageShsOutDil": 844300000,
    "link": "https://www.sec.gov/Archives/edgar/data/723125/000072312509000128/0000723125-09-000128-index.htm",
    "finalLink": "https://www.sec.gov/Archives/edgar/data/723125/000072312509000128/fy200910-k.htm"
  },
  {
    "date": "2009-06-04",
    "symbol": "MU",
    "reportedCurrency": "USD",
    "cik": "0000723125",
    "fillingDate": "2009-07-14",
    "acceptedDate": "2009-07-14 14:11:49",
    "calendarYear": "2009",
    "period": "Q3",
    "revenue": 1106000000,
    "costOfRevenue": 999000000,
    "grossProfit": 107000000,
    "grossProfitRatio": 0.0967450271,
    "researchAndDevelopmentExpenses": 162000000,
    "generalAndAdministrativeExpenses": 0,
    "sellingAndMarketingExpenses": 0,
    "sellingGeneralAndAdministrativeExpenses": 80000000,
    "otherExpenses": 92000000,
    "operatingExpenses": 334000000,
    "costAndExpenses": 1333000000,
    "interestIncome": 6000000,
    "interestExpense": 37000000,
    "depreciationAndAmortization": 514000000,
    "ebitda": 282000000,
    "ebitdaratio": 0.2549728752,
    "operatingIncome": -246000000,
    "operatingIncomeRatio": -0.2224231465,
    "totalOtherIncomeExpensesNet": -47000000,
    "incomeBeforeTax": -280000000,
    "incomeBeforeTaxRatio": -0.253164557,
    "incomeTaxExpense": -2000000,
    "netIncome": -290000000,
    "netIncomeRatio": -0.2622061483,
    "eps": -0.36,
    "epsdiluted": -0.36,
    "weightedAverageShsOut": 813300000,
    "weightedAverageShsOutDil": 813300000,
    "link": "https://www.sec.gov/Archives/edgar/data/723125/000072312509000061/0000723125-09-000061-index.htm",
    "finalLink": "https://www.sec.gov/Archives/edgar/data/723125/000072312509000061/q309_10-q.htm"
  },
  {
    "date": "2009-03-05",
    "symbol": "MU",
    "reportedCurrency": "USD",
    "cik": "0000723125",
    "fillingDate": "2009-04-07",
    "acceptedDate": "2009-04-07 14:24:52",
    "calendarYear": "2009",
    "period": "Q2",
    "revenue": 993000000,
    "costOfRevenue": 1260000000,
    "grossProfit": -267000000,
    "grossProfitRatio": -0.2688821752,
    "researchAndDevelopmentExpenses": 168000000,
    "generalAndAdministrativeExpenses": 0,
    "sellingAndMarketingExpenses": 0,
    "sellingGeneralAndAdministrativeExpenses": 90000000,
    "otherExpenses": 78000000,
    "operatingExpenses": 336000000,
    "costAndExpenses": 1596000000,
    "interestIncome": 4000000,
    "interestExpense": 47000000,
    "depreciationAndAmortization": 540000000,
    "ebitda": -143000000,
    "ebitdaratio": -0.1440080564,
    "operatingIncome": -708000000,
    "operatingIncomeRatio": -0.7129909366,
    "totalOtherIncomeExpensesNet": -44000000,
    "incomeBeforeTax": -742000000,
    "incomeBeforeTaxRatio": -0.7472306143,
    "incomeTaxExpense": 4000000,
    "netIncome": -751000000,
    "netIncomeRatio": -0.7562940584,
    "eps": -0.97,
    "epsdiluted": -0.97,
    "weightedAverageShsOut": 773900000,
    "weightedAverageShsOutDil": 773900000,
    "link": "https://www.sec.gov/Archives/edgar/data/723125/000072312509000029/0000723125-09-000029-index.htm",
    "finalLink": "https://www.sec.gov/Archives/edgar/data/723125/000072312509000029/q209_10-q.htm"
  },
  {
    "date": "2008-12-04",
    "symbol": "MU",
    "reportedCurrency": "USD",
    "cik": "0000723125",
    "fillingDate": "2009-01-13",
    "acceptedDate": "2009-01-13 15:00:56",
    "calendarYear": "2009",
    "period": "Q1",
    "revenue": 1402000000,
    "costOfRevenue": 1851000000,
    "grossProfit": -449000000,
    "grossProfitRatio": -0.320256776,
    "researchAndDevelopmentExpenses": 178000000,
    "generalAndAdministrativeExpenses": 0,
    "sellingAndMarketingExpenses": 0,
    "sellingGeneralAndAdministrativeExpenses": 102000000,
    "otherExpenses": 0,
    "operatingExpenses": 289000000,
    "costAndExpenses": 2140000000,
    "interestIncome": 0,
    "interestExpense": 0,
    "depreciationAndAmortization": 594000000,
    "ebitda": -144000000,
    "ebitdaratio": -0.1027104137,
    "operatingIncome": -672000000,
    "operatingIncomeRatio": -0.4793152639,
    "totalOtherIncomeExpensesNet": -34000000,
    "incomeBeforeTax": -706000000,
    "incomeBeforeTaxRatio": -0.5035663338,
    "incomeTaxExpense": 0,
    "netIncome": -706000000,
    "netIncomeRatio": -0.5035663338,
    "eps": -0.91,
    "epsdiluted": -0.91,
    "weightedAverageShsOut": 773300000,
    "weightedAverageShsOutDil": 773300000,
    "link": "https://www.sec.gov/Archives/edgar/data/723125/000072312509000003/0000723125-09-000003-index.htm",
    "finalLink": "https://www.sec.gov/Archives/edgar/data/723125/000072312509000003/q109_10-q.htm"
  },
  {
    "date": "2008-10-08",
    "symbol": "MU",
    "reportedCurrency": "USD",
    "cik": "0000723125",
    "fillingDate": "2008-10-27",
    "acceptedDate": "2008-10-27 16:38:04",
    "calendarYear": "2008",
    "period": "Q4",
    "revenue": 1449000000,
    "costOfRevenue": 1514000000,
    "grossProfit": -65000000,
    "grossProfitRatio": -0.0448585231,
    "researchAndDevelopmentExpenses": 167000000,
    "generalAndAdministrativeExpenses": 0,
    "sellingAndMarketingExpenses": 0,
    "sellingGeneralAndAdministrativeExpenses": 107000000,
    "otherExpenses": -5000000,
    "operatingExpenses": 269000000,
    "costAndExpenses": 1783000000,
    "interestIncome": 0,
    "interestExpense": 0,
    "depreciationAndAmortization": 532000000,
    "ebitda": 198000000,
    "ebitdaratio": 0.1366459627,
    "operatingIncome": -338000000,
    "operatingIncomeRatio": -0.2332643202,
    "totalOtherIncomeExpensesNet": -15000000,
    "incomeBeforeTax": -353000000,
    "incomeBeforeTaxRatio": -0.2436162871,
    "incomeTaxExpense": 2000000,
    "netIncome": -344000000,
    "netIncomeRatio": -0.237405107,
    "eps": -0.45,
    "epsdiluted": -0.45,
    "weightedAverageShsOut": 772800000,
    "weightedAverageShsOutDil": 772800000,
    "link": "https://www.sec.gov/Archives/edgar/data/723125/000072312508000111/0000723125-08-000111-index.htm",
    "finalLink": "https://www.sec.gov/Archives/edgar/data/723125/000072312508000111/fy08-10k.htm"
  },
  {
    "date": "2008-06-26",
    "symbol": "MU",
    "reportedCurrency": "USD",
    "cik": "0000723125",
    "fillingDate": "2008-07-08",
    "acceptedDate": "2008-07-08 15:30:42",
    "calendarYear": "2008",
    "period": "Q3",
    "revenue": 1498000000,
    "costOfRevenue": 1450000000,
    "grossProfit": 48000000,
    "grossProfitRatio": 0.0320427236,
    "researchAndDevelopmentExpenses": 170000000,
    "generalAndAdministrativeExpenses": 0,
    "sellingAndMarketingExpenses": 0,
    "sellingGeneralAndAdministrativeExpenses": 116000000,
    "otherExpenses": -21000000,
    "operatingExpenses": 265000000,
    "costAndExpenses": 1715000000,
    "interestIncome": 15000000,
    "interestExpense": 21000000,
    "depreciationAndAmortization": 513000000,
    "ebitda": 303000000,
    "ebitdaratio": 0.2022696929,
    "operatingIncome": -225000000,
    "operatingIncomeRatio": -0.150200267,
    "totalOtherIncomeExpensesNet": 7000000,
    "incomeBeforeTax": -231000000,
    "incomeBeforeTaxRatio": -0.1542056075,
    "incomeTaxExpense": 13000000,
    "netIncome": -236000000,
    "netIncomeRatio": -0.1575433912,
    "eps": -0.31,
    "epsdiluted": -0.31,
    "weightedAverageShsOut": 772800000,
    "weightedAverageShsOutDil": 772800000,
    "link": "https://www.sec.gov/Archives/edgar/data/723125/000072312508000053/0000723125-08-000053-index.htm",
    "finalLink": "https://www.sec.gov/Archives/edgar/data/723125/000072312508000053/q308-10q.htm"
  },
  {
    "date": "2008-02-28",
    "symbol": "MU",
    "reportedCurrency": "USD",
    "cik": "0000723125",
    "fillingDate": "2008-04-08",
    "acceptedDate": "2008-04-08 15:17:11",
    "calendarYear": "2008",
    "period": "Q2",
    "revenue": 1359000000,
    "costOfRevenue": 1402000000,
    "grossProfit": -43000000,
    "grossProfitRatio": -0.0316409124,
    "researchAndDevelopmentExpenses": 180000000,
    "generalAndAdministrativeExpenses": 0,
    "sellingAndMarketingExpenses": 0,
    "sellingGeneralAndAdministrativeExpenses": 120000000,
    "otherExpenses": 421000000,
    "operatingExpenses": 721000000,
    "costAndExpenses": 2123000000,
    "interestIncome": 0,
    "interestExpense": 0,
    "depreciationAndAmortization": 511000000,
    "ebitda": -253000000,
    "ebitdaratio": -0.1861662987,
    "operatingIncome": -772000000,
    "operatingIncomeRatio": -0.5680647535,
    "totalOtherIncomeExpensesNet": -3000000,
    "incomeBeforeTax": -775000000,
    "incomeBeforeTaxRatio": -0.570272259,
    "incomeTaxExpense": -4000000,
    "netIncome": -777000000,
    "netIncomeRatio": -0.5717439294,
    "eps": -1.01,
    "epsdiluted": -1.01,
    "weightedAverageShsOut": 772400000,
    "weightedAverageShsOutDil": 772400000,
    "link": "https://www.sec.gov/Archives/edgar/data/723125/000072312508000030/0000723125-08-000030-index.htm",
    "finalLink": "https://www.sec.gov/Archives/edgar/data/723125/000072312508000030/q2-10q2008.htm"
  },
  {
    "date": "2007-11-29",
    "symbol": "MU",
    "reportedCurrency": "USD",
    "cik": "0000723125",
    "fillingDate": "2008-01-08",
    "acceptedDate": "2008-01-08 16:34:18",
    "calendarYear": "2008",
    "period": "Q1",
    "revenue": 1535000000,
    "costOfRevenue": 1530000000,
    "grossProfit": 5000000,
    "grossProfitRatio": 0.003257329,
    "researchAndDevelopmentExpenses": 163000000,
    "generalAndAdministrativeExpenses": 0,
    "sellingAndMarketingExpenses": 0,
    "sellingGeneralAndAdministrativeExpenses": 112000000,
    "otherExpenses": 0,
    "operatingExpenses": 252000000,
    "costAndExpenses": 1782000000,
    "interestIncome": 0,
    "interestExpense": 0,
    "depreciationAndAmortization": 504000000,
    "ebitda": 257000000,
    "ebitdaratio": 0.1674267101,
    "operatingIncome": -260000000,
    "operatingIncomeRatio": -0.1693811075,
    "totalOtherIncomeExpensesNet": 8000000,
    "incomeBeforeTax": -252000000,
    "incomeBeforeTaxRatio": -0.1641693811,
    "incomeTaxExpense": 7000000,
    "netIncome": -262000000,
    "netIncomeRatio": -0.1706840391,
    "eps": -0.34,
    "epsdiluted": -0.34,
    "weightedAverageShsOut": 771900000,
    "weightedAverageShsOutDil": 771900000,
    "link": "https://www.sec.gov/Archives/edgar/data/723125/000072312508000004/0000723125-08-000004-index.htm",
    "finalLink": "https://www.sec.gov/Archives/edgar/data/723125/000072312508000004/q108-10q.htm"
  },
  {
    "date": "2007-10-12",
    "symbol": "MU",
    "reportedCurrency": "USD",
    "cik": "0000723125",
    "fillingDate": "2007-10-26",
    "acceptedDate": "2007-10-26 16:27:57",
    "calendarYear": "2007",
    "period": "Q4",
    "revenue": 1437000000,
    "costOfRevenue": 1264000000,
    "grossProfit": 173000000,
    "grossProfitRatio": 0.1203897008,
    "researchAndDevelopmentExpenses": 184000000,
    "generalAndAdministrativeExpenses": 0,
    "sellingAndMarketingExpenses": 0,
    "sellingGeneralAndAdministrativeExpenses": 143000000,
    "otherExpenses": -12000000,
    "operatingExpenses": 315000000,
    "costAndExpenses": 1579000000,
    "interestIncome": 0,
    "interestExpense": 0,
    "depreciationAndAmortization": 474000000,
    "ebitda": 332000000,
    "ebitdaratio": 0.2310368824,
    "operatingIncome": -161000000,
    "operatingIncomeRatio": -0.1120389701,
    "totalOtherIncomeExpensesNet": 15000000,
    "incomeBeforeTax": -146000000,
    "incomeBeforeTaxRatio": -0.1016005567,
    "incomeTaxExpense": 6000000,
    "netIncome": -158000000,
    "netIncomeRatio": -0.1099512874,
    "eps": -0.21,
    "epsdiluted": -0.21,
    "weightedAverageShsOut": 769900000,
    "weightedAverageShsOutDil": 769900000,
    "link": "https://www.sec.gov/Archives/edgar/data/723125/000072312507000108/0000723125-07-000108-index.htm",
    "finalLink": "https://www.sec.gov/Archives/edgar/data/723125/000072312507000108/mti10k-fy2007.htm"
  },
  {
    "date": "2007-05-31",
    "symbol": "MU",
    "reportedCurrency": "USD",
    "cik": "0000723125",
    "fillingDate": "2007-07-10",
    "acceptedDate": "2007-07-10 17:01:17",
    "calendarYear": "2007",
    "period": "Q3",
    "revenue": 1294000000,
    "costOfRevenue": 1188000000,
    "grossProfit": 106000000,
    "grossProfitRatio": 0.0819165379,
    "researchAndDevelopmentExpenses": 195000000,
    "generalAndAdministrativeExpenses": 0,
    "sellingAndMarketingExpenses": 0,
    "sellingGeneralAndAdministrativeExpenses": 134000000,
    "otherExpenses": -28000000,
    "operatingExpenses": 301000000,
    "costAndExpenses": 1489000000,
    "interestIncome": 0,
    "interestExpense": 0,
    "depreciationAndAmortization": 444000000,
    "ebitda": 249000000,
    "ebitdaratio": 0.1924265842,
    "operatingIncome": -195000000,
    "operatingIncomeRatio": -0.1506955178,
    "totalOtherIncomeExpensesNet": -39000000,
    "incomeBeforeTax": -177000000,
    "incomeBeforeTaxRatio": -0.1367851623,
    "incomeTaxExpense": 9000000,
    "netIncome": -225000000,
    "netIncomeRatio": -0.1738794436,
    "eps": -0.29,
    "epsdiluted": -0.29,
    "weightedAverageShsOut": 769900000,
    "weightedAverageShsOutDil": 769900000,
    "link": "https://www.sec.gov/Archives/edgar/data/723125/000072312507000047/0000723125-07-000047-index.htm",
    "finalLink": "https://www.sec.gov/Archives/edgar/data/723125/000072312507000047/mti10q3-07.htm"
  },
  {
    "date": "2007-03-01",
    "symbol": "MU",
    "reportedCurrency": "USD",
    "cik": "0000723125",
    "fillingDate": "2007-04-10",
    "acceptedDate": "2007-04-10 16:20:50",
    "calendarYear": "2007",
    "period": "Q2",
    "revenue": 1427000000,
    "costOfRevenue": 1070000000,
    "grossProfit": 357000000,
    "grossProfitRatio": 0.2501751927,
    "researchAndDevelopmentExpenses": 243000000,
    "generalAndAdministrativeExpenses": 0,
    "sellingAndMarketingExpenses": 0,
    "sellingGeneralAndAdministrativeExpenses": 153000000,
    "otherExpenses": -5000000,
    "operatingExpenses": 391000000,
    "costAndExpenses": 1461000000,
    "interestIncome": 0,
    "interestExpense": 0,
    "depreciationAndAmortization": 420000000,
    "ebitda": 386000000,
    "ebitdaratio": 0.2704975473,
    "operatingIncome": -34000000,
    "operatingIncomeRatio": -0.0238262088,
    "totalOtherIncomeExpensesNet": -24000000,
    "incomeBeforeTax": 2000000,
    "incomeBeforeTaxRatio": 0.0014015417,
    "incomeTaxExpense": 6000000,
    "netIncome": -52000000,
    "netIncomeRatio": -0.0364400841,
    "eps": -0.0676,
    "epsdiluted": -0.0676,
    "weightedAverageShsOut": 768700000,
    "weightedAverageShsOutDil": 768700000,
    "link": "https://www.sec.gov/Archives/edgar/data/723125/000072312507000028/0000723125-07-000028-index.htm",
    "finalLink": "https://www.sec.gov/Archives/edgar/data/723125/000072312507000028/mti10q2-07.htm"
  },
  {
    "date": "2006-11-30",
    "symbol": "MU",
    "reportedCurrency": "USD",
    "cik": "0000723125",
    "fillingDate": "2007-01-16",
    "acceptedDate": "2007-01-16 16:14:31",
    "calendarYear": "2007",
    "period": "Q1",
    "revenue": 1530000000,
    "costOfRevenue": 1088000000,
    "grossProfit": 442000000,
    "grossProfitRatio": 0.2888888889,
    "researchAndDevelopmentExpenses": 183000000,
    "generalAndAdministrativeExpenses": 0,
    "sellingAndMarketingExpenses": 0,
    "sellingGeneralAndAdministrativeExpenses": 180000000,
    "otherExpenses": -31000000,
    "operatingExpenses": 332000000,
    "costAndExpenses": 1420000000,
    "interestIncome": 0,
    "interestExpense": 0,
    "depreciationAndAmortization": 380000000,
    "ebitda": 490000000,
    "ebitdaratio": 0.3202614379,
    "operatingIncome": 110000000,
    "operatingIncomeRatio": 0.0718954248,
    "totalOtherIncomeExpensesNet": 5000000,
    "incomeBeforeTax": 153000000,
    "incomeBeforeTaxRatio": 0.1,
    "incomeTaxExpense": 9000000,
    "netIncome": 115000000,
    "netIncomeRatio": 0.0751633987,
    "eps": 0.15,
    "epsdiluted": 0.15,
    "weightedAverageShsOut": 767000000,
    "weightedAverageShsOutDil": 779600000,
    "link": "https://www.sec.gov/Archives/edgar/data/723125/000110465907002662/0001104659-07-002662-index.htm",
    "finalLink": "https://www.sec.gov/Archives/edgar/data/723125/000110465907002662/a07-1385_110q.htm"
  },
  {
    "date": "2006-08-31",
    "symbol": "MU",
    "reportedCurrency": "USD",
    "cik": "0000723125",
    "fillingDate": "2006-11-08",
    "acceptedDate": "2006-11-07 19:56:42",
    "calendarYear": "2006",
    "period": "Q4",
    "revenue": 1372900000,
    "costOfRevenue": 1049100000,
    "grossProfit": 323800000,
    "grossProfitRatio": 0.2358511181,
    "researchAndDevelopmentExpenses": 163300000,
    "generalAndAdministrativeExpenses": 0,
    "sellingAndMarketingExpenses": 0,
    "sellingGeneralAndAdministrativeExpenses": 143700000,
    "otherExpenses": -35200000,
    "operatingExpenses": 271800000,
    "costAndExpenses": 1320900000,
    "interestIncome": 0,
    "interestExpense": 0,
    "depreciationAndAmortization": 344800000,
    "ebitda": 396800000,
    "ebitdaratio": 0.2890232355,
    "operatingIncome": 53000000,
    "operatingIncomeRatio": 0.038604414,
    "totalOtherIncomeExpensesNet": 5800000,
    "incomeBeforeTax": 91900000,
    "incomeBeforeTaxRatio": 0.0669385971,
    "incomeTaxExpense": 4000000,
    "netIncome": 63700000,
    "netIncomeRatio": 0.0463981353,
    "eps": 0.0885,
    "epsdiluted": 0.0885,
    "weightedAverageShsOut": 720100000,
    "weightedAverageShsOutDil": 720100000,
    "link": "https://www.sec.gov/Archives/edgar/data/723125/000110465906072331/0001104659-06-072331-index.htm",
    "finalLink": "https://www.sec.gov/Archives/edgar/data/723125/000110465906072331/a06-20825_210k.htm"
  },
  {
    "date": "2006-06-01",
    "symbol": "MU",
    "reportedCurrency": "USD",
    "cik": "0000723125",
    "fillingDate": "2006-07-11",
    "acceptedDate": "2006-07-11 15:43:35",
    "calendarYear": "2006",
    "period": "Q3",
    "revenue": 1312300000,
    "costOfRevenue": 982500000,
    "grossProfit": 329800000,
    "grossProfitRatio": 0.251314486,
    "researchAndDevelopmentExpenses": 167700000,
    "generalAndAdministrativeExpenses": 0,
    "sellingAndMarketingExpenses": 0,
    "sellingGeneralAndAdministrativeExpenses": 113200000,
    "otherExpenses": 1500000,
    "operatingExpenses": 282400000,
    "costAndExpenses": 1264900000,
    "interestIncome": 0,
    "interestExpense": 0,
    "depreciationAndAmortization": 341200000,
    "ebitda": 47400000,
    "ebitdaratio": 0.0361197897,
    "operatingIncome": 47400000,
    "operatingIncomeRatio": 0.0361197897,
    "totalOtherIncomeExpensesNet": 30400000,
    "incomeBeforeTax": 77800000,
    "incomeBeforeTaxRatio": 0.0592852244,
    "incomeTaxExpense": 6500000,
    "netIncome": 88500000,
    "netIncomeRatio": 0.0674388478,
    "eps": 0.12,
    "epsdiluted": 0.12,
    "weightedAverageShsOut": 708600000,
    "weightedAverageShsOutDil": 720100000,
    "link": "https://www.sec.gov/Archives/edgar/data/723125/000110465906046432/0001104659-06-046432-index.htm",
    "finalLink": "https://www.sec.gov/Archives/edgar/data/723125/000110465906046432/a06-15102_110q.htm"
  },
  {
    "date": "2006-03-02",
    "symbol": "MU",
    "reportedCurrency": "USD",
    "cik": "0000723125",
    "fillingDate": "2006-04-11",
    "acceptedDate": "2006-04-11 17:10:42",
    "calendarYear": "2006",
    "period": "Q2",
    "revenue": 1225000000,
    "costOfRevenue": 990000000,
    "grossProfit": 235000000,
    "grossProfitRatio": 0.1918367347,
    "researchAndDevelopmentExpenses": 160000000,
    "generalAndAdministrativeExpenses": 0,
    "sellingAndMarketingExpenses": 0,
    "sellingGeneralAndAdministrativeExpenses": 108000000,
    "otherExpenses": -220000000,
    "operatingExpenses": 48000000,
    "costAndExpenses": 1038000000,
    "interestIncome": 0,
    "interestExpense": 0,
    "depreciationAndAmortization": 291600000,
    "ebitda": 479600000,
    "ebitdaratio": 0.3915102041,
    "operatingIncome": 187000000,
    "operatingIncomeRatio": 0.1526530612,
    "totalOtherIncomeExpensesNet": 14000000,
    "incomeBeforeTax": 201000000,
    "incomeBeforeTaxRatio": 0.1640816327,
    "incomeTaxExpense": 7000000,
    "netIncome": 193000000,
    "netIncomeRatio": 0.1575510204,
    "eps": 0.29,
    "epsdiluted": 0.27,
    "weightedAverageShsOut": 661500000,
    "weightedAverageShsOutDil": 714600000,
    "link": "https://www.sec.gov/Archives/edgar/data/723125/000110465906024427/0001104659-06-024427-index.htm",
    "finalLink": "https://www.sec.gov/Archives/edgar/data/723125/000110465906024427/a06-8731_110q.htm"
  },
  {
    "date": "2005-12-01",
    "symbol": "MU",
    "reportedCurrency": "USD",
    "cik": "0000723125",
    "fillingDate": "2006-01-10",
    "acceptedDate": "2006-01-10 10:13:42",
    "calendarYear": "2006",
    "period": "Q1",
    "revenue": 1361800000,
    "costOfRevenue": 1050700000,
    "grossProfit": 311100000,
    "grossProfitRatio": 0.2284476428,
    "researchAndDevelopmentExpenses": 165500000,
    "generalAndAdministrativeExpenses": 0,
    "sellingAndMarketingExpenses": 0,
    "sellingGeneralAndAdministrativeExpenses": 95300000,
    "otherExpenses": -12100000,
    "operatingExpenses": 248700000,
    "costAndExpenses": 1299400000,
    "interestIncome": 0,
    "interestExpense": 0,
    "depreciationAndAmortization": 303400000,
    "ebitda": 62400000,
    "ebitdaratio": 0.0458217066,
    "operatingIncome": 62400000,
    "operatingIncomeRatio": 0.0458217066,
    "totalOtherIncomeExpensesNet": 400000,
    "incomeBeforeTax": 62800000,
    "incomeBeforeTaxRatio": 0.0461154355,
    "incomeTaxExpense": 200000,
    "netIncome": 62600000,
    "netIncomeRatio": 0.045968571,
    "eps": 0.1,
    "epsdiluted": 0.09,
    "weightedAverageShsOut": 650100000,
    "weightedAverageShsOutDil": 707100000,
    "link": "https://www.sec.gov/Archives/edgar/data/723125/000110465906001391/0001104659-06-001391-index.htm",
    "finalLink": "https://www.sec.gov/Archives/edgar/data/723125/000110465906001391/a06-1216_110q.htm"
  },
  {
    "date": "2005-09-01",
    "symbol": "MU",
    "reportedCurrency": "USD",
    "cik": "0000723125",
    "fillingDate": "2005-11-04",
    "acceptedDate": "2005-11-04 16:21:55",
    "calendarYear": "2005",
    "period": "Q4",
    "revenue": 1257800000,
    "costOfRevenue": 975600000,
    "grossProfit": 282200000,
    "grossProfitRatio": 0.2243599936,
    "researchAndDevelopmentExpenses": 150500000,
    "generalAndAdministrativeExpenses": 0,
    "sellingAndMarketingExpenses": 0,
    "sellingGeneralAndAdministrativeExpenses": 65700000,
    "otherExpenses": 19700000,
    "operatingExpenses": 235900000,
    "costAndExpenses": 1211500000,
    "interestIncome": 0,
    "interestExpense": 0,
    "depreciationAndAmortization": 314900000,
    "ebitda": 361200000,
    "ebitdaratio": 0.2871680712,
    "operatingIncome": 46300000,
    "operatingIncomeRatio": 0.0368103037,
    "totalOtherIncomeExpensesNet": -3100000,
    "incomeBeforeTax": 43200000,
    "incomeBeforeTaxRatio": 0.0343456829,
    "incomeTaxExpense": 100000,
    "netIncome": 43100000,
    "netIncomeRatio": 0.034266179,
    "eps": 0.0663,
    "epsdiluted": 0.0663,
    "weightedAverageShsOut": 647100000,
    "weightedAverageShsOutDil": 650000000,
    "link": "https://www.sec.gov/Archives/edgar/data/723125/000110465905052716/0001104659-05-052716-index.htm",
    "finalLink": "https://www.sec.gov/Archives/edgar/data/723125/000110465905052716/a05-19263_110k.htm"
  },
  {
    "date": "2005-06-02",
    "symbol": "MU",
    "reportedCurrency": "USD",
    "cik": "0000723125",
    "fillingDate": "2005-07-07",
    "acceptedDate": "2005-07-07 16:33:10",
    "calendarYear": "2005",
    "period": "Q3",
    "revenue": 1054200000,
    "costOfRevenue": 967600000,
    "grossProfit": 86600000,
    "grossProfitRatio": 0.0821476001,
    "researchAndDevelopmentExpenses": 153400000,
    "generalAndAdministrativeExpenses": 0,
    "sellingAndMarketingExpenses": 0,
    "sellingGeneralAndAdministrativeExpenses": 88600000,
    "otherExpenses": -25300000,
    "operatingExpenses": 216700000,
    "costAndExpenses": 1184300000,
    "interestIncome": 0,
    "interestExpense": 0,
    "depreciationAndAmortization": 318700000,
    "ebitda": 188500000,
    "ebitdaratio": 0.1788085752,
    "operatingIncome": -130100000,
    "operatingIncomeRatio": -0.1234111174,
    "totalOtherIncomeExpensesNet": -5100000,
    "incomeBeforeTax": -135200000,
    "incomeBeforeTaxRatio": -0.1282489091,
    "incomeTaxExpense": -7300000,
    "netIncome": -127900000,
    "netIncomeRatio": -0.1213242269,
    "eps": -0.2,
    "epsdiluted": -0.2,
    "weightedAverageShsOut": 648200000,
    "weightedAverageShsOutDil": 648200000,
    "link": "https://www.sec.gov/Archives/edgar/data/723125/000110465905031529/0001104659-05-031529-index.htm",
    "finalLink": "https://www.sec.gov/Archives/edgar/data/723125/000110465905031529/a05-11855_110q.htm"
  },
  {
    "date": "2005-03-03",
    "symbol": "MU",
    "reportedCurrency": "USD",
    "cik": "0000723125",
    "fillingDate": "2005-04-12",
    "acceptedDate": "2005-04-12 16:27:06",
    "calendarYear": "2005",
    "period": "Q2",
    "revenue": 1307900000,
    "costOfRevenue": 953900000,
    "grossProfit": 354000000,
    "grossProfitRatio": 0.2706628947,
    "researchAndDevelopmentExpenses": 151400000,
    "generalAndAdministrativeExpenses": 0,
    "sellingAndMarketingExpenses": 0,
    "sellingGeneralAndAdministrativeExpenses": 84900000,
    "otherExpenses": -8800000,
    "operatingExpenses": 227500000,
    "costAndExpenses": 1181400000,
    "interestIncome": 0,
    "interestExpense": 0,
    "depreciationAndAmortization": 317200000,
    "ebitda": 443300000,
    "ebitdaratio": 0.338940286,
    "operatingIncome": 126400000,
    "operatingIncomeRatio": 0.0966434743,
    "totalOtherIncomeExpensesNet": -4000000,
    "incomeBeforeTax": 121500000,
    "incomeBeforeTaxRatio": 0.0928970105,
    "incomeTaxExpense": 3600000,
    "netIncome": 117900000,
    "netIncomeRatio": 0.0901445065,
    "eps": 0.18,
    "epsdiluted": 0.17,
    "weightedAverageShsOut": 647100000,
    "weightedAverageShsOutDil": 701300000,
    "link": "https://www.sec.gov/Archives/edgar/data/723125/000110465905016121/0001104659-05-016121-index.htm",
    "finalLink": "https://www.sec.gov/Archives/edgar/data/723125/000110465905016121/a05-6589_110q.htm"
  },
  {
    "date": "2004-12-02",
    "symbol": "MU",
    "reportedCurrency": "USD",
    "cik": "0000723125",
    "fillingDate": "2005-01-11",
    "acceptedDate": "2005-01-11 16:31:43",
    "calendarYear": "2005",
    "period": "Q1",
    "revenue": 1260300000,
    "costOfRevenue": 837300000,
    "grossProfit": 423000000,
    "grossProfitRatio": 0.3356343728,
    "researchAndDevelopmentExpenses": 148400000,
    "generalAndAdministrativeExpenses": 0,
    "sellingAndMarketingExpenses": 0,
    "sellingGeneralAndAdministrativeExpenses": 101200000,
    "otherExpenses": 0,
    "operatingExpenses": 249600000,
    "costAndExpenses": 1086900000,
    "interestIncome": 0,
    "interestExpense": 0,
    "depreciationAndAmortization": 313700000,
    "ebitda": 174900000,
    "ebitdaratio": 0.1387764818,
    "operatingIncome": 174900000,
    "operatingIncomeRatio": 0.1387764818,
    "totalOtherIncomeExpensesNet": -5800000,
    "incomeBeforeTax": 169100000,
    "incomeBeforeTaxRatio": 0.1341744029,
    "incomeTaxExpense": 14200000,
    "netIncome": 154900000,
    "netIncomeRatio": 0.1229072443,
    "eps": 0.24,
    "epsdiluted": 0.23,
    "weightedAverageShsOut": 646000000,
    "weightedAverageShsOutDil": 700500000,
    "link": "https://www.sec.gov/Archives/edgar/data/723125/000110465905001073/0001104659-05-001073-index.htm",
    "finalLink": "https://www.sec.gov/Archives/edgar/data/723125/000110465905001073/a05-1274_110q.htm"
  },
  {
    "date": "2004-09-02",
    "symbol": "MU",
    "reportedCurrency": "USD",
    "cik": "0000723125",
    "fillingDate": "2004-10-15",
    "acceptedDate": "2004-10-15 15:19:05",
    "calendarYear": "2004",
    "period": "Q4",
    "revenue": 1189200000,
    "costOfRevenue": 796600000,
    "grossProfit": 392600000,
    "grossProfitRatio": 0.3301379078,
    "researchAndDevelopmentExpenses": 199200000,
    "generalAndAdministrativeExpenses": 0,
    "sellingAndMarketingExpenses": 0,
    "sellingGeneralAndAdministrativeExpenses": 75300000,
    "otherExpenses": -6700000,
    "operatingExpenses": 267800000,
    "costAndExpenses": 1064400000,
    "interestIncome": 0,
    "interestExpense": 0,
    "depreciationAndAmortization": 309300000,
    "ebitda": 434100000,
    "ebitdaratio": 0.3650353179,
    "operatingIncome": 125400000,
    "operatingIncomeRatio": 0.1054490414,
    "totalOtherIncomeExpensesNet": -4100000,
    "incomeBeforeTax": 121300000,
    "incomeBeforeTaxRatio": 0.1020013454,
    "incomeTaxExpense": 27800000,
    "netIncome": 93500000,
    "netIncomeRatio": 0.0786242852,
    "eps": 0.13,
    "epsdiluted": 0.13,
    "weightedAverageShsOut": 701400000,
    "weightedAverageShsOutDil": 701400000,
    "link": "https://www.sec.gov/Archives/edgar/data/723125/000110465904030617/0001104659-04-030617-index.htm",
    "finalLink": "https://www.sec.gov/Archives/edgar/data/723125/000110465904030617/a04-11602_110k.htm"
  },
  {
    "date": "2004-06-03",
    "symbol": "MU",
    "reportedCurrency": "USD",
    "cik": "0000723125",
    "fillingDate": "2004-07-19",
    "acceptedDate": "2004-07-19 12:55:51",
    "calendarYear": "2004",
    "period": "Q3",
    "revenue": 1116800000,
    "costOfRevenue": 728900000,
    "grossProfit": 387900000,
    "grossProfitRatio": 0.3473316619,
    "researchAndDevelopmentExpenses": 181400000,
    "generalAndAdministrativeExpenses": 0,
    "sellingAndMarketingExpenses": 0,
    "sellingGeneralAndAdministrativeExpenses": 94300000,
    "otherExpenses": 3200000,
    "operatingExpenses": 278900000,
    "costAndExpenses": 1007800000,
    "interestIncome": 0,
    "interestExpense": 0,
    "depreciationAndAmortization": 300100000,
    "ebitda": 409100000,
    "ebitdaratio": 0.3663144699,
    "operatingIncome": 109700000,
    "operatingIncomeRatio": 0.0982270774,
    "totalOtherIncomeExpensesNet": -4800000,
    "incomeBeforeTax": 104900000,
    "incomeBeforeTaxRatio": 0.0939290831,
    "incomeTaxExpense": 14000000,
    "netIncome": 90900000,
    "netIncomeRatio": 0.0813932665,
    "eps": 0.14,
    "epsdiluted": 0.13,
    "weightedAverageShsOut": 644200000,
    "weightedAverageShsOutDil": 705400000,
    "link": "https://www.sec.gov/Archives/edgar/data/723125/000110465904019972/0001104659-04-019972-index.htm",
    "finalLink": "https://www.sec.gov/Archives/edgar/data/723125/000110465904019972/a04-7831_110q.htm"
  },
  {
    "date": "2004-03-04",
    "symbol": "MU",
    "reportedCurrency": "USD",
    "cik": "0000723125",
    "fillingDate": "2004-04-19",
    "acceptedDate": "2004-04-19 16:46:46",
    "calendarYear": "2004",
    "period": "Q2",
    "revenue": 991000000,
    "costOfRevenue": 742800000,
    "grossProfit": 248200000,
    "grossProfitRatio": 0.2504540868,
    "researchAndDevelopmentExpenses": 187900000,
    "generalAndAdministrativeExpenses": 0,
    "sellingAndMarketingExpenses": 0,
    "sellingGeneralAndAdministrativeExpenses": 81800000,
    "otherExpenses": -14300000,
    "operatingExpenses": 255400000,
    "costAndExpenses": 998200000,
    "interestIncome": 0,
    "interestExpense": 0,
    "depreciationAndAmortization": 295600000,
    "ebitda": 288400000,
    "ebitdaratio": 0.2910191726,
    "operatingIncome": -7100000,
    "operatingIncomeRatio": -0.0071644803,
    "totalOtherIncomeExpensesNet": -3700000,
    "incomeBeforeTax": -10800000,
    "incomeBeforeTaxRatio": -0.0108980827,
    "incomeTaxExpense": 17500000,
    "netIncome": -28300000,
    "netIncomeRatio": -0.0285570131,
    "eps": -0.044,
    "epsdiluted": -0.044,
    "weightedAverageShsOut": 643200000,
    "weightedAverageShsOutDil": 643200000,
    "link": "https://www.sec.gov/Archives/edgar/data/723125/000110465904010470/0001104659-04-010470-index.htm",
    "finalLink": "https://www.sec.gov/Archives/edgar/data/723125/000110465904010470/a04-4561_110q.htm"
  },
  {
    "date": "2003-12-04",
    "symbol": "MU",
    "reportedCurrency": "USD",
    "cik": "0000723125",
    "fillingDate": "2004-01-15",
    "acceptedDate": "2004-01-15 17:13:30",
    "calendarYear": "2004",
    "period": "Q1",
    "revenue": 1107200000,
    "costOfRevenue": 821200000,
    "grossProfit": 286000000,
    "grossProfitRatio": 0.2583092486,
    "researchAndDevelopmentExpenses": 186400000,
    "generalAndAdministrativeExpenses": 0,
    "sellingAndMarketingExpenses": 0,
    "sellingGeneralAndAdministrativeExpenses": 99000000,
    "otherExpenses": 0,
    "operatingExpenses": 285400000,
    "costAndExpenses": 1106600000,
    "interestIncome": 0,
    "interestExpense": 0,
    "depreciationAndAmortization": 312500000,
    "ebitda": 313100000,
    "ebitdaratio": 0.2827854046,
    "operatingIncome": 21700000,
    "operatingIncomeRatio": 0.0195989884,
    "totalOtherIncomeExpensesNet": -5100000,
    "incomeBeforeTax": 16600000,
    "incomeBeforeTaxRatio": 0.0149927746,
    "incomeTaxExpense": 15500000,
    "netIncome": 1100000,
    "netIncomeRatio": 0.0009934971,
    "eps": 0.0017,
    "epsdiluted": 0.0017,
    "weightedAverageShsOut": 633800000,
    "weightedAverageShsOutDil": 636600000,
    "link": "https://www.sec.gov/Archives/edgar/data/723125/000110465904001025/0001104659-04-001025-index.htm",
    "finalLink": "https://www.sec.gov/Archives/edgar/data/723125/000110465904001025/a04-1294_110q.htm"
  },
  {
    "date": "2003-08-28",
    "symbol": "MU",
    "reportedCurrency": "USD",
    "cik": "0000723125",
    "fillingDate": "2003-10-15",
    "acceptedDate": "2003-10-15 17:05:43",
    "calendarYear": "2003",
    "period": "Q4",
    "revenue": 888500000,
    "costOfRevenue": 719000000,
    "grossProfit": 169500000,
    "grossProfitRatio": 0.1907709623,
    "researchAndDevelopmentExpenses": 166100000,
    "generalAndAdministrativeExpenses": 0,
    "sellingAndMarketingExpenses": 0,
    "sellingGeneralAndAdministrativeExpenses": 124200000,
    "otherExpenses": -21900000,
    "operatingExpenses": 268400000,
    "costAndExpenses": 987400000,
    "interestIncome": 0,
    "interestExpense": 0,
    "depreciationAndAmortization": 298800000,
    "ebitda": 199900000,
    "ebitdaratio": 0.2249859313,
    "operatingIncome": -105600000,
    "operatingIncomeRatio": -0.1188519977,
    "totalOtherIncomeExpensesNet": -7500000,
    "incomeBeforeTax": -113100000,
    "incomeBeforeTaxRatio": -0.1272931908,
    "incomeTaxExpense": 10100000,
    "netIncome": -123200000,
    "netIncomeRatio": -0.138660664,
    "eps": -0.2,
    "epsdiluted": -0.2,
    "weightedAverageShsOut": 609300000,
    "weightedAverageShsOutDil": 609500000,
    "link": "https://www.sec.gov/Archives/edgar/data/723125/000104746903033422/0001047469-03-033422-index.htm",
    "finalLink": "https://www.sec.gov/Archives/edgar/data/723125/000104746903033422/a2120427z10-k.htm"
  },
  {
    "date": "2003-05-29",
    "symbol": "MU",
    "reportedCurrency": "USD",
    "cik": "0000723125",
    "fillingDate": "2003-07-11",
    "acceptedDate": "2003-07-11 16:37:31",
    "calendarYear": "2003",
    "period": "Q3",
    "revenue": 732700000,
    "costOfRevenue": 661700000,
    "grossProfit": 71000000,
    "grossProfitRatio": 0.0969018698,
    "researchAndDevelopmentExpenses": 161700000,
    "generalAndAdministrativeExpenses": 0,
    "sellingAndMarketingExpenses": 0,
    "sellingGeneralAndAdministrativeExpenses": 87200000,
    "otherExpenses": 11200000,
    "operatingExpenses": 260100000,
    "costAndExpenses": 921800000,
    "interestIncome": 0,
    "interestExpense": 0,
    "depreciationAndAmortization": 301000000,
    "ebitda": 111900000,
    "ebitdaratio": 0.1527228061,
    "operatingIncome": -183700000,
    "operatingIncomeRatio": -0.2507165279,
    "totalOtherIncomeExpensesNet": -13100000,
    "incomeBeforeTax": -191000000,
    "incomeBeforeTaxRatio": -0.2606796779,
    "incomeTaxExpense": 23900000,
    "netIncome": -214900000,
    "netIncomeRatio": -0.293298758,
    "eps": -0.35,
    "epsdiluted": -0.35,
    "weightedAverageShsOut": 608300000,
    "weightedAverageShsOutDil": 608300000,
    "link": "https://www.sec.gov/Archives/edgar/data/723125/000110465903014540/0001104659-03-014540-index.htm",
    "finalLink": "https://www.sec.gov/Archives/edgar/data/723125/000110465903014540/j3003_10q.htm"
  },
  {
    "date": "2003-02-27",
    "symbol": "MU",
    "reportedCurrency": "USD",
    "cik": "0000723125",
    "fillingDate": "2003-04-14",
    "acceptedDate": "2003-04-14 16:42:13",
    "calendarYear": "2003",
    "period": "Q2",
    "revenue": 785000000,
    "costOfRevenue": 1008900000,
    "grossProfit": -223900000,
    "grossProfitRatio": -0.2852229299,
    "researchAndDevelopmentExpenses": 174100000,
    "generalAndAdministrativeExpenses": 0,
    "sellingAndMarketingExpenses": 0,
    "sellingGeneralAndAdministrativeExpenses": 92400000,
    "otherExpenses": 110200000,
    "operatingExpenses": 376700000,
    "costAndExpenses": 1385600000,
    "interestIncome": 0,
    "interestExpense": 0,
    "depreciationAndAmortization": 310200000,
    "ebitda": -290400000,
    "ebitdaratio": -0.3699363057,
    "operatingIncome": -600600000,
    "operatingIncomeRatio": -0.7650955414,
    "totalOtherIncomeExpensesNet": -111200000,
    "incomeBeforeTax": -601600000,
    "incomeBeforeTaxRatio": -0.7663694268,
    "incomeTaxExpense": 17600000,
    "netIncome": -619200000,
    "netIncomeRatio": -0.7887898089,
    "eps": -1.02,
    "epsdiluted": -1.02,
    "weightedAverageShsOut": 607200000,
    "weightedAverageShsOutDil": 607200000,
    "link": "https://www.sec.gov/Archives/edgar/data/723125/000110465903006407/0001104659-03-006407-index.htm",
    "finalLink": "https://www.sec.gov/Archives/edgar/data/723125/000110465903006407/j9354_10q.htm"
  },
  {
    "date": "2002-11-28",
    "symbol": "MU",
    "reportedCurrency": "USD",
    "cik": "0000723125",
    "fillingDate": "2003-01-13",
    "acceptedDate": "2003-01-13 16:16:24",
    "calendarYear": "2003",
    "period": "Q1",
    "revenue": 685100000,
    "costOfRevenue": 722400000,
    "grossProfit": -37300000,
    "grossProfitRatio": -0.0544446066,
    "researchAndDevelopmentExpenses": 154500000,
    "generalAndAdministrativeExpenses": 0,
    "sellingAndMarketingExpenses": 0,
    "sellingGeneralAndAdministrativeExpenses": 104800000,
    "otherExpenses": 0,
    "operatingExpenses": 259300000,
    "costAndExpenses": 981700000,
    "interestIncome": 0,
    "interestExpense": 0,
    "depreciationAndAmortization": 299900000,
    "ebitda": 3300000,
    "ebitdaratio": 0.0048168151,
    "operatingIncome": -296600000,
    "operatingIncomeRatio": -0.4329294993,
    "totalOtherIncomeExpensesNet": 2100000,
    "incomeBeforeTax": -294500000,
    "incomeBeforeTaxRatio": -0.4298642534,
    "incomeTaxExpense": 21400000,
    "netIncome": -315900000,
    "netIncomeRatio": -0.4611005693,
    "eps": -0.52,
    "epsdiluted": -0.52,
    "weightedAverageShsOut": 605200000,
    "weightedAverageShsOutDil": 605200000,
    "link": "https://www.sec.gov/Archives/edgar/data/723125/000104746903001163/0001047469-03-001163-index.htm",
    "finalLink": "https://www.sec.gov/Archives/edgar/data/723125/000104746903001163/a2100479z10-q.htm"
  },
  {
    "date": "2002-08-29",
    "symbol": "MU",
    "reportedCurrency": "USD",
    "cik": "0000723125",
    "fillingDate": "2002-10-15",
    "acceptedDate": "2002-10-15 16:18:29",
    "calendarYear": "2002",
    "period": "Q4",
    "revenue": 748000000,
    "costOfRevenue": 957200000,
    "grossProfit": -209200000,
    "grossProfitRatio": -0.2796791444,
    "researchAndDevelopmentExpenses": 136500000,
    "generalAndAdministrativeExpenses": 0,
    "sellingAndMarketingExpenses": 0,
    "sellingGeneralAndAdministrativeExpenses": 95900000,
    "otherExpenses": 26000000,
    "operatingExpenses": 258400000,
    "costAndExpenses": 1215600000,
    "interestIncome": 0,
    "interestExpense": 0,
    "depreciationAndAmortization": 295500000,
    "ebitda": -172100000,
    "ebitdaratio": -0.2300802139,
    "operatingIncome": -467600000,
    "operatingIncomeRatio": -0.6251336898,
    "totalOtherIncomeExpensesNet": 3200000,
    "incomeBeforeTax": -464400000,
    "incomeBeforeTaxRatio": -0.620855615,
    "incomeTaxExpense": 122100000,
    "netIncome": -586500000,
    "netIncomeRatio": -0.7840909091,
    "eps": -0.97,
    "epsdiluted": -0.97,
    "weightedAverageShsOut": 603900000,
    "weightedAverageShsOutDil": 604000000,
    "link": "https://www.sec.gov/Archives/edgar/data/723125/000091205702038669/0000912057-02-038669-index.htm",
    "finalLink": "https://www.sec.gov/Archives/edgar/data/723125/000091205702038669/a2091284z10-k.htm"
  },
  {
    "date": "2002-05-30",
    "symbol": "MU",
    "reportedCurrency": "USD",
    "cik": "0000723125",
    "fillingDate": "2002-06-28",
    "acceptedDate": "2002-06-28 16:08:13",
    "calendarYear": "2002",
    "period": "Q3",
    "revenue": 771200000,
    "costOfRevenue": 603000000,
    "grossProfit": 168200000,
    "grossProfitRatio": 0.2181016598,
    "researchAndDevelopmentExpenses": 134400000,
    "generalAndAdministrativeExpenses": 0,
    "sellingAndMarketingExpenses": 0,
    "sellingGeneralAndAdministrativeExpenses": 77200000,
    "otherExpenses": 3300000,
    "operatingExpenses": 214900000,
    "costAndExpenses": 817900000,
    "interestIncome": 0,
    "interestExpense": 0,
    "depreciationAndAmortization": 293400000,
    "ebitda": 246700000,
    "ebitdaratio": 0.3198910788,
    "operatingIncome": -46700000,
    "operatingIncomeRatio": -0.0605549793,
    "totalOtherIncomeExpensesNet": 6400000,
    "incomeBeforeTax": -40300000,
    "incomeBeforeTaxRatio": -0.0522562241,
    "incomeTaxExpense": -16100000,
    "netIncome": -24200000,
    "netIncomeRatio": -0.031379668,
    "eps": -0.0402,
    "epsdiluted": -0.0402,
    "weightedAverageShsOut": 602300000,
    "weightedAverageShsOutDil": 602300000,
    "link": "https://www.sec.gov/Archives/edgar/data/723125/000091205702025840/0000912057-02-025840-index.htm",
    "finalLink": "https://www.sec.gov/Archives/edgar/data/723125/000091205702025840/a2083324z10-q.htm"
  },
  {
    "date": "2002-02-28",
    "symbol": "MU",
    "reportedCurrency": "USD",
    "cik": "0000723125",
    "fillingDate": "2002-04-11",
    "acceptedDate": "2002-04-11 00:00:00",
    "calendarYear": "2002",
    "period": "Q2",
    "revenue": 645900000,
    "costOfRevenue": 502900000,
    "grossProfit": 143000000,
    "grossProfitRatio": 0.221396501,
    "researchAndDevelopmentExpenses": 135900000,
    "generalAndAdministrativeExpenses": 0,
    "sellingAndMarketingExpenses": 0,
    "sellingGeneralAndAdministrativeExpenses": 79300000,
    "otherExpenses": -13200000,
    "operatingExpenses": 202000000,
    "costAndExpenses": 704900000,
    "interestIncome": 0,
    "interestExpense": 0,
    "depreciationAndAmortization": 290900000,
    "ebitda": 231900000,
    "ebitdaratio": 0.3590339062,
    "operatingIncome": -59000000,
    "operatingIncomeRatio": -0.0913454095,
    "totalOtherIncomeExpensesNet": 8300000,
    "incomeBeforeTax": -50700000,
    "incomeBeforeTaxRatio": -0.0784951231,
    "incomeTaxExpense": -20300000,
    "netIncome": -30400000,
    "netIncomeRatio": -0.0470661093,
    "eps": -0.0506,
    "epsdiluted": -0.0506,
    "weightedAverageShsOut": 600500000,
    "weightedAverageShsOutDil": 600500000,
    "link": "https://www.sec.gov/Archives/edgar/data/723125/000091205702014607/0000912057-02-014607-index.htm",
    "finalLink": "https://www.sec.gov/Archives/edgar/data/723125/000091205702014607/a2076177z10-q.htm"
  },
  {
    "date": "2001-11-29",
    "symbol": "MU",
    "reportedCurrency": "USD",
    "cik": "0000723125",
    "fillingDate": "2002-01-14",
    "acceptedDate": "2002-01-14 00:00:00",
    "calendarYear": "2002",
    "period": "Q1",
    "revenue": 423900000,
    "costOfRevenue": 636500000,
    "grossProfit": -212600000,
    "grossProfitRatio": -0.5015333805,
    "researchAndDevelopmentExpenses": 154500000,
    "generalAndAdministrativeExpenses": 0,
    "sellingAndMarketingExpenses": 0,
    "sellingGeneralAndAdministrativeExpenses": 84900000,
    "otherExpenses": 0,
    "operatingExpenses": 239400000,
    "costAndExpenses": 875900000,
    "interestIncome": 0,
    "interestExpense": 0,
    "depreciationAndAmortization": 297600000,
    "ebitda": -154400000,
    "ebitdaratio": -0.3642368483,
    "operatingIncome": -452000000,
    "operatingIncomeRatio": -1.0662892192,
    "totalOtherIncomeExpensesNet": 8900000,
    "incomeBeforeTax": -443100000,
    "incomeBeforeTaxRatio": -1.0452937013,
    "incomeTaxExpense": -177200000,
    "netIncome": -265900000,
    "netIncomeRatio": -0.6272705827,
    "eps": -0.44,
    "epsdiluted": -0.44,
    "weightedAverageShsOut": 599200000,
    "weightedAverageShsOutDil": 599200000,
    "link": "https://www.sec.gov/Archives/edgar/data/723125/000091205702001275/0000912057-02-001275-index.htm",
    "finalLink": "https://www.sec.gov/Archives/edgar/data/723125/000091205702001275/a2067668z10-q.htm"
  },
  {
    "date": "2001-08-30",
    "symbol": "MU",
    "reportedCurrency": "USD",
    "cik": "0000723125",
    "fillingDate": "2001-10-15",
    "acceptedDate": "2001-10-15 00:00:00",
    "calendarYear": "2001",
    "period": "Q4",
    "revenue": 480300000,
    "costOfRevenue": 1099400000,
    "grossProfit": -619100000,
    "grossProfitRatio": -1.2889860504,
    "researchAndDevelopmentExpenses": 105100000,
    "generalAndAdministrativeExpenses": 0,
    "sellingAndMarketingExpenses": 0,
    "sellingGeneralAndAdministrativeExpenses": 204400000,
    "otherExpenses": 73600000,
    "operatingExpenses": 383100000,
    "costAndExpenses": 1482500000,
    "interestIncome": 0,
    "interestExpense": 0,
    "depreciationAndAmortization": 295200000,
    "ebitda": -707000000,
    "ebitdaratio": -1.4719966687,
    "operatingIncome": -928600000,
    "operatingIncomeRatio": -1.933374974,
    "totalOtherIncomeExpensesNet": -91500000,
    "incomeBeforeTax": -1020100000,
    "incomeBeforeTaxRatio": -2.1238809078,
    "incomeTaxExpense": -445200000,
    "netIncome": -575500000,
    "netIncomeRatio": -1.1982094524,
    "eps": -0.96,
    "epsdiluted": -0.96,
    "weightedAverageShsOut": 597500000,
    "weightedAverageShsOutDil": 597700000,
    "link": "https://www.sec.gov/Archives/edgar/data/723125/000091205701535432/0000912057-01-535432-index.htm",
    "finalLink": "https://www.sec.gov/Archives/edgar/data/723125/000091205701535432/a2060999z10-k.htm"
  },
  {
    "date": "2001-05-31",
    "symbol": "MU",
    "reportedCurrency": "USD",
    "cik": "0000723125",
    "fillingDate": "2001-07-10",
    "acceptedDate": "2001-07-10 00:00:00",
    "calendarYear": "2001",
    "period": "Q3",
    "revenue": 818300000,
    "costOfRevenue": 1126700000,
    "grossProfit": -308400000,
    "grossProfitRatio": -0.3768788953,
    "researchAndDevelopmentExpenses": 114500000,
    "generalAndAdministrativeExpenses": 0,
    "sellingAndMarketingExpenses": 0,
    "sellingGeneralAndAdministrativeExpenses": 104300000,
    "otherExpenses": 0,
    "operatingExpenses": 218800000,
    "costAndExpenses": 1345500000,
    "interestIncome": 0,
    "interestExpense": 0,
    "depreciationAndAmortization": 278800000,
    "ebitda": -248400000,
    "ebitdaratio": -0.303556153,
    "operatingIncome": -527200000,
    "operatingIncomeRatio": -0.6442624954,
    "totalOtherIncomeExpensesNet": 27500000,
    "incomeBeforeTax": -499700000,
    "incomeBeforeTaxRatio": -0.6106562385,
    "incomeTaxExpense": -195500000,
    "netIncome": -313400000,
    "netIncomeRatio": -0.3829891238,
    "eps": -0.53,
    "epsdiluted": -0.53,
    "weightedAverageShsOut": 596300000,
    "weightedAverageShsOutDil": 596300000,
    "link": "https://www.sec.gov/Archives/edgar/data/723125/000091205701523192/0000912057-01-523192-index.htm",
    "finalLink": "https://www.sec.gov/Archives/edgar/data/723125/000091205701523192/a2053816z10-q.txt"
  },
  {
    "date": "2001-03-01",
    "symbol": "MU",
    "reportedCurrency": "USD",
    "cik": "0000723125",
    "fillingDate": "2001-04-16",
    "acceptedDate": "2001-04-16 00:00:00",
    "calendarYear": "2001",
    "period": "Q2",
    "revenue": 1065700000,
    "costOfRevenue": 866800000,
    "grossProfit": 198900000,
    "grossProfitRatio": 0.1866378906,
    "researchAndDevelopmentExpenses": 130900000,
    "generalAndAdministrativeExpenses": 0,
    "sellingAndMarketingExpenses": 0,
    "sellingGeneralAndAdministrativeExpenses": 109000000,
    "otherExpenses": 0,
    "operatingExpenses": 239900000,
    "costAndExpenses": 1106700000,
    "interestIncome": 0,
    "interestExpense": 0,
    "depreciationAndAmortization": 265900000,
    "ebitda": 231200000,
    "ebitdaratio": 0.2169466079,
    "operatingIncome": -41000000,
    "operatingIncomeRatio": -0.0384723656,
    "totalOtherIncomeExpensesNet": 39700000,
    "incomeBeforeTax": -1300000,
    "incomeBeforeTaxRatio": -0.0012198555,
    "incomeTaxExpense": -1300000,
    "netIncome": -88300000,
    "netIncomeRatio": -0.0828563386,
    "eps": -0.15,
    "epsdiluted": -0.15,
    "weightedAverageShsOut": 593800000,
    "weightedAverageShsOutDil": 593800000,
    "link": "https://www.sec.gov/Archives/edgar/data/723125/000091205701508850/0000912057-01-508850-index.htm",
    "finalLink": "https://www.sec.gov/Archives/edgar/data/723125/000091205701508850/a2045291z10-q.htm"
  },
  {
    "date": "2000-11-30",
    "symbol": "MU",
    "reportedCurrency": "USD",
    "cik": "0000723125",
    "fillingDate": "2001-01-12",
    "acceptedDate": "2001-01-12 00:00:00",
    "calendarYear": "2001",
    "period": "Q1",
    "revenue": 1832300000,
    "costOfRevenue": 1041000000,
    "grossProfit": 791300000,
    "grossProfitRatio": 0.4318615947,
    "researchAndDevelopmentExpenses": 139500000,
    "generalAndAdministrativeExpenses": 0,
    "sellingAndMarketingExpenses": 0,
    "sellingGeneralAndAdministrativeExpenses": 149600000,
    "otherExpenses": -1800000,
    "operatingExpenses": 287300000,
    "costAndExpenses": 1328300000,
    "interestIncome": 0,
    "interestExpense": 0,
    "depreciationAndAmortization": 274500000,
    "ebitda": 788500000,
    "ebitdaratio": 0.4303334607,
    "operatingIncome": 504000000,
    "operatingIncomeRatio": 0.2750641271,
    "totalOtherIncomeExpensesNet": 41300000,
    "incomeBeforeTax": 542800000,
    "incomeBeforeTaxRatio": 0.2962396987,
    "incomeTaxExpense": 189900000,
    "netIncome": 352200000,
    "netIncomeRatio": 0.1922174316,
    "eps": 0.61,
    "epsdiluted": 0.58,
    "weightedAverageShsOut": 581900000,
    "weightedAverageShsOutDil": 609400000,
    "link": "https://www.sec.gov/Archives/edgar/data/723125/000091205701001237/0000912057-01-001237-index.htm",
    "finalLink": "https://www.sec.gov/Archives/edgar/data/723125/000091205701001237/a2034893z10-q.htm"
  },
  {
    "date": "2000-08-31",
    "symbol": "MU",
    "reportedCurrency": "USD",
    "cik": "0000723125",
    "fillingDate": "2000-08-31",
    "acceptedDate": "2000-08-30 20:00:00",
    "calendarYear": "2000",
    "period": "Q4",
    "revenue": 2570200000,
    "costOfRevenue": 1159400000,
    "grossProfit": 1410800000,
    "grossProfitRatio": 0.5489066999,
    "researchAndDevelopmentExpenses": 131700000,
    "generalAndAdministrativeExpenses": 0,
    "sellingAndMarketingExpenses": 0,
    "sellingGeneralAndAdministrativeExpenses": 181300000,
    "otherExpenses": 0,
    "operatingExpenses": 313000000,
    "costAndExpenses": 1472400000,
    "interestIncome": 0,
    "interestExpense": 0,
    "depreciationAndAmortization": 267600000,
    "ebitda": 1365400000,
    "ebitdaratio": 0.5312427048,
    "operatingIncome": 1097800000,
    "operatingIncomeRatio": 0.4271262937,
    "totalOtherIncomeExpensesNet": 12900000,
    "incomeBeforeTax": 1110700000,
    "incomeBeforeTaxRatio": 0.4321453583,
    "incomeTaxExpense": 375000000,
    "netIncome": 726700000,
    "netIncomeRatio": 0.2827406428,
    "eps": 1.28,
    "epsdiluted": 1.19,
    "weightedAverageShsOut": 590500000,
    "weightedAverageShsOutDil": 642600000,
    "link": null,
    "finalLink": null
  },
  {
    "date": "2000-07-31",
    "symbol": "MU",
    "reportedCurrency": "USD",
    "cik": "0000723125",
    "fillingDate": "2000-10-18",
    "acceptedDate": "2000-10-18 00:00:00",
    "calendarYear": "2000",
    "period": "Q3",
    "revenue": 1789200000,
    "costOfRevenue": 1104600000,
    "grossProfit": 684600000,
    "grossProfitRatio": 0.382629108,
    "researchAndDevelopmentExpenses": 100600000,
    "generalAndAdministrativeExpenses": 0,
    "sellingAndMarketingExpenses": 0,
    "sellingGeneralAndAdministrativeExpenses": 174900000,
    "otherExpenses": 0,
    "operatingExpenses": 275500000,
    "costAndExpenses": 1380100000,
    "interestIncome": 0,
    "interestExpense": 0,
    "depreciationAndAmortization": 255200000,
    "ebitda": 693200000,
    "ebitdaratio": 0.3874357255,
    "operatingIncome": 409100000,
    "operatingIncomeRatio": 0.2286496758,
    "totalOtherIncomeExpensesNet": 41100000,
    "incomeBeforeTax": 423200000,
    "incomeBeforeTaxRatio": 0.2365302929,
    "incomeTaxExpense": 149100000,
    "netIncome": 274900000,
    "netIncomeRatio": 0.1536440867,
    "eps": 0.5,
    "epsdiluted": 0.48,
    "weightedAverageShsOut": 551000000,
    "weightedAverageShsOutDil": 597300000,
    "link": "https://www.sec.gov/Archives/edgar/data/723125/000091205700045119/0000912057-00-045119-index.htm",
    "finalLink": "https://www.sec.gov/Archives/edgar/data/723125/000091205700045119/a2027772z10-k.txt"
  },
  {
    "date": "2000-03-02",
    "symbol": "MU",
    "reportedCurrency": "USD",
    "cik": "0000723125",
    "fillingDate": "2000-04-10",
    "acceptedDate": "2000-04-10 00:00:00",
    "calendarYear": "2000",
    "period": "Q2",
    "revenue": 1392500000,
    "costOfRevenue": 891900000,
    "grossProfit": 500600000,
    "grossProfitRatio": 0.359497307,
    "researchAndDevelopmentExpenses": 103500000,
    "generalAndAdministrativeExpenses": 0,
    "sellingAndMarketingExpenses": 0,
    "sellingGeneralAndAdministrativeExpenses": 142700000,
    "otherExpenses": 0,
    "operatingExpenses": 246200000,
    "costAndExpenses": 1138100000,
    "interestIncome": 0,
    "interestExpense": 0,
    "depreciationAndAmortization": 242000000,
    "ebitda": 514100000,
    "ebitdaratio": 0.3691921005,
    "operatingIncome": 254400000,
    "operatingIncomeRatio": 0.1826929982,
    "totalOtherIncomeExpensesNet": 7300000,
    "incomeBeforeTax": 250000000,
    "incomeBeforeTaxRatio": 0.1795332136,
    "incomeTaxExpense": 86400000,
    "netIncome": 161300000,
    "netIncomeRatio": 0.1158348294,
    "eps": 0.3,
    "epsdiluted": 0.29,
    "weightedAverageShsOut": 540800000,
    "weightedAverageShsOutDil": 557200000,
    "link": "https://www.sec.gov/Archives/edgar/data/723125/000101287000002009/0001012870-00-002009-index.html",
    "finalLink": "https://www.sec.gov/Archives/edgar/data/723125/000101287000002009/"
  },
  {
    "date": "1999-12-02",
    "symbol": "MU",
    "reportedCurrency": "USD",
    "cik": "0000723125",
    "fillingDate": "2000-01-14",
    "acceptedDate": "2000-01-14 00:00:00",
    "calendarYear": "2000",
    "period": "Q1",
    "revenue": 1584400000,
    "costOfRevenue": 793100000,
    "grossProfit": 791300000,
    "grossProfitRatio": 0.4994319616,
    "researchAndDevelopmentExpenses": 91700000,
    "generalAndAdministrativeExpenses": 0,
    "sellingAndMarketingExpenses": 0,
    "sellingGeneralAndAdministrativeExpenses": 167600000,
    "otherExpenses": -1100000,
    "operatingExpenses": 258200000,
    "costAndExpenses": 1051300000,
    "interestIncome": 0,
    "interestExpense": 0,
    "depreciationAndAmortization": 229500000,
    "ebitda": 762600000,
    "ebitdaratio": 0.481317849,
    "operatingIncome": 533100000,
    "operatingIncomeRatio": 0.3364680636,
    "totalOtherIncomeExpensesNet": 0,
    "incomeBeforeTax": 533100000,
    "incomeBeforeTaxRatio": 0.3364680636,
    "incomeTaxExpense": 186200000,
    "netIncome": 341300000,
    "netIncomeRatio": 0.2154127746,
    "eps": 0.64,
    "epsdiluted": 0.6,
    "weightedAverageShsOut": 538400000,
    "weightedAverageShsOutDil": 594800000,
    "link": "https://www.sec.gov/Archives/edgar/data/723125/000101287000000127/0001012870-00-000127-index.html",
    "finalLink": "https://www.sec.gov/Archives/edgar/data/723125/000101287000000127/"
  },
  {
    "date": "1999-09-02",
    "symbol": "MU",
    "reportedCurrency": "USD",
    "cik": "0000723125",
    "fillingDate": "1999-11-09",
    "acceptedDate": "1999-11-09 00:00:00",
    "calendarYear": "1999",
    "period": "Q4",
    "revenue": 1080800000,
    "costOfRevenue": 868000000,
    "grossProfit": 212800000,
    "grossProfitRatio": 0.1968911917,
    "researchAndDevelopmentExpenses": 87400000,
    "generalAndAdministrativeExpenses": 0,
    "sellingAndMarketingExpenses": 0,
    "sellingGeneralAndAdministrativeExpenses": 133300000,
    "otherExpenses": 0,
    "operatingExpenses": 220700000,
    "costAndExpenses": 1088700000,
    "interestIncome": 0,
    "interestExpense": 0,
    "depreciationAndAmortization": 230400000,
    "ebitda": 222500000,
    "ebitdaratio": 0.2058660252,
    "operatingIncome": -7900000,
    "operatingIncomeRatio": -0.0073094004,
    "totalOtherIncomeExpensesNet": -12000000,
    "incomeBeforeTax": -19900000,
    "incomeBeforeTaxRatio": -0.0184122872,
    "incomeTaxExpense": -7500000,
    "netIncome": -17500000,
    "netIncomeRatio": -0.0161917098,
    "eps": -0.0328,
    "epsdiluted": -0.0328,
    "weightedAverageShsOut": 533000000,
    "weightedAverageShsOutDil": 533000000,
    "link": "https://www.sec.gov/Archives/edgar/data/723125/000101287099004047/0001012870-99-004047-index.html",
    "finalLink": "https://www.sec.gov/Archives/edgar/data/723125/000101287099004047/"
  },
  {
    "date": "1999-06-03",
    "symbol": "MU",
    "reportedCurrency": "USD",
    "cik": "0000723125",
    "fillingDate": "1999-07-16",
    "acceptedDate": "1999-07-16 00:00:00",
    "calendarYear": "1999",
    "period": "Q3",
    "revenue": 863800000,
    "costOfRevenue": 685900000,
    "grossProfit": 177900000,
    "grossProfitRatio": 0.2059504515,
    "researchAndDevelopmentExpenses": 81600000,
    "generalAndAdministrativeExpenses": 0,
    "sellingAndMarketingExpenses": 0,
    "sellingGeneralAndAdministrativeExpenses": 124100000,
    "otherExpenses": 0,
    "operatingExpenses": 205700000,
    "costAndExpenses": 891600000,
    "interestIncome": 0,
    "interestExpense": 0,
    "depreciationAndAmortization": 204000000,
    "ebitda": 176200000,
    "ebitdaratio": 0.2039824033,
    "operatingIncome": -27800000,
    "operatingIncomeRatio": -0.0321833758,
    "totalOtherIncomeExpensesNet": -14400000,
    "incomeBeforeTax": -42200000,
    "incomeBeforeTaxRatio": -0.0488539014,
    "incomeTaxExpense": -17100000,
    "netIncome": -27700000,
    "netIncomeRatio": -0.0320676082,
    "eps": -0.052,
    "epsdiluted": -0.052,
    "weightedAverageShsOut": 532600000,
    "weightedAverageShsOutDil": 532600000,
    "link": "https://www.sec.gov/Archives/edgar/data/723125/000101287099002351/0001012870-99-002351-index.html",
    "finalLink": "https://www.sec.gov/Archives/edgar/data/723125/000101287099002351/"
  },
  {
    "date": "1999-03-04",
    "symbol": "MU",
    "reportedCurrency": "USD",
    "cik": "0000723125",
    "fillingDate": "1999-04-07",
    "acceptedDate": "1999-04-07 00:00:00",
    "calendarYear": "1999",
    "period": "Q2",
    "revenue": 1025800000,
    "costOfRevenue": 763500000,
    "grossProfit": 262300000,
    "grossProfitRatio": 0.2557028661,
    "researchAndDevelopmentExpenses": 85500000,
    "generalAndAdministrativeExpenses": 0,
    "sellingAndMarketingExpenses": 0,
    "sellingGeneralAndAdministrativeExpenses": 125500000,
    "otherExpenses": 0,
    "operatingExpenses": 211000000,
    "costAndExpenses": 974500000,
    "interestIncome": 0,
    "interestExpense": 0,
    "depreciationAndAmortization": 219400000,
    "ebitda": 270700000,
    "ebitdaratio": 0.2638915968,
    "operatingIncome": 51300000,
    "operatingIncomeRatio": 0.0500097485,
    "totalOtherIncomeExpensesNet": -67400000,
    "incomeBeforeTax": -16100000,
    "incomeBeforeTaxRatio": -0.0156950673,
    "incomeTaxExpense": 16100000,
    "netIncome": 22400000,
    "netIncomeRatio": 0.0218366153,
    "eps": 0.04,
    "epsdiluted": 0.04,
    "weightedAverageShsOut": 528600000,
    "weightedAverageShsOutDil": 545800000,
    "link": "https://www.sec.gov/Archives/edgar/data/723125/000101287099001048/0001012870-99-001048-index.html",
    "finalLink": "https://www.sec.gov/Archives/edgar/data/723125/"
  },
  {
    "date": "1998-12-03",
    "symbol": "MU",
    "reportedCurrency": "USD",
    "cik": "0000723125",
    "fillingDate": "1999-01-13",
    "acceptedDate": "1999-01-13 00:00:00",
    "calendarYear": "1999",
    "period": "Q1",
    "revenue": 793600000,
    "costOfRevenue": 685500000,
    "grossProfit": 108100000,
    "grossProfitRatio": 0.1362147177,
    "researchAndDevelopmentExpenses": 67700000,
    "generalAndAdministrativeExpenses": 0,
    "sellingAndMarketingExpenses": 0,
    "sellingGeneralAndAdministrativeExpenses": 103000000,
    "otherExpenses": 0,
    "operatingExpenses": 170700000,
    "costAndExpenses": 856200000,
    "interestIncome": 0,
    "interestExpense": 0,
    "depreciationAndAmortization": 189500000,
    "ebitda": 126900000,
    "ebitdaratio": 0.1599042339,
    "operatingIncome": -62600000,
    "operatingIncomeRatio": -0.0788810484,
    "totalOtherIncomeExpensesNet": -6900000,
    "incomeBeforeTax": -69500000,
    "incomeBeforeTaxRatio": -0.0875756048,
    "incomeTaxExpense": -27600000,
    "netIncome": -46200000,
    "netIncomeRatio": -0.0582157258,
    "eps": -0.094,
    "epsdiluted": -0.094,
    "weightedAverageShsOut": 491400000,
    "weightedAverageShsOutDil": 491400000,
    "link": "https://www.sec.gov/Archives/edgar/data/723125/000101287099000101/0001012870-99-000101-index.html",
    "finalLink": "https://www.sec.gov/Archives/edgar/data/723125/"
  },
  {
    "date": "1998-09-03",
    "symbol": "MU",
    "reportedCurrency": "USD",
    "cik": "0000723125",
    "fillingDate": "1998-11-02",
    "acceptedDate": "1998-11-02 00:00:00",
    "calendarYear": "1998",
    "period": "Q4",
    "revenue": 691900000,
    "costOfRevenue": 652900000,
    "grossProfit": 39000000,
    "grossProfitRatio": 0.056366527,
    "researchAndDevelopmentExpenses": 71800000,
    "generalAndAdministrativeExpenses": 0,
    "sellingAndMarketingExpenses": 0,
    "sellingGeneralAndAdministrativeExpenses": 98600000,
    "otherExpenses": 0,
    "operatingExpenses": 170400000,
    "costAndExpenses": 823300000,
    "interestIncome": 0,
    "interestExpense": 0,
    "depreciationAndAmortization": 171900000,
    "ebitda": 40500000,
    "ebitdaratio": 0.0585344703,
    "operatingIncome": -131400000,
    "operatingIncomeRatio": -0.189911837,
    "totalOtherIncomeExpensesNet": -900000,
    "incomeBeforeTax": -132300000,
    "incomeBeforeTaxRatio": -0.191212603,
    "incomeTaxExpense": -49200000,
    "netIncome": -89000000,
    "netIncomeRatio": -0.1286313051,
    "eps": -0.21,
    "epsdiluted": -0.21,
    "weightedAverageShsOut": 422471264,
    "weightedAverageShsOutDil": 433400000,
    "link": "https://www.sec.gov/Archives/edgar/data/723125/000101287098002758/0001012870-98-002758-index.html",
    "finalLink": "https://www.sec.gov/Archives/edgar/data/723125/"
  },
  {
    "date": "1998-05-28",
    "symbol": "MU",
    "reportedCurrency": "USD",
    "cik": "0000723125",
    "fillingDate": "1998-07-13",
    "acceptedDate": "1998-07-13 00:00:00",
    "calendarYear": "1998",
    "period": "Q3",
    "revenue": 609900000,
    "costOfRevenue": 607000000,
    "grossProfit": 2900000,
    "grossProfitRatio": 0.0047548778,
    "researchAndDevelopmentExpenses": 66200000,
    "generalAndAdministrativeExpenses": 0,
    "sellingAndMarketingExpenses": 0,
    "sellingGeneralAndAdministrativeExpenses": 109000000,
    "otherExpenses": 0,
    "operatingExpenses": 175200000,
    "costAndExpenses": 782200000,
    "interestIncome": 0,
    "interestExpense": 0,
    "depreciationAndAmortization": 151200000,
    "ebitda": -27600000,
    "ebitdaratio": -0.0452533202,
    "operatingIncome": -172300000,
    "operatingIncomeRatio": -0.2825053287,
    "totalOtherIncomeExpensesNet": -1400000,
    "incomeBeforeTax": -171300000,
    "incomeBeforeTaxRatio": -0.2808657157,
    "incomeTaxExpense": -67300000,
    "netIncome": -106100000,
    "netIncomeRatio": -0.1739629447,
    "eps": -0.25,
    "epsdiluted": -0.25,
    "weightedAverageShsOut": 420769231,
    "weightedAverageShsOutDil": 420769231,
    "link": "https://www.sec.gov/Archives/edgar/data/723125/000101287098001800/0001012870-98-001800-index.html",
    "finalLink": "https://www.sec.gov/Archives/edgar/data/723125/"
  },
  {
    "date": "1998-02-26",
    "symbol": "MU",
    "reportedCurrency": "USD",
    "cik": "0000723125",
    "fillingDate": "1998-04-03",
    "acceptedDate": "1998-04-03 00:00:00",
    "calendarYear": "1998",
    "period": "Q2",
    "revenue": 755400000,
    "costOfRevenue": 757300000,
    "grossProfit": -1900000,
    "grossProfitRatio": -0.0025152237,
    "researchAndDevelopmentExpenses": 69900000,
    "generalAndAdministrativeExpenses": 0,
    "sellingAndMarketingExpenses": 0,
    "sellingGeneralAndAdministrativeExpenses": 135700000,
    "otherExpenses": 0,
    "operatingExpenses": 205600000,
    "costAndExpenses": 962900000,
    "interestIncome": 0,
    "interestExpense": 0,
    "depreciationAndAmortization": 147200000,
    "ebitda": -64800000,
    "ebitdaratio": -0.085782367,
    "operatingIncome": -207500000,
    "operatingIncomeRatio": -0.2746889065,
    "totalOtherIncomeExpensesNet": 150400000,
    "incomeBeforeTax": -48000000,
    "incomeBeforeTaxRatio": -0.063542494,
    "incomeTaxExpense": -8900000,
    "netIncome": -48100000,
    "netIncomeRatio": -0.0636748742,
    "eps": -0.11,
    "epsdiluted": -0.11,
    "weightedAverageShsOut": 424166667,
    "weightedAverageShsOutDil": 424166667,
    "link": "https://www.sec.gov/Archives/edgar/data/723125/000101287098000879/0001012870-98-000879-index.html",
    "finalLink": "https://www.sec.gov/Archives/edgar/data/723125/"
  },
  {
    "date": "1997-11-27",
    "symbol": "MU",
    "reportedCurrency": "USD",
    "cik": "0000723125",
    "fillingDate": "1998-01-12",
    "acceptedDate": "1998-01-12 00:00:00",
    "calendarYear": "1998",
    "period": "Q1",
    "revenue": 954600000,
    "costOfRevenue": 744100000,
    "grossProfit": 210500000,
    "grossProfitRatio": 0.2205112089,
    "researchAndDevelopmentExpenses": 63900000,
    "generalAndAdministrativeExpenses": 0,
    "sellingAndMarketingExpenses": 0,
    "sellingGeneralAndAdministrativeExpenses": 129100000,
    "otherExpenses": 0,
    "operatingExpenses": 193000000,
    "costAndExpenses": 937100000,
    "interestIncome": 0,
    "interestExpense": 0,
    "depreciationAndAmortization": 136300000,
    "ebitda": 148700000,
    "ebitdaratio": 0.1557720511,
    "operatingIncome": 17500000,
    "operatingIncomeRatio": 0.0183322858,
    "totalOtherIncomeExpensesNet": -1400000,
    "incomeBeforeTax": 16300000,
    "incomeBeforeTaxRatio": 0.0170752147,
    "incomeTaxExpense": 6500000,
    "netIncome": 9600000,
    "netIncomeRatio": 0.0100565682,
    "eps": 0.02,
    "epsdiluted": 0.02,
    "weightedAverageShsOut": 325000000,
    "weightedAverageShsOutDil": 325000000,
    "link": "https://www.sec.gov/Archives/edgar/data/723125/000101287098000030/0001012870-98-000030-index.html",
    "finalLink": "https://www.sec.gov/Archives/edgar/data/723125/"
  },
  {
    "date": "1997-08-28",
    "symbol": "MU",
    "reportedCurrency": "USD",
    "cik": "0000723125",
    "fillingDate": "1997-10-08",
    "acceptedDate": "1997-10-08 00:00:00",
    "calendarYear": "1997",
    "period": "Q4",
    "revenue": 946200000,
    "costOfRevenue": 658900000,
    "grossProfit": 287300000,
    "grossProfitRatio": 0.303635595,
    "researchAndDevelopmentExpenses": 62300000,
    "generalAndAdministrativeExpenses": 0,
    "sellingAndMarketingExpenses": 0,
    "sellingGeneralAndAdministrativeExpenses": 100800000,
    "otherExpenses": 0,
    "operatingExpenses": 163100000,
    "costAndExpenses": 822000000,
    "interestIncome": 0,
    "interestExpense": 0,
    "depreciationAndAmortization": 111400000,
    "ebitda": 235600000,
    "ebitdaratio": 0.2489959839,
    "operatingIncome": 124200000,
    "operatingIncomeRatio": 0.1312618897,
    "totalOtherIncomeExpensesNet": 4800000,
    "incomeBeforeTax": 129000000,
    "incomeBeforeTaxRatio": 0.1363348129,
    "incomeTaxExpense": 52800000,
    "netIncome": 72000000,
    "netIncomeRatio": 0.0760938491,
    "eps": 0.16,
    "epsdiluted": 0.16,
    "weightedAverageShsOut": 441800000,
    "weightedAverageShsOutDil": 441800000,
    "link": "https://www.sec.gov/Archives/edgar/data/723125/000101287097001926/0001012870-97-001926-index.html",
    "finalLink": "https://www.sec.gov/Archives/edgar/data/723125/"
  },
  {
    "date": "1997-05-29",
    "symbol": "MU",
    "reportedCurrency": "USD",
    "cik": "0000723125",
    "fillingDate": "1997-06-18",
    "acceptedDate": "1997-06-18 00:00:00",
    "calendarYear": "1997",
    "period": "Q3",
    "revenue": 965000000,
    "costOfRevenue": 650000000,
    "grossProfit": 315000000,
    "grossProfitRatio": 0.3264248705,
    "researchAndDevelopmentExpenses": 52600000,
    "generalAndAdministrativeExpenses": 0,
    "sellingAndMarketingExpenses": 0,
    "sellingGeneralAndAdministrativeExpenses": 93400000,
    "otherExpenses": 0,
    "operatingExpenses": 146000000,
    "costAndExpenses": 796000000,
    "interestIncome": 0,
    "interestExpense": 0,
    "depreciationAndAmortization": 122400000,
    "ebitda": 291400000,
    "ebitdaratio": 0.3019689119,
    "operatingIncome": 169000000,
    "operatingIncomeRatio": 0.1751295337,
    "totalOtherIncomeExpensesNet": 1500000,
    "incomeBeforeTax": 170500000,
    "incomeBeforeTaxRatio": 0.1766839378,
    "incomeTaxExpense": 67800000,
    "netIncome": 96800000,
    "netIncomeRatio": 0.1003108808,
    "eps": 0.23,
    "epsdiluted": 0.22,
    "weightedAverageShsOut": 420600000,
    "weightedAverageShsOutDil": 429800000,
    "link": "https://www.sec.gov/Archives/edgar/data/723125/000089843097002602/0000898430-97-002602-index.html",
    "finalLink": "https://www.sec.gov/Archives/edgar/data/723125/"
  },
  {
    "date": "1997-02-27",
    "symbol": "MU",
    "reportedCurrency": "USD",
    "cik": "0000723125",
    "fillingDate": "1997-03-25",
    "acceptedDate": "1997-03-25 00:00:00",
    "calendarYear": "1997",
    "period": "Q2",
    "revenue": 876200000,
    "costOfRevenue": 657500000,
    "grossProfit": 218700000,
    "grossProfitRatio": 0.2496005478,
    "researchAndDevelopmentExpenses": 46800000,
    "generalAndAdministrativeExpenses": 0,
    "sellingAndMarketingExpenses": 0,
    "sellingGeneralAndAdministrativeExpenses": 94900000,
    "otherExpenses": 0,
    "operatingExpenses": 141700000,
    "costAndExpenses": 799200000,
    "interestIncome": 0,
    "interestExpense": 0,
    "depreciationAndAmortization": 117600000,
    "ebitda": 194600000,
    "ebitdaratio": 0.222095412,
    "operatingIncome": 77000000,
    "operatingIncomeRatio": 0.0878794796,
    "totalOtherIncomeExpensesNet": 203300000,
    "incomeBeforeTax": 280300000,
    "incomeBeforeTaxRatio": 0.3199041315,
    "incomeTaxExpense": 131200000,
    "netIncome": 142700000,
    "netIncomeRatio": 0.1628623602,
    "eps": 0.33,
    "epsdiluted": 0.33,
    "weightedAverageShsOut": 431000000,
    "weightedAverageShsOutDil": 432400000,
    "link": "https://www.sec.gov/Archives/edgar/data/723125/000101287097000553/0001012870-97-000553-index.html",
    "finalLink": "https://www.sec.gov/Archives/edgar/data/723125/"
  },
  {
    "date": "1996-11-28",
    "symbol": "MU",
    "reportedCurrency": "USD",
    "cik": "0000723125",
    "fillingDate": "1996-12-23",
    "acceptedDate": "1996-12-23 00:00:00",
    "calendarYear": "1997",
    "period": "Q1",
    "revenue": 728100000,
    "costOfRevenue": 572900000,
    "grossProfit": 155200000,
    "grossProfitRatio": 0.2131575333,
    "researchAndDevelopmentExpenses": 47200000,
    "generalAndAdministrativeExpenses": 0,
    "sellingAndMarketingExpenses": 0,
    "sellingGeneralAndAdministrativeExpenses": 66600000,
    "otherExpenses": 0,
    "operatingExpenses": 113800000,
    "costAndExpenses": 686700000,
    "interestIncome": 0,
    "interestExpense": 0,
    "depreciationAndAmortization": 110300000,
    "ebitda": 151700000,
    "ebitdaratio": 0.2083505013,
    "operatingIncome": 41400000,
    "operatingIncomeRatio": 0.0568603214,
    "totalOtherIncomeExpensesNet": -2100000,
    "incomeBeforeTax": 39300000,
    "incomeBeforeTaxRatio": 0.0539761022,
    "incomeTaxExpense": 15600000,
    "netIncome": 20600000,
    "netIncomeRatio": 0.0282928169,
    "eps": 0.05,
    "epsdiluted": 0.05,
    "weightedAverageShsOut": 412000000,
    "weightedAverageShsOutDil": 412000000,
    "link": "https://www.sec.gov/Archives/edgar/data/723125/000072312596000027/0000723125-96-000027-index.html",
    "finalLink": "https://www.sec.gov/Archives/edgar/data/723125/"
  },
  {
    "date": "1996-08-29",
    "symbol": "MU",
    "reportedCurrency": "USD",
    "cik": "0000723125",
    "fillingDate": "1996-10-04",
    "acceptedDate": "1996-10-04 00:00:00",
    "calendarYear": "1996",
    "period": "Q4",
    "revenue": 700500000,
    "costOfRevenue": 550200000,
    "grossProfit": 150300000,
    "grossProfitRatio": 0.2145610278,
    "researchAndDevelopmentExpenses": 46100000,
    "generalAndAdministrativeExpenses": 0,
    "sellingAndMarketingExpenses": 0,
    "sellingGeneralAndAdministrativeExpenses": 75500000,
    "otherExpenses": 0,
    "operatingExpenses": 121600000,
    "costAndExpenses": 671800000,
    "interestIncome": 0,
    "interestExpense": 0,
    "depreciationAndAmortization": 102000000,
    "ebitda": 130700000,
    "ebitdaratio": 0.1865810136,
    "operatingIncome": 29000000,
    "operatingIncomeRatio": 0.0413990007,
    "totalOtherIncomeExpensesNet": -8900000,
    "incomeBeforeTax": 20100000,
    "incomeBeforeTaxRatio": 0.0286937901,
    "incomeTaxExpense": 1500000,
    "netIncome": 18600000,
    "netIncomeRatio": 0.0265524625,
    "eps": 0.0436,
    "epsdiluted": 0.0436,
    "weightedAverageShsOut": 424600000,
    "weightedAverageShsOutDil": 426200000,
    "link": "https://www.sec.gov/Archives/edgar/data/723125/000095010996006513/0000950109-96-006513-index.html",
    "finalLink": "https://www.sec.gov/Archives/edgar/data/723125/"
  },
  {
    "date": "1996-05-30",
    "symbol": "MU",
    "reportedCurrency": "USD",
    "cik": "0000723125",
    "fillingDate": "1996-06-28",
    "acceptedDate": "1996-06-28 00:00:00",
    "calendarYear": "1996",
    "period": "Q3",
    "revenue": 771000000,
    "costOfRevenue": 558000000,
    "grossProfit": 213000000,
    "grossProfitRatio": 0.2762645914,
    "researchAndDevelopmentExpenses": 51200000,
    "generalAndAdministrativeExpenses": 0,
    "sellingAndMarketingExpenses": 0,
    "sellingGeneralAndAdministrativeExpenses": 67100000,
    "otherExpenses": 0,
    "operatingExpenses": 118300000,
    "costAndExpenses": 676300000,
    "interestIncome": 0,
    "interestExpense": 0,
    "depreciationAndAmortization": 98200000,
    "ebitda": 192900000,
    "ebitdaratio": 0.2501945525,
    "operatingIncome": 94700000,
    "operatingIncomeRatio": 0.1228274968,
    "totalOtherIncomeExpensesNet": 2100000,
    "incomeBeforeTax": 96800000,
    "incomeBeforeTaxRatio": 0.1255512322,
    "incomeTaxExpense": 38600000,
    "netIncome": 58200000,
    "netIncomeRatio": 0.0754863813,
    "eps": 0.14,
    "epsdiluted": 0.14,
    "weightedAverageShsOut": 429000000,
    "weightedAverageShsOutDil": 429000000,
    "link": "https://www.sec.gov/Archives/edgar/data/723125/000072312596000013/0000723125-96-000013-index.html",
    "finalLink": "https://www.sec.gov/Archives/edgar/data/723125/"
  },
  {
    "date": "1996-02-29",
    "symbol": "MU",
    "reportedCurrency": "USD",
    "cik": "0000723125",
    "fillingDate": "1996-03-26",
    "acceptedDate": "1996-03-26 00:00:00",
    "calendarYear": "1996",
    "period": "Q2",
    "revenue": 996500000,
    "costOfRevenue": 552100000,
    "grossProfit": 444400000,
    "grossProfitRatio": 0.445960863,
    "researchAndDevelopmentExpenses": 48000000,
    "generalAndAdministrativeExpenses": 0,
    "sellingAndMarketingExpenses": 0,
    "sellingGeneralAndAdministrativeExpenses": 100300000,
    "otherExpenses": 0,
    "operatingExpenses": 148300000,
    "costAndExpenses": 700400000,
    "interestIncome": 0,
    "interestExpense": 0,
    "depreciationAndAmortization": 90300000,
    "ebitda": 386400000,
    "ebitdaratio": 0.38775715,
    "operatingIncome": 296100000,
    "operatingIncomeRatio": 0.29713999,
    "totalOtherIncomeExpensesNet": -183800000,
    "incomeBeforeTax": 112300000,
    "incomeBeforeTaxRatio": 0.1126944305,
    "incomeTaxExpense": 112300000,
    "netIncome": 188200000,
    "netIncomeRatio": 0.1888610135,
    "eps": 0.44,
    "epsdiluted": 0.44,
    "weightedAverageShsOut": 430400000,
    "weightedAverageShsOutDil": 430400000,
    "link": "https://www.sec.gov/Archives/edgar/data/723125/000072312596000007/0000723125-96-000007-index.html",
    "finalLink": "https://www.sec.gov/Archives/edgar/data/723125/"
  },
  {
    "date": "1995-11-30",
    "symbol": "MU",
    "reportedCurrency": "USD",
    "cik": "0000723125",
    "fillingDate": "1995-12-20",
    "acceptedDate": "1995-12-20 00:00:00",
    "calendarYear": "1996",
    "period": "Q1",
    "revenue": 1185800000,
    "costOfRevenue": 538100000,
    "grossProfit": 647700000,
    "grossProfitRatio": 0.5462135267,
    "researchAndDevelopmentExpenses": 46600000,
    "generalAndAdministrativeExpenses": 0,
    "sellingAndMarketingExpenses": 0,
    "sellingGeneralAndAdministrativeExpenses": 76400000,
    "otherExpenses": 0,
    "operatingExpenses": 123000000,
    "costAndExpenses": 661100000,
    "interestIncome": 0,
    "interestExpense": 0,
    "depreciationAndAmortization": 73200000,
    "ebitda": 597900000,
    "ebitdaratio": 0.5042165627,
    "operatingIncome": 524700000,
    "operatingIncomeRatio": 0.4424860853,
    "totalOtherIncomeExpensesNet": 8400000,
    "incomeBeforeTax": 533100000,
    "incomeBeforeTaxRatio": 0.4495699106,
    "incomeTaxExpense": 204600000,
    "netIncome": 328500000,
    "netIncomeRatio": 0.2770281666,
    "eps": 0.76,
    "epsdiluted": 0.76,
    "weightedAverageShsOut": 434400000,
    "weightedAverageShsOutDil": 434400000,
    "link": "https://www.sec.gov/Archives/edgar/data/723125/000072312595000024/0000723125-95-000024-index.html",
    "finalLink": "https://www.sec.gov/Archives/edgar/data/723125/"
  }
]