[
  {
    "date": "2024-12-31",
    "symbol": "NCLH",
    "reportedCurrency": "USD",
    "cik": "0001513761",
    "fillingDate": "2025-02-27",
    "acceptedDate": "2025-02-27 12:20:43",
    "calendarYear": "2024",
    "period": "FY",
    "revenue": 9479651000,
    "costOfRevenue": 5688696000,
    "grossProfit": 3790955000,
    "grossProfitRatio": 0.3999044902,
    "researchAndDevelopmentExpenses": 0,
    "generalAndAdministrativeExpenses": 0,
    "sellingAndMarketingExpenses": 0,
    "sellingGeneralAndAdministrativeExpenses": 1434807000,
    "otherExpenses": 890242000,
    "operatingExpenses": 2325049000,
    "costAndExpenses": 8013745000,
    "interestIncome": 0,
    "interestExpense": 747223000,
    "depreciationAndAmortization": 973512000,
    "ebitda": 2493642000,
    "ebitdaratio": 0.2630520892,
    "operatingIncome": 1465906000,
    "operatingIncomeRatio": 0.1546371275,
    "totalOtherIncomeExpensesNet": -692999000,
    "incomeBeforeTax": 772907000,
    "incomeBeforeTaxRatio": 0.0815332759,
    "incomeTaxExpense": -137350000,
    "netIncome": 910257000,
    "netIncomeRatio": 0.0960222059,
    "eps": 2.09,
    "epsdiluted": 1.89,
    "weightedAverageShsOut": 435278605,
    "weightedAverageShsOutDil": 515030548,
    "link": "https://www.sec.gov/Archives/edgar/data/1513761/000155837025001743/0001558370-25-001743-index.htm",
    "finalLink": "https://www.sec.gov/Archives/edgar/data/1513761/000155837025001743/nclh-20241231x10k.htm"
  },
  {
    "date": "2023-12-31",
    "symbol": "NCLH",
    "reportedCurrency": "USD",
    "cik": "0001513761",
    "fillingDate": "2024-02-28",
    "acceptedDate": "2024-02-28 11:45:34",
    "calendarYear": "2023",
    "period": "FY",
    "revenue": 8549924000,
    "costOfRevenue": 5468587000,
    "grossProfit": 3081337000,
    "grossProfitRatio": 0.3603934959,
    "researchAndDevelopmentExpenses": 0,
    "generalAndAdministrativeExpenses": 0,
    "sellingAndMarketingExpenses": 0,
    "sellingGeneralAndAdministrativeExpenses": 1341858000,
    "otherExpenses": 808568000,
    "operatingExpenses": 2150426000,
    "costAndExpenses": 7619013000,
    "interestIncome": 0,
    "interestExpense": 727531000,
    "depreciationAndAmortization": 883236000,
    "ebitda": 1773943000,
    "ebitdaratio": 0.2074805577,
    "operatingIncome": 930911000,
    "operatingIncomeRatio": 0.1088794473,
    "totalOtherIncomeExpensesNet": -767735000,
    "incomeBeforeTax": 163176000,
    "incomeBeforeTaxRatio": 0.0190850819,
    "incomeTaxExpense": -3002000,
    "netIncome": 166178000,
    "netIncomeRatio": 0.0194361962,
    "eps": 0.39,
    "epsdiluted": 0.39,
    "weightedAverageShsOut": 424424962,
    "weightedAverageShsOutDil": 427400849,
    "link": "https://www.sec.gov/Archives/edgar/data/1513761/000155837024001935/0001558370-24-001935-index.htm",
    "finalLink": "https://www.sec.gov/Archives/edgar/data/1513761/000155837024001935/nclh-20231231x10k.htm"
  },
  {
    "date": "2022-12-31",
    "symbol": "NCLH",
    "reportedCurrency": "USD",
    "cik": "0001513761",
    "fillingDate": "2023-02-28",
    "acceptedDate": "2023-02-28 16:20:52",
    "calendarYear": "2022",
    "period": "FY",
    "revenue": 4843760000,
    "costOfRevenue": 4267086000,
    "grossProfit": 576674000,
    "grossProfitRatio": 0.1190550316,
    "researchAndDevelopmentExpenses": 0,
    "generalAndAdministrativeExpenses": 0,
    "sellingAndMarketingExpenses": 0,
    "sellingGeneralAndAdministrativeExpenses": 1379105000,
    "otherExpenses": 749326000,
    "operatingExpenses": 2128431000,
    "costAndExpenses": 6395517000,
    "interestIncome": 0,
    "interestExpense": 801512000,
    "depreciationAndAmortization": 810053000,
    "ebitda": -665138000,
    "ebitdaratio": -0.1373185294,
    "operatingIncome": -1551757000,
    "operatingIncomeRatio": -0.3203620741,
    "totalOtherIncomeExpensesNet": -724946000,
    "incomeBeforeTax": -2276703000,
    "incomeBeforeTaxRatio": -0.4700280361,
    "incomeTaxExpense": -6794000,
    "netIncome": -2269909000,
    "netIncomeRatio": -0.4686254067,
    "eps": -5.41,
    "epsdiluted": -5.41,
    "weightedAverageShsOut": 419773195,
    "weightedAverageShsOutDil": 419773195,
    "link": "https://www.sec.gov/Archives/edgar/data/1513761/000155837023002361/0001558370-23-002361-index.htm",
    "finalLink": "https://www.sec.gov/Archives/edgar/data/1513761/000155837023002361/nclh-20221231x10k.htm"
  },
  {
    "date": "2021-12-31",
    "symbol": "NCLH",
    "reportedCurrency": "USD",
    "cik": "0001513761",
    "fillingDate": "2022-03-01",
    "acceptedDate": "2022-03-01 13:18:53",
    "calendarYear": "2021",
    "period": "FY",
    "revenue": 647986000,
    "costOfRevenue": 1608037000,
    "grossProfit": -960051000,
    "grossProfitRatio": -1.4815921949,
    "researchAndDevelopmentExpenses": 0,
    "generalAndAdministrativeExpenses": 0,
    "sellingAndMarketingExpenses": 0,
    "sellingGeneralAndAdministrativeExpenses": 891452000,
    "otherExpenses": 700845000,
    "operatingExpenses": 1592297000,
    "costAndExpenses": 3200334000,
    "interestIncome": 0,
    "interestExpense": 2072925000,
    "depreciationAndAmortization": 758604000,
    "ebitda": -1669791000,
    "ebitdaratio": -2.5768936366,
    "operatingIncome": -2552348000,
    "operatingIncomeRatio": -3.9388937415,
    "totalOtherIncomeExpensesNet": -1948972000,
    "incomeBeforeTax": -4501320000,
    "incomeBeforeTaxRatio": -6.946631563,
    "incomeTaxExpense": 5267000,
    "netIncome": -4506587000,
    "netIncomeRatio": -6.9547598251,
    "eps": -12.33,
    "epsdiluted": -12.33,
    "weightedAverageShsOut": 365449967,
    "weightedAverageShsOutDil": 365449967,
    "link": "https://www.sec.gov/Archives/edgar/data/1513761/000155837022002516/0001558370-22-002516-index.htm",
    "finalLink": "https://www.sec.gov/Archives/edgar/data/1513761/000155837022002516/nclh-20211231x10k.htm"
  },
  {
    "date": "2020-12-31",
    "symbol": "NCLH",
    "reportedCurrency": "USD",
    "cik": "0001513761",
    "fillingDate": "2021-02-26",
    "acceptedDate": "2021-02-26 15:57:03",
    "calendarYear": "2020",
    "period": "FY",
    "revenue": 1279908000,
    "costOfRevenue": 1693061000,
    "grossProfit": -413153000,
    "grossProfitRatio": -0.3227989824,
    "researchAndDevelopmentExpenses": 0,
    "generalAndAdministrativeExpenses": 0,
    "sellingAndMarketingExpenses": 0,
    "sellingGeneralAndAdministrativeExpenses": 745345000,
    "otherExpenses": 2325637000,
    "operatingExpenses": 3070982000,
    "costAndExpenses": 4764043000,
    "interestIncome": 0,
    "interestExpense": 482313000,
    "depreciationAndAmortization": 739619000,
    "ebitda": -2778115000,
    "ebitdaratio": -2.1705583526,
    "operatingIncome": -3484135000,
    "operatingIncomeRatio": -2.7221761252,
    "totalOtherIncomeExpensesNet": -515912000,
    "incomeBeforeTax": -4000047000,
    "incomeBeforeTaxRatio": -3.1252613469,
    "incomeTaxExpense": 12467000,
    "netIncome": -4012514000,
    "netIncomeRatio": -3.1350018908,
    "eps": -15.75,
    "epsdiluted": -15.75,
    "weightedAverageShsOut": 254728932,
    "weightedAverageShsOutDil": 254728932,
    "link": "https://www.sec.gov/Archives/edgar/data/1513761/000155837021001998/0001558370-21-001998-index.htm",
    "finalLink": "https://www.sec.gov/Archives/edgar/data/1513761/000155837021001998/nclh-20201231x10k.htm"
  },
  {
    "date": "2019-12-31",
    "symbol": "NCLH",
    "reportedCurrency": "USD",
    "cik": "0001513761",
    "fillingDate": "2020-02-27",
    "acceptedDate": "2020-02-27 17:05:58",
    "calendarYear": "2019",
    "period": "FY",
    "revenue": 6462376000,
    "costOfRevenue": 3663261000,
    "grossProfit": 2799115000,
    "grossProfitRatio": 0.4331402258,
    "researchAndDevelopmentExpenses": 0,
    "generalAndAdministrativeExpenses": 0,
    "sellingAndMarketingExpenses": 974850000,
    "sellingGeneralAndAdministrativeExpenses": 974850000,
    "otherExpenses": 646188000,
    "operatingExpenses": 1621038000,
    "costAndExpenses": 5284299000,
    "interestIncome": 0,
    "interestExpense": 257337000,
    "depreciationAndAmortization": 644040000,
    "ebitda": 1812742000,
    "ebitdaratio": 0.2805070457,
    "operatingIncome": 1178077000,
    "operatingIncomeRatio": 0.1822978112,
    "totalOtherIncomeExpensesNet": -266712000,
    "incomeBeforeTax": 911365000,
    "incomeBeforeTaxRatio": 0.1410263036,
    "incomeTaxExpense": -18863000,
    "netIncome": 930228000,
    "netIncomeRatio": 0.1439451991,
    "eps": 4.33,
    "epsdiluted": 4.3,
    "weightedAverageShsOut": 214929977,
    "weightedAverageShsOutDil": 216475076,
    "link": "https://www.sec.gov/Archives/edgar/data/1513761/000155837020001661/0001558370-20-001661-index.htm",
    "finalLink": "https://www.sec.gov/Archives/edgar/data/1513761/000155837020001661/nclh-20191231x10kc19a9c.htm"
  },
  {
    "date": "2018-12-31",
    "symbol": "NCLH",
    "reportedCurrency": "USD",
    "cik": "0001513761",
    "fillingDate": "2019-02-27",
    "acceptedDate": "2019-02-27 15:37:01",
    "calendarYear": "2018",
    "period": "FY",
    "revenue": 6055126000,
    "costOfRevenue": 3377076000,
    "grossProfit": 2678050000,
    "grossProfitRatio": 0.4422781623,
    "researchAndDevelopmentExpenses": 0,
    "generalAndAdministrativeExpenses": 0,
    "sellingAndMarketingExpenses": 897929000,
    "sellingGeneralAndAdministrativeExpenses": 897929000,
    "otherExpenses": 561060000,
    "operatingExpenses": 1458989000,
    "costAndExpenses": 4836065000,
    "interestIncome": 0,
    "interestExpense": 270404000,
    "depreciationAndAmortization": 563509000,
    "ebitda": 1802372000,
    "ebitdaratio": 0.2976605276,
    "operatingIncome": 1219061000,
    "operatingIncomeRatio": 0.201327107,
    "totalOtherIncomeExpensesNet": -249751000,
    "incomeBeforeTax": 969310000,
    "incomeBeforeTaxRatio": 0.1600808967,
    "incomeTaxExpense": 14467000,
    "netIncome": 954843000,
    "netIncomeRatio": 0.1576916814,
    "eps": 4.28,
    "epsdiluted": 4.25,
    "weightedAverageShsOut": 223001739,
    "weightedAverageShsOutDil": 224419205,
    "link": "https://www.sec.gov/Archives/edgar/data/1513761/000114420419010508/0001144204-19-010508-index.htm",
    "finalLink": "https://www.sec.gov/Archives/edgar/data/1513761/000114420419010508/tv513897_10k.htm"
  },
  {
    "date": "2017-12-31",
    "symbol": "NCLH",
    "reportedCurrency": "USD",
    "cik": "0001513761",
    "fillingDate": "2018-02-27",
    "acceptedDate": "2018-02-27 11:54:39",
    "calendarYear": "2017",
    "period": "FY",
    "revenue": 5396175000,
    "costOfRevenue": 3063644000,
    "grossProfit": 2332531000,
    "grossProfitRatio": 0.4322563668,
    "researchAndDevelopmentExpenses": 0,
    "generalAndAdministrativeExpenses": 0,
    "sellingAndMarketingExpenses": 773755000,
    "sellingGeneralAndAdministrativeExpenses": 773755000,
    "otherExpenses": 509957000,
    "operatingExpenses": 1283712000,
    "costAndExpenses": 4347356000,
    "interestIncome": 0,
    "interestExpense": 267804000,
    "depreciationAndAmortization": 525561000,
    "ebitda": 1566976000,
    "ebitdaratio": 0.2903864311,
    "operatingIncome": 1048819000,
    "operatingIncomeRatio": 0.1943634148,
    "totalOtherIncomeExpensesNet": -278205000,
    "incomeBeforeTax": 770614000,
    "incomeBeforeTaxRatio": 0.1428074516,
    "incomeTaxExpense": 10742000,
    "netIncome": 759872000,
    "netIncomeRatio": 0.1408167823,
    "eps": 3.33,
    "epsdiluted": 3.31,
    "weightedAverageShsOut": 229418326,
    "weightedAverageShsOutDil": 229568649,
    "link": "https://www.sec.gov/Archives/edgar/data/1513761/000114420418011097/0001144204-18-011097-index.htm",
    "finalLink": "https://www.sec.gov/Archives/edgar/data/1513761/000114420418011097/tv486495_10k.htm"
  },
  {
    "date": "2016-12-31",
    "symbol": "NCLH",
    "reportedCurrency": "USD",
    "cik": "0001513761",
    "fillingDate": "2017-02-27",
    "acceptedDate": "2017-02-27 16:05:32",
    "calendarYear": "2016",
    "period": "FY",
    "revenue": 4874340000,
    "costOfRevenue": 2850225000,
    "grossProfit": 2024115000,
    "grossProfitRatio": 0.4152592966,
    "researchAndDevelopmentExpenses": 0,
    "generalAndAdministrativeExpenses": 0,
    "sellingAndMarketingExpenses": 666156000,
    "sellingGeneralAndAdministrativeExpenses": 666156000,
    "otherExpenses": 432495000,
    "operatingExpenses": 1098651000,
    "costAndExpenses": 3948876000,
    "interestIncome": 0,
    "interestExpense": 276859000,
    "depreciationAndAmortization": 449216000,
    "ebitda": 1370324000,
    "ebitdaratio": 0.2811301633,
    "operatingIncome": 925464000,
    "operatingIncomeRatio": 0.189864474,
    "totalOtherIncomeExpensesNet": -285161000,
    "incomeBeforeTax": 640303000,
    "incomeBeforeTaxRatio": 0.1313619895,
    "incomeTaxExpense": 7218000,
    "netIncome": 633085000,
    "netIncomeRatio": 0.1298811737,
    "eps": 2.79,
    "epsdiluted": 2.78,
    "weightedAverageShsOut": 227728499,
    "weightedAverageShsOutDil": 227850286,
    "link": "https://www.sec.gov/Archives/edgar/data/1513761/000157104917001650/0001571049-17-001650-index.htm",
    "finalLink": "https://www.sec.gov/Archives/edgar/data/1513761/000157104917001650/t1700165_10k.htm"
  },
  {
    "date": "2015-12-31",
    "symbol": "NCLH",
    "reportedCurrency": "USD",
    "cik": "0001513761",
    "fillingDate": "2016-02-29",
    "acceptedDate": "2016-02-29 17:08:07",
    "calendarYear": "2015",
    "period": "FY",
    "revenue": 4345048000,
    "costOfRevenue": 2655449000,
    "grossProfit": 1689599000,
    "grossProfitRatio": 0.3888562336,
    "researchAndDevelopmentExpenses": 0,
    "generalAndAdministrativeExpenses": 0,
    "sellingAndMarketingExpenses": 554999000,
    "sellingGeneralAndAdministrativeExpenses": 554999000,
    "otherExpenses": 432114000,
    "operatingExpenses": 987113000,
    "costAndExpenses": 3642562000,
    "interestIncome": 0,
    "interestExpense": 221909000,
    "depreciationAndAmortization": 450335000,
    "ebitda": 1106153000,
    "ebitdaratio": 0.2545778551,
    "operatingIncome": 702486000,
    "operatingIncomeRatio": 0.1616750839,
    "totalOtherIncomeExpensesNet": -268577000,
    "incomeBeforeTax": 433909000,
    "incomeBeforeTaxRatio": 0.0998628784,
    "incomeTaxExpense": 6772000,
    "netIncome": 427137000,
    "netIncomeRatio": 0.0983043225,
    "eps": 1.89,
    "epsdiluted": 1.86,
    "weightedAverageShsOut": 229643548,
    "weightedAverageShsOutDil": 230040132,
    "link": "https://www.sec.gov/Archives/edgar/data/1513761/000157104916012414/0001571049-16-012414-index.htm",
    "finalLink": "https://www.sec.gov/Archives/edgar/data/1513761/000157104916012414/t1600485_10k.htm"
  },
  {
    "date": "2014-12-31",
    "symbol": "NCLH",
    "reportedCurrency": "USD",
    "cik": "0001513761",
    "fillingDate": "2015-02-27",
    "acceptedDate": "2015-02-27 17:21:08",
    "calendarYear": "2014",
    "period": "FY",
    "revenue": 3125881000,
    "costOfRevenue": 1946624000,
    "grossProfit": 1179257000,
    "grossProfitRatio": 0.377255884,
    "researchAndDevelopmentExpenses": 0,
    "generalAndAdministrativeExpenses": 0,
    "sellingAndMarketingExpenses": 403169000,
    "sellingGeneralAndAdministrativeExpenses": 403169000,
    "otherExpenses": 273147000,
    "operatingExpenses": 676316000,
    "costAndExpenses": 2622940000,
    "interestIncome": 0,
    "interestExpense": 151754000,
    "depreciationAndAmortization": 304877000,
    "ebitda": 796965000,
    "ebitdaratio": 0.2549569225,
    "operatingIncome": 502941000,
    "operatingIncomeRatio": 0.1608957603,
    "totalOtherIncomeExpensesNet": -162607000,
    "incomeBeforeTax": 340334000,
    "incomeBeforeTaxRatio": 0.1088761856,
    "incomeTaxExpense": -2267000,
    "netIncome": 338352000,
    "netIncomeRatio": 0.1082421244,
    "eps": 1.64,
    "epsdiluted": 1.62,
    "weightedAverageShsOut": 208859388,
    "weightedAverageShsOutDil": 212017784,
    "link": "https://www.sec.gov/Archives/edgar/data/1513761/000157104915001498/0001571049-15-001498-index.htm",
    "finalLink": "https://www.sec.gov/Archives/edgar/data/1513761/000157104915001498/t1500098_10k.htm"
  },
  {
    "date": "2013-12-31",
    "symbol": "NCLH",
    "reportedCurrency": "USD",
    "cik": "0001513761",
    "fillingDate": "2014-02-21",
    "acceptedDate": "2014-02-21 16:39:56",
    "calendarYear": "2013",
    "period": "FY",
    "revenue": 2570294000,
    "costOfRevenue": 1657659000,
    "grossProfit": 912635000,
    "grossProfitRatio": 0.355070276,
    "researchAndDevelopmentExpenses": 0,
    "generalAndAdministrativeExpenses": 0,
    "sellingAndMarketingExpenses": 301155000,
    "sellingGeneralAndAdministrativeExpenses": 301155000,
    "otherExpenses": 215593000,
    "operatingExpenses": 516748000,
    "costAndExpenses": 2174407000,
    "interestIncome": 0,
    "interestExpense": 282602000,
    "depreciationAndAmortization": 245111000,
    "ebitda": 642401000,
    "ebitdaratio": 0.2499328871,
    "operatingIncome": 395887000,
    "operatingIncomeRatio": 0.1540240144,
    "totalOtherIncomeExpensesNet": -281199000,
    "incomeBeforeTax": 114688000,
    "incomeBeforeTaxRatio": 0.0446205765,
    "incomeTaxExpense": 11802000,
    "netIncome": 101714000,
    "netIncomeRatio": 0.0395729049,
    "eps": 0.5,
    "epsdiluted": 0.49,
    "weightedAverageShsOut": 207580015,
    "weightedAverageShsOutDil": 209239484,
    "link": "https://www.sec.gov/Archives/edgar/data/1513761/000119312514062855/0001193125-14-062855-index.htm",
    "finalLink": "https://www.sec.gov/Archives/edgar/data/1513761/000119312514062855/d662798d10k.htm"
  },
  {
    "date": "2012-12-31",
    "symbol": "NCLH",
    "reportedCurrency": "USD",
    "cik": "0001513761",
    "fillingDate": "2013-02-20",
    "acceptedDate": "2013-02-20 16:41:59",
    "calendarYear": "2012",
    "period": "FY",
    "revenue": 2276246000,
    "costOfRevenue": 1478433000,
    "grossProfit": 797813000,
    "grossProfitRatio": 0.3504950695,
    "researchAndDevelopmentExpenses": 0,
    "generalAndAdministrativeExpenses": 0,
    "sellingAndMarketingExpenses": 251183000,
    "sellingGeneralAndAdministrativeExpenses": 251183000,
    "otherExpenses": 189537000,
    "operatingExpenses": 440720000,
    "costAndExpenses": 1919153000,
    "interestIncome": 0,
    "interestExpense": 189930000,
    "depreciationAndAmortization": 216137000,
    "ebitda": 574623000,
    "ebitdaratio": 0.2524432772,
    "operatingIncome": 357093000,
    "operatingIncomeRatio": 0.1568780352,
    "totalOtherIncomeExpensesNet": -188537000,
    "incomeBeforeTax": 168556000,
    "incomeBeforeTaxRatio": 0.0740499928,
    "incomeTaxExpense": 0,
    "netIncome": 168556000,
    "netIncomeRatio": 0.0740499928,
    "eps": 0.84,
    "epsdiluted": 0.84,
    "weightedAverageShsOut": 179315084,
    "weightedAverageShsOutDil": 200468080,
    "link": "https://www.sec.gov/Archives/edgar/data/1513761/000119312513067341/0001193125-13-067341-index.htm",
    "finalLink": "https://www.sec.gov/Archives/edgar/data/1513761/000119312513067341/d488060d10k.htm"
  },
  {
    "date": "2011-12-31",
    "symbol": "NCLH",
    "reportedCurrency": "USD",
    "cik": "0001513761",
    "fillingDate": "2011-12-31",
    "acceptedDate": "2011-12-30 19:00:00",
    "calendarYear": "2011",
    "period": "FY",
    "revenue": 2219324000,
    "costOfRevenue": 1467876000,
    "grossProfit": 751448000,
    "grossProfitRatio": 0.3385931932,
    "researchAndDevelopmentExpenses": 0,
    "generalAndAdministrativeExpenses": 0,
    "sellingAndMarketingExpenses": 251351000,
    "sellingGeneralAndAdministrativeExpenses": 251351000,
    "otherExpenses": 183985000,
    "operatingExpenses": 435336000,
    "costAndExpenses": 1903212000,
    "interestIncome": 38000,
    "interestExpense": 190225000,
    "depreciationAndAmortization": 211049000,
    "ebitda": 528133000,
    "ebitdaratio": 0.2379702107,
    "operatingIncome": 316112000,
    "operatingIncomeRatio": 0.1424361652,
    "totalOtherIncomeExpensesNet": -187553000,
    "incomeBeforeTax": 126859000,
    "incomeBeforeTaxRatio": 0.0571610995,
    "incomeTaxExpense": 192441000,
    "netIncome": 126859000,
    "netIncomeRatio": 0.0571610995,
    "eps": 0.63,
    "epsdiluted": 0.62,
    "weightedAverageShsOut": 200468080,
    "weightedAverageShsOutDil": 203325892,
    "link": "",
    "finalLink": ""
  },
  {
    "date": "2010-12-31",
    "symbol": "NCLH",
    "reportedCurrency": "USD",
    "cik": "0001513761",
    "fillingDate": "2010-12-31",
    "acceptedDate": "2010-12-30 19:00:00",
    "calendarYear": "2010",
    "period": "FY",
    "revenue": 2012128000,
    "costOfRevenue": 1347298000,
    "grossProfit": 664830000,
    "grossProfitRatio": 0.3304113854,
    "researchAndDevelopmentExpenses": 0,
    "generalAndAdministrativeExpenses": 246000,
    "sellingAndMarketingExpenses": 264152000,
    "sellingGeneralAndAdministrativeExpenses": 264398000,
    "otherExpenses": 170191000,
    "operatingExpenses": 434589000,
    "costAndExpenses": 1781887000,
    "interestIncome": 100000,
    "interestExpense": 173772000,
    "depreciationAndAmortization": 170191000,
    "ebitda": 366580000,
    "ebitdaratio": 0.1821852288,
    "operatingIncome": 230241000,
    "operatingIncomeRatio": 0.114426617,
    "totalOtherIncomeExpensesNet": -33952000,
    "incomeBeforeTax": 196289000,
    "incomeBeforeTaxRatio": 0.097552939,
    "incomeTaxExpense": 207624000,
    "netIncome": 22986000,
    "netIncomeRatio": 0.0114237265,
    "eps": 0.11,
    "epsdiluted": 0.11,
    "weightedAverageShsOut": 200468080,
    "weightedAverageShsOutDil": 203325892,
    "link": "",
    "finalLink": ""
  },
  {
    "date": "2009-12-31",
    "symbol": "NCLH",
    "reportedCurrency": "USD",
    "cik": "0001513761",
    "fillingDate": "2009-12-31",
    "acceptedDate": "2009-12-30 19:00:00",
    "calendarYear": "2009",
    "period": "FY",
    "revenue": 1855204000,
    "costOfRevenue": 1289454000,
    "grossProfit": 565750000,
    "grossProfitRatio": 0.3049529863,
    "researchAndDevelopmentExpenses": 0,
    "generalAndAdministrativeExpenses": 61000,
    "sellingAndMarketingExpenses": 241615000,
    "sellingGeneralAndAdministrativeExpenses": 241676000,
    "otherExpenses": 152700000,
    "operatingExpenses": 394376000,
    "costAndExpenses": 1683830000,
    "interestIncome": 836000,
    "interestExpense": 115350000,
    "depreciationAndAmortization": 169701000,
    "ebitda": 352284000,
    "ebitdaratio": 0.1898896294,
    "operatingIncome": 171374000,
    "operatingIncomeRatio": 0.0923747469,
    "totalOtherIncomeExpensesNet": 10373000,
    "incomeBeforeTax": 181747000,
    "incomeBeforeTaxRatio": 0.0979660458,
    "incomeTaxExpense": 104141000,
    "netIncome": 66952000,
    "netIncomeRatio": 0.0360887536,
    "eps": 0.33,
    "epsdiluted": 0.33,
    "weightedAverageShsOut": 200468080,
    "weightedAverageShsOutDil": 203325892,
    "link": "",
    "finalLink": ""
  },
  {
    "date": "2008-12-31",
    "symbol": "NCLH",
    "reportedCurrency": "USD",
    "cik": "0001513761",
    "fillingDate": "2008-12-31",
    "acceptedDate": "2008-12-30 19:00:00",
    "calendarYear": "2008",
    "period": "FY",
    "revenue": 2106401000,
    "costOfRevenue": 1578481000,
    "grossProfit": 527920000,
    "grossProfitRatio": 0.2506265426,
    "researchAndDevelopmentExpenses": 0,
    "generalAndAdministrativeExpenses": 0,
    "sellingAndMarketingExpenses": 0,
    "sellingGeneralAndAdministrativeExpenses": 299827000,
    "otherExpenses": 162565000,
    "operatingExpenses": 462392000,
    "costAndExpenses": 2040873000,
    "interestIncome": 2796000,
    "interestExpense": 152364000,
    "depreciationAndAmortization": 162565000,
    "ebitda": 103126000,
    "ebitdaratio": 0.0489583892,
    "operatingIncome": -63247000,
    "operatingIncomeRatio": -0.0300260966,
    "totalOtherIncomeExpensesNet": -127763000,
    "incomeBeforeTax": -191010000,
    "incomeBeforeTaxRatio": -0.0906807393,
    "incomeTaxExpense": 277331000,
    "netIncome": -211803000,
    "netIncomeRatio": -0.1005520791,
    "eps": -1.06,
    "epsdiluted": -1.04,
    "weightedAverageShsOut": 200468080,
    "weightedAverageShsOutDil": 203325892,
    "link": "",
    "finalLink": ""
  },
  {
    "date": "2007-12-31",
    "symbol": "NCLH",
    "reportedCurrency": "USD",
    "cik": "0001513761",
    "fillingDate": "2007-12-31",
    "acceptedDate": "2007-12-30 19:00:00",
    "calendarYear": "2007",
    "period": "FY",
    "revenue": 2172815000,
    "costOfRevenue": 1692940000,
    "grossProfit": 479875000,
    "grossProfitRatio": 0.2208540534,
    "researchAndDevelopmentExpenses": 0,
    "generalAndAdministrativeExpenses": 0,
    "sellingAndMarketingExpenses": 0,
    "sellingGeneralAndAdministrativeExpenses": 287093000,
    "otherExpenses": 148003000,
    "operatingExpenses": 435096000,
    "costAndExpenses": 2128036000,
    "interestIncome": 1384000,
    "interestExpense": 175409000,
    "depreciationAndAmortization": 148003000,
    "ebitda": 96450000,
    "ebitdaratio": 0.0443894211,
    "operatingIncome": 42214000,
    "operatingIncomeRatio": 0.0194282532,
    "totalOtherIncomeExpensesNet": -97716000,
    "incomeBeforeTax": -55502000,
    "incomeBeforeTaxRatio": -0.0255438222,
    "incomeTaxExpense": 271741000,
    "netIncome": -226962000,
    "netIncomeRatio": -0.1044552804,
    "eps": -1.13,
    "epsdiluted": -1.12,
    "weightedAverageShsOut": 200468080,
    "weightedAverageShsOutDil": 203325892,
    "link": "",
    "finalLink": ""
  },
  {
    "date": "2006-12-31",
    "symbol": "NCLH",
    "reportedCurrency": "USD",
    "cik": "0001513761",
    "fillingDate": "2006-12-31",
    "acceptedDate": "2006-12-30 19:00:00",
    "calendarYear": "2006",
    "period": "FY",
    "revenue": 1976309000,
    "costOfRevenue": 1567382000,
    "grossProfit": 408927000,
    "grossProfitRatio": 0.2069145058,
    "researchAndDevelopmentExpenses": 0,
    "generalAndAdministrativeExpenses": 0,
    "sellingAndMarketingExpenses": 0,
    "sellingGeneralAndAdministrativeExpenses": 249250000,
    "otherExpenses": 119097000,
    "operatingExpenses": 368347000,
    "costAndExpenses": 1935729000,
    "interestIncome": 3392000,
    "interestExpense": 136478000,
    "depreciationAndAmortization": 119097000,
    "ebitda": 124676000,
    "ebitdaratio": 0.0630852766,
    "operatingIncome": 32580000,
    "operatingIncomeRatio": 0.0164852763,
    "totalOtherIncomeExpensesNet": -38393000,
    "incomeBeforeTax": -5813000,
    "incomeBeforeTaxRatio": -0.0029413417,
    "incomeTaxExpense": 171479000,
    "netIncome": -130899000,
    "netIncomeRatio": -0.0662340757,
    "eps": -0.65,
    "epsdiluted": -0.64,
    "weightedAverageShsOut": 200468080,
    "weightedAverageShsOutDil": 203325892,
    "link": "",
    "finalLink": ""
  },
  {
    "date": "2005-12-31",
    "symbol": "NCLH",
    "reportedCurrency": "USD",
    "cik": "0001513761",
    "fillingDate": "2005-12-31",
    "acceptedDate": "2005-12-30 19:00:00",
    "calendarYear": "2005",
    "period": "FY",
    "revenue": 1616154000,
    "costOfRevenue": 1210505000,
    "grossProfit": 405649000,
    "grossProfitRatio": 0.2509965016,
    "researchAndDevelopmentExpenses": 0,
    "generalAndAdministrativeExpenses": 0,
    "sellingAndMarketingExpenses": 0,
    "sellingGeneralAndAdministrativeExpenses": 228205000,
    "otherExpenses": 104181000,
    "operatingExpenses": 332386000,
    "costAndExpenses": 1542891000,
    "interestIncome": 4803000,
    "interestExpense": 87006000,
    "depreciationAndAmortization": 104181000,
    "ebitda": 210343000,
    "ebitdaratio": 0.1301503446,
    "operatingIncome": 73263000,
    "operatingIncomeRatio": 0.0453316949,
    "totalOtherIncomeExpensesNet": 28096000,
    "incomeBeforeTax": 101359000,
    "incomeBeforeTaxRatio": 0.0627161768,
    "incomeTaxExpense": 54107000,
    "netIncome": 16235000,
    "netIncomeRatio": 0.0100454536,
    "eps": 0.081,
    "epsdiluted": 0.0798,
    "weightedAverageShsOut": 200468080,
    "weightedAverageShsOutDil": 203325892,
    "link": "",
    "finalLink": ""
  },
  {
    "date": "2004-12-31",
    "symbol": "NCLH",
    "reportedCurrency": "USD",
    "cik": "0001513761",
    "fillingDate": "2004-12-31",
    "acceptedDate": "2004-12-30 19:00:00",
    "calendarYear": "2004",
    "period": "FY",
    "revenue": 1338286000,
    "costOfRevenue": 981537000,
    "grossProfit": 356749000,
    "grossProfitRatio": 0.2665715699,
    "researchAndDevelopmentExpenses": 0,
    "generalAndAdministrativeExpenses": 0,
    "sellingAndMarketingExpenses": 0,
    "sellingGeneralAndAdministrativeExpenses": 204560000,
    "otherExpenses": 101897000,
    "operatingExpenses": 291957000,
    "costAndExpenses": 1273494000,
    "interestIncome": 1434000,
    "interestExpense": 48886000,
    "depreciationAndAmortization": 87397000,
    "ebitda": 152189000,
    "ebitdaratio": 0.1137193395,
    "operatingIncome": 50292000,
    "operatingIncomeRatio": 0.0375794113,
    "totalOtherIncomeExpensesNet": -26048000,
    "incomeBeforeTax": 24244000,
    "incomeBeforeTaxRatio": 0.0181157092,
    "incomeTaxExpense": 73500000,
    "netIncome": -8708000,
    "netIncomeRatio": -0.0065068304,
    "eps": -0.0434,
    "epsdiluted": -0.0428,
    "weightedAverageShsOut": 200468080,
    "weightedAverageShsOutDil": 203325892,
    "link": "",
    "finalLink": ""
  }
]