[
  {
    "date": "2025-06-30",
    "symbol": "NCLH",
    "reportedCurrency": "USD",
    "cik": "0001513761",
    "fillingDate": "2025-08-04",
    "acceptedDate": "2025-08-04 11:59:45",
    "calendarYear": "2025",
    "period": "Q2",
    "revenue": 2517497000,
    "costOfRevenue": 1456847000,
    "grossProfit": 1060650000,
    "grossProfitRatio": 0.4213113263,
    "researchAndDevelopmentExpenses": 0,
    "generalAndAdministrativeExpenses": 0,
    "sellingAndMarketingExpenses": 0,
    "sellingGeneralAndAdministrativeExpenses": 393054000,
    "otherExpenses": 243760000,
    "operatingExpenses": 636814000,
    "costAndExpenses": 2093661000,
    "interestIncome": 0,
    "interestExpense": 168347000,
    "depreciationAndAmortization": 243760000,
    "ebitda": 442735999,
    "ebitdaratio": 0.1758635657,
    "operatingIncome": 423836000,
    "operatingIncomeRatio": 0.1683561093,
    "totalOtherIncomeExpensesNet": -393207000,
    "incomeBeforeTax": 30629000,
    "incomeBeforeTaxRatio": 0.0121664495,
    "incomeTaxExpense": 637000,
    "netIncome": 29992000,
    "netIncomeRatio": 0.0119134204,
    "eps": 0.0672,
    "epsdiluted": 0.0669,
    "weightedAverageShsOut": 443882000,
    "weightedAverageShsOutDil": 443882000,
    "link": "https://www.sec.gov/Archives/edgar/data/1513761/000155837025010053/0001558370-25-010053-index.htm",
    "finalLink": "https://www.sec.gov/Archives/edgar/data/1513761/000155837025010053/nclh-20250630x10q.htm"
  },
  {
    "date": "2025-03-31",
    "symbol": "NCLH",
    "reportedCurrency": "USD",
    "cik": "0001513761",
    "fillingDate": "2025-05-05",
    "acceptedDate": "2025-05-05 16:06:30",
    "calendarYear": "2025",
    "period": "Q1",
    "revenue": 2127553000,
    "costOfRevenue": 1303938000,
    "grossProfit": 823615000,
    "grossProfitRatio": 0.3871184408,
    "researchAndDevelopmentExpenses": 0,
    "generalAndAdministrativeExpenses": 0,
    "sellingAndMarketingExpenses": 0,
    "sellingGeneralAndAdministrativeExpenses": 391376000,
    "otherExpenses": 231297000,
    "operatingExpenses": 622673000,
    "costAndExpenses": 1926611000,
    "interestIncome": 0,
    "interestExpense": 217872000,
    "depreciationAndAmortization": 250535000,
    "ebitda": 426972000,
    "ebitdaratio": 0.2006868924,
    "operatingIncome": 200942000,
    "operatingIncomeRatio": 0.0944474709,
    "totalOtherIncomeExpensesNet": -242377000,
    "incomeBeforeTax": -41435000,
    "incomeBeforeTaxRatio": -0.0194754255,
    "incomeTaxExpense": -1140000,
    "netIncome": -40295000,
    "netIncomeRatio": -0.0189395987,
    "eps": -0.0913,
    "epsdiluted": -0.0913,
    "weightedAverageShsOut": 441147186,
    "weightedAverageShsOutDil": 441147186,
    "link": "https://www.sec.gov/Archives/edgar/data/1513761/000155837025006294/0001558370-25-006294-index.htm",
    "finalLink": "https://www.sec.gov/Archives/edgar/data/1513761/000155837025006294/nclh-20250331x10q.htm"
  },
  {
    "date": "2024-12-31",
    "symbol": "NCLH",
    "reportedCurrency": "USD",
    "cik": "0001513761",
    "fillingDate": "2025-02-27",
    "acceptedDate": "2025-02-27 12:20:43",
    "calendarYear": "2024",
    "period": "Q4",
    "revenue": 2109366000,
    "costOfRevenue": 1307579000,
    "grossProfit": 801787000,
    "grossProfitRatio": 0.3801080514,
    "researchAndDevelopmentExpenses": 0,
    "generalAndAdministrativeExpenses": 0,
    "sellingAndMarketingExpenses": 0,
    "sellingGeneralAndAdministrativeExpenses": 360566000,
    "otherExpenses": 226480000,
    "operatingExpenses": 587046000,
    "costAndExpenses": 1894625000,
    "interestIncome": 0,
    "interestExpense": 175358000,
    "depreciationAndAmortization": 246635000,
    "ebitda": 529713000,
    "ebitdaratio": 0.2511242715,
    "operatingIncome": 214741000,
    "operatingIncomeRatio": 0.1018035751,
    "totalOtherIncomeExpensesNet": -107021000,
    "incomeBeforeTax": 107720000,
    "incomeBeforeTaxRatio": 0.0510674771,
    "incomeTaxExpense": -146816000,
    "netIncome": 254536000,
    "netIncomeRatio": 0.1206694334,
    "eps": 0.58,
    "epsdiluted": 0.49,
    "weightedAverageShsOut": 439709089,
    "weightedAverageShsOutDil": 518111963,
    "link": "https://www.sec.gov/Archives/edgar/data/1513761/000155837025001743/0001558370-25-001743-index.htm",
    "finalLink": "https://www.sec.gov/Archives/edgar/data/1513761/000155837025001743/nclh-20241231x10k.htm"
  },
  {
    "date": "2024-09-30",
    "symbol": "NCLH",
    "reportedCurrency": "USD",
    "cik": "0001513761",
    "fillingDate": "2024-11-07",
    "acceptedDate": "2024-11-07 09:57:16",
    "calendarYear": "2024",
    "period": "Q3",
    "revenue": 2806578000,
    "costOfRevenue": 1538939000,
    "grossProfit": 1267639000,
    "grossProfitRatio": 0.4516671192,
    "researchAndDevelopmentExpenses": 0,
    "generalAndAdministrativeExpenses": 0,
    "sellingAndMarketingExpenses": 0,
    "sellingGeneralAndAdministrativeExpenses": 358001000,
    "otherExpenses": 218428000,
    "operatingExpenses": 576429000,
    "costAndExpenses": 2115368000,
    "interestIncome": 0,
    "interestExpense": 175216000,
    "depreciationAndAmortization": 238850000,
    "ebitda": 895914000,
    "ebitdaratio": 0.3192193483,
    "operatingIncome": 691210000,
    "operatingIncomeRatio": 0.2462821272,
    "totalOtherIncomeExpensesNet": -209362000,
    "incomeBeforeTax": 481848000,
    "incomeBeforeTaxRatio": 0.1716852338,
    "incomeTaxExpense": 6916000,
    "netIncome": 474932000,
    "netIncomeRatio": 0.1692210229,
    "eps": 1.08,
    "epsdiluted": 0.95,
    "weightedAverageShsOut": 439697135,
    "weightedAverageShsOutDil": 514878919,
    "link": "https://www.sec.gov/Archives/edgar/data/1513761/000155837024014784/0001558370-24-014784-index.htm",
    "finalLink": "https://www.sec.gov/Archives/edgar/data/1513761/000155837024014784/nclh-20240930x10q.htm"
  },
  {
    "date": "2024-06-30",
    "symbol": "NCLH",
    "reportedCurrency": "USD",
    "cik": "0001513761",
    "fillingDate": "2024-08-08",
    "acceptedDate": "2024-08-08 11:29:03",
    "calendarYear": "2024",
    "period": "Q2",
    "revenue": 2372492000,
    "costOfRevenue": 1454755000,
    "grossProfit": 917737000,
    "grossProfitRatio": 0.3868240652,
    "researchAndDevelopmentExpenses": 0,
    "generalAndAdministrativeExpenses": 0,
    "sellingAndMarketingExpenses": 0,
    "sellingGeneralAndAdministrativeExpenses": 353771000,
    "otherExpenses": 222405000,
    "operatingExpenses": 576176000,
    "costAndExpenses": 2030931000,
    "interestIncome": 0,
    "interestExpense": 178472000,
    "depreciationAndAmortization": 242935000,
    "ebitda": 586392000,
    "ebitdaratio": 0.2471628988,
    "operatingIncome": 341561000,
    "operatingIncomeRatio": 0.1439671872,
    "totalOtherIncomeExpensesNet": -176576000,
    "incomeBeforeTax": 164985000,
    "incomeBeforeTaxRatio": 0.0695408035,
    "incomeTaxExpense": 1549000,
    "netIncome": 163436000,
    "netIncomeRatio": 0.0688879035,
    "eps": 0.38,
    "epsdiluted": 0.32,
    "weightedAverageShsOut": 434807434,
    "weightedAverageShsOutDil": 513589734,
    "link": "https://www.sec.gov/Archives/edgar/data/1513761/000155837024011514/0001558370-24-011514-index.htm",
    "finalLink": "https://www.sec.gov/Archives/edgar/data/1513761/000155837024011514/nclh-20240630x10q.htm"
  },
  {
    "date": "2024-03-31",
    "symbol": "NCLH",
    "reportedCurrency": "USD",
    "cik": "0001513761",
    "fillingDate": "2024-05-07",
    "acceptedDate": "2024-05-07 15:01:11",
    "calendarYear": "2024",
    "period": "Q1",
    "revenue": 2191215000,
    "costOfRevenue": 1387423000,
    "grossProfit": 803792000,
    "grossProfitRatio": 0.3668247981,
    "researchAndDevelopmentExpenses": 0,
    "generalAndAdministrativeExpenses": 0,
    "sellingAndMarketingExpenses": 0,
    "sellingGeneralAndAdministrativeExpenses": 362469000,
    "otherExpenses": 222929000,
    "operatingExpenses": 585398000,
    "costAndExpenses": 1972821000,
    "interestIncome": 0,
    "interestExpense": 218177000,
    "depreciationAndAmortization": 245092000,
    "ebitda": 481623000,
    "ebitdaratio": 0.2197972358,
    "operatingIncome": 218394000,
    "operatingIncomeRatio": 0.0996679924,
    "totalOtherIncomeExpensesNet": -200040000,
    "incomeBeforeTax": 18354000,
    "incomeBeforeTaxRatio": 0.0083761749,
    "incomeTaxExpense": 1001000,
    "netIncome": 17353000,
    "netIncomeRatio": 0.0079193507,
    "eps": 0.0407,
    "epsdiluted": 0.0403,
    "weightedAverageShsOut": 426803519,
    "weightedAverageShsOutDil": 431019206,
    "link": "https://www.sec.gov/Archives/edgar/data/1513761/000155837024007014/0001558370-24-007014-index.htm",
    "finalLink": "https://www.sec.gov/Archives/edgar/data/1513761/000155837024007014/nclh-20240331x10q.htm"
  },
  {
    "date": "2023-12-31",
    "symbol": "NCLH",
    "reportedCurrency": "USD",
    "cik": "0001513761",
    "fillingDate": "2024-02-28",
    "acceptedDate": "2024-02-28 11:45:34",
    "calendarYear": "2023",
    "period": "Q4",
    "revenue": 1986456000,
    "costOfRevenue": 1321813000,
    "grossProfit": 664643000,
    "grossProfitRatio": 0.3345873254,
    "researchAndDevelopmentExpenses": 0,
    "generalAndAdministrativeExpenses": 0,
    "sellingAndMarketingExpenses": 0,
    "sellingGeneralAndAdministrativeExpenses": 328258000,
    "otherExpenses": 212055000,
    "operatingExpenses": 540313000,
    "costAndExpenses": 1862126000,
    "interestIncome": 0,
    "interestExpense": 197381000,
    "depreciationAndAmortization": 233278000,
    "ebitda": 322342000,
    "ebitdaratio": 0.1622698917,
    "operatingIncome": 124330000,
    "operatingIncomeRatio": 0.0625888517,
    "totalOtherIncomeExpensesNet": -232647000,
    "incomeBeforeTax": -108317000,
    "incomeBeforeTaxRatio": -0.054527762,
    "incomeTaxExpense": -1832000,
    "netIncome": -106485000,
    "netIncomeRatio": -0.0536055166,
    "eps": -0.25,
    "epsdiluted": -0.25,
    "weightedAverageShsOut": 425426293,
    "weightedAverageShsOutDil": 425426293,
    "link": "https://www.sec.gov/Archives/edgar/data/1513761/000155837024001935/0001558370-24-001935-index.htm",
    "finalLink": "https://www.sec.gov/Archives/edgar/data/1513761/000155837024001935/nclh-20231231x10k.htm"
  },
  {
    "date": "2023-09-30",
    "symbol": "NCLH",
    "reportedCurrency": "USD",
    "cik": "0001513761",
    "fillingDate": "2023-11-08",
    "acceptedDate": "2023-11-08 11:02:31",
    "calendarYear": "2023",
    "period": "Q3",
    "revenue": 2536037000,
    "costOfRevenue": 1482746000,
    "grossProfit": 1053291000,
    "grossProfitRatio": 0.4153295082,
    "researchAndDevelopmentExpenses": 0,
    "generalAndAdministrativeExpenses": 0,
    "sellingAndMarketingExpenses": 0,
    "sellingGeneralAndAdministrativeExpenses": 325365000,
    "otherExpenses": 204608000,
    "operatingExpenses": 529973000,
    "costAndExpenses": 2012719000,
    "interestIncome": 0,
    "interestExpense": 181201000,
    "depreciationAndAmortization": 224670000,
    "ebitda": 760048000,
    "ebitdaratio": 0.2996990975,
    "operatingIncome": 523318000,
    "operatingIncomeRatio": 0.2063526676,
    "totalOtherIncomeExpensesNet": -169141000,
    "incomeBeforeTax": 354177000,
    "incomeBeforeTaxRatio": 0.1396576627,
    "incomeTaxExpense": 8309000,
    "netIncome": 345868000,
    "netIncomeRatio": 0.136381291,
    "eps": 0.81,
    "epsdiluted": 0.68,
    "weightedAverageShsOut": 425398415,
    "weightedAverageShsOutDil": 511585445,
    "link": "https://www.sec.gov/Archives/edgar/data/1513761/000155837023018153/0001558370-23-018153-index.htm",
    "finalLink": "https://www.sec.gov/Archives/edgar/data/1513761/000155837023018153/nclh-20230930x10q.htm"
  },
  {
    "date": "2023-06-30",
    "symbol": "NCLH",
    "reportedCurrency": "USD",
    "cik": "0001513761",
    "fillingDate": "2023-08-08",
    "acceptedDate": "2023-08-08 12:16:58",
    "calendarYear": "2023",
    "period": "Q2",
    "revenue": 2205492000,
    "costOfRevenue": 1383610000,
    "grossProfit": 821882000,
    "grossProfitRatio": 0.3726524512,
    "researchAndDevelopmentExpenses": 0,
    "generalAndAdministrativeExpenses": 0,
    "sellingAndMarketingExpenses": 0,
    "sellingGeneralAndAdministrativeExpenses": 352222000,
    "otherExpenses": 197115000,
    "operatingExpenses": 549337000,
    "costAndExpenses": 1932947000,
    "interestIncome": 0,
    "interestExpense": 177692000,
    "depreciationAndAmortization": 214612000,
    "ebitda": 479114000,
    "ebitdaratio": 0.2172367889,
    "operatingIncome": 272545000,
    "operatingIncomeRatio": 0.1235756013,
    "totalOtherIncomeExpensesNet": -185735000,
    "incomeBeforeTax": 86810000,
    "incomeBeforeTaxRatio": 0.039360832,
    "incomeTaxExpense": 694000,
    "netIncome": 86116000,
    "netIncomeRatio": 0.0390461629,
    "eps": 0.2,
    "epsdiluted": 0.19,
    "weightedAverageShsOut": 424178775,
    "weightedAverageShsOutDil": 461075240,
    "link": "https://www.sec.gov/Archives/edgar/data/1513761/000155837023013825/0001558370-23-013825-index.htm",
    "finalLink": "https://www.sec.gov/Archives/edgar/data/1513761/000155837023013825/nclh-20230630x10q.htm"
  },
  {
    "date": "2023-03-31",
    "symbol": "NCLH",
    "reportedCurrency": "USD",
    "cik": "0001513761",
    "fillingDate": "2023-05-05",
    "acceptedDate": "2023-05-05 11:53:26",
    "calendarYear": "2023",
    "period": "Q1",
    "revenue": 1821939000,
    "costOfRevenue": 1280418000,
    "grossProfit": 541521000,
    "grossProfitRatio": 0.2972223549,
    "researchAndDevelopmentExpenses": 0,
    "generalAndAdministrativeExpenses": 0,
    "sellingAndMarketingExpenses": 0,
    "sellingGeneralAndAdministrativeExpenses": 336013000,
    "otherExpenses": 194790000,
    "operatingExpenses": 530803000,
    "costAndExpenses": 1811221000,
    "interestIncome": 0,
    "interestExpense": 171257000,
    "depreciationAndAmortization": 210676000,
    "ebitda": 212439000,
    "ebitdaratio": 0.1166005009,
    "operatingIncome": 10718000,
    "operatingIncomeRatio": 0.0058827436,
    "totalOtherIncomeExpensesNet": -180212000,
    "incomeBeforeTax": -169494000,
    "incomeBeforeTaxRatio": -0.0930294593,
    "incomeTaxExpense": -10173000,
    "netIncome": -159321000,
    "netIncomeRatio": -0.0874458475,
    "eps": -0.38,
    "epsdiluted": -0.38,
    "weightedAverageShsOut": 422655215,
    "weightedAverageShsOutDil": 422655215,
    "link": "https://www.sec.gov/Archives/edgar/data/1513761/000155837023008225/0001558370-23-008225-index.htm",
    "finalLink": "https://www.sec.gov/Archives/edgar/data/1513761/000155837023008225/nclh-20230331x10q.htm"
  },
  {
    "date": "2022-12-31",
    "symbol": "NCLH",
    "reportedCurrency": "USD",
    "cik": "0001513761",
    "fillingDate": "2023-02-28",
    "acceptedDate": "2023-02-28 16:20:52",
    "calendarYear": "2022",
    "period": "Q4",
    "revenue": 1519129000,
    "costOfRevenue": 1219459000,
    "grossProfit": 299670000,
    "grossProfitRatio": 0.1972643535,
    "researchAndDevelopmentExpenses": 0,
    "generalAndAdministrativeExpenses": 0,
    "sellingAndMarketingExpenses": 0,
    "sellingGeneralAndAdministrativeExpenses": 378527000,
    "otherExpenses": 202112000,
    "operatingExpenses": 580639000,
    "costAndExpenses": 1800098000,
    "interestIncome": 0,
    "interestExpense": 177120000,
    "depreciationAndAmortization": 216630000,
    "ebitda": -88345000,
    "ebitdaratio": -0.0581550349,
    "operatingIncome": -280969000,
    "operatingIncomeRatio": -0.1849540098,
    "totalOtherIncomeExpensesNet": -201126000,
    "incomeBeforeTax": -482095000,
    "incomeBeforeTaxRatio": -0.3173496128,
    "incomeTaxExpense": 385000,
    "netIncome": -482480000,
    "netIncomeRatio": -0.3176030475,
    "eps": -1.14,
    "epsdiluted": -1.14,
    "weightedAverageShsOut": 421400765,
    "weightedAverageShsOutDil": 421400765,
    "link": "https://www.sec.gov/Archives/edgar/data/1513761/000155837023002361/0001558370-23-002361-index.htm",
    "finalLink": "https://www.sec.gov/Archives/edgar/data/1513761/000155837023002361/nclh-20221231x10k.htm"
  },
  {
    "date": "2022-09-30",
    "symbol": "NCLH",
    "reportedCurrency": "USD",
    "cik": "0001513761",
    "fillingDate": "2022-11-08",
    "acceptedDate": "2022-11-08 15:20:15",
    "calendarYear": "2022",
    "period": "Q3",
    "revenue": 1615510000,
    "costOfRevenue": 1238898000,
    "grossProfit": 376612000,
    "grossProfitRatio": 0.2331226671,
    "researchAndDevelopmentExpenses": 0,
    "generalAndAdministrativeExpenses": 0,
    "sellingAndMarketingExpenses": 0,
    "sellingGeneralAndAdministrativeExpenses": 375291000,
    "otherExpenses": 186551000,
    "operatingExpenses": 561842000,
    "costAndExpenses": 1800740000,
    "interestIncome": 0,
    "interestExpense": 152330000,
    "depreciationAndAmortization": 202103000,
    "ebitda": 48334000,
    "ebitdaratio": 0.0299187254,
    "operatingIncome": -185230000,
    "operatingIncomeRatio": -0.1146572909,
    "totalOtherIncomeExpensesNet": -120869000,
    "incomeBeforeTax": -306099000,
    "incomeBeforeTaxRatio": -0.1894751503,
    "incomeTaxExpense": -10705000,
    "netIncome": -295394000,
    "netIncomeRatio": -0.1828487598,
    "eps": -0.7,
    "epsdiluted": -0.7,
    "weightedAverageShsOut": 420798538,
    "weightedAverageShsOutDil": 420798538,
    "link": "https://www.sec.gov/Archives/edgar/data/1513761/000155837022016836/0001558370-22-016836-index.htm",
    "finalLink": "https://www.sec.gov/Archives/edgar/data/1513761/000155837022016836/nclh-20220930x10q.htm"
  },
  {
    "date": "2022-06-30",
    "symbol": "NCLH",
    "reportedCurrency": "USD",
    "cik": "0001513761",
    "fillingDate": "2022-08-09",
    "acceptedDate": "2022-08-09 15:04:22",
    "calendarYear": "2022",
    "period": "Q2",
    "revenue": 1187181000,
    "costOfRevenue": 1073316000,
    "grossProfit": 113865000,
    "grossProfitRatio": 0.0959120808,
    "researchAndDevelopmentExpenses": 0,
    "generalAndAdministrativeExpenses": 0,
    "sellingAndMarketingExpenses": 0,
    "sellingGeneralAndAdministrativeExpenses": 329080000,
    "otherExpenses": 181587000,
    "operatingExpenses": 510667000,
    "costAndExpenses": 1583983000,
    "interestIncome": 0,
    "interestExpense": 144377000,
    "depreciationAndAmortization": 195856000,
    "ebitda": -169955000,
    "ebitdaratio": -0.1431584569,
    "operatingIncome": -396802000,
    "operatingIncomeRatio": -0.3342388397,
    "totalOtherIncomeExpensesNet": -113386000,
    "incomeBeforeTax": -510188000,
    "incomeBeforeTaxRatio": -0.4297474437,
    "incomeTaxExpense": -867000,
    "netIncome": -509321000,
    "netIncomeRatio": -0.4290171423,
    "eps": -1.22,
    "epsdiluted": -1.22,
    "weightedAverageShsOut": 417476229,
    "weightedAverageShsOutDil": 419107330,
    "link": "https://www.sec.gov/Archives/edgar/data/1513761/000155837022012832/0001558370-22-012832-index.htm",
    "finalLink": "https://www.sec.gov/Archives/edgar/data/1513761/000155837022012832/nclh-20220630x10q.htm"
  },
  {
    "date": "2022-03-31",
    "symbol": "NCLH",
    "reportedCurrency": "USD",
    "cik": "0001513761",
    "fillingDate": "2022-05-10",
    "acceptedDate": "2022-05-10 14:50:15",
    "calendarYear": "2022",
    "period": "Q1",
    "revenue": 521940000,
    "costOfRevenue": 735413000,
    "grossProfit": -213473000,
    "grossProfitRatio": -0.4089991187,
    "researchAndDevelopmentExpenses": 0,
    "generalAndAdministrativeExpenses": 0,
    "sellingAndMarketingExpenses": 0,
    "sellingGeneralAndAdministrativeExpenses": 296207000,
    "otherExpenses": 179076000,
    "operatingExpenses": 475283000,
    "costAndExpenses": 1210696000,
    "interestIncome": 0,
    "interestExpense": 327685000,
    "depreciationAndAmortization": 195464000,
    "ebitda": -455172000,
    "ebitdaratio": -0.8720772503,
    "operatingIncome": -688756000,
    "operatingIncomeRatio": -1.3196076177,
    "totalOtherIncomeExpensesNet": -289565000,
    "incomeBeforeTax": -978321000,
    "incomeBeforeTaxRatio": -1.8743936085,
    "incomeTaxExpense": 4393000,
    "netIncome": -982714000,
    "netIncomeRatio": -1.8828102847,
    "eps": -2.35,
    "epsdiluted": -2.35,
    "weightedAverageShsOut": 417734591,
    "weightedAverageShsOutDil": 417734591,
    "link": "https://www.sec.gov/Archives/edgar/data/1513761/000155837022008057/0001558370-22-008057-index.htm",
    "finalLink": "https://www.sec.gov/Archives/edgar/data/1513761/000155837022008057/nclh-20220331x10q.htm"
  },
  {
    "date": "2021-12-31",
    "symbol": "NCLH",
    "reportedCurrency": "USD",
    "cik": "0001513761",
    "fillingDate": "2022-03-01",
    "acceptedDate": "2022-03-01 13:18:53",
    "calendarYear": "2021",
    "period": "Q4",
    "revenue": 487437000,
    "costOfRevenue": 717699000,
    "grossProfit": -230262000,
    "grossProfitRatio": -0.4723933554,
    "researchAndDevelopmentExpenses": 0,
    "generalAndAdministrativeExpenses": 0,
    "sellingAndMarketingExpenses": 0,
    "sellingGeneralAndAdministrativeExpenses": 273632000,
    "otherExpenses": 182978000,
    "operatingExpenses": 456610000,
    "costAndExpenses": 1174309000,
    "interestIncome": 0,
    "interestExpense": 950020000,
    "depreciationAndAmortization": 197632000,
    "ebitda": -422751000,
    "ebitdaratio": -0.8672936195,
    "operatingIncome": -686872000,
    "operatingIncomeRatio": -1.4091503107,
    "totalOtherIncomeExpensesNet": -883531000,
    "incomeBeforeTax": -1570403000,
    "incomeBeforeTaxRatio": -3.2217558372,
    "incomeTaxExpense": 2318000,
    "netIncome": -1572721000,
    "netIncomeRatio": -3.2265113235,
    "eps": -4.01,
    "epsdiluted": -4.01,
    "weightedAverageShsOut": 391737562,
    "weightedAverageShsOutDil": 391737578,
    "link": "https://www.sec.gov/Archives/edgar/data/1513761/000155837022002516/0001558370-22-002516-index.htm",
    "finalLink": "https://www.sec.gov/Archives/edgar/data/1513761/000155837022002516/nclh-20211231x10k.htm"
  },
  {
    "date": "2021-09-30",
    "symbol": "NCLH",
    "reportedCurrency": "USD",
    "cik": "0001513761",
    "fillingDate": "2021-11-09",
    "acceptedDate": "2021-11-09 15:02:36",
    "calendarYear": "2021",
    "period": "Q3",
    "revenue": 153081000,
    "costOfRevenue": 439756000,
    "grossProfit": -286675000,
    "grossProfitRatio": -1.8727013803,
    "researchAndDevelopmentExpenses": 0,
    "generalAndAdministrativeExpenses": 0,
    "sellingAndMarketingExpenses": 0,
    "sellingGeneralAndAdministrativeExpenses": 229142000,
    "otherExpenses": 173289000,
    "operatingExpenses": 402431000,
    "costAndExpenses": 842187000,
    "interestIncome": 0,
    "interestExpense": 161205000,
    "depreciationAndAmortization": 188527000,
    "ebitda": -495859000,
    "ebitdaratio": -3.2391936295,
    "operatingIncome": -689106000,
    "operatingIncomeRatio": -4.5015775962,
    "totalOtherIncomeExpensesNet": -156485000,
    "incomeBeforeTax": -845591000,
    "incomeBeforeTaxRatio": -5.5238141899,
    "incomeTaxExpense": 294000,
    "netIncome": -845885000,
    "netIncomeRatio": -5.5257347417,
    "eps": -2.29,
    "epsdiluted": -2.29,
    "weightedAverageShsOut": 369382096,
    "weightedAverageShsOutDil": 370016479,
    "link": "https://www.sec.gov/Archives/edgar/data/1513761/000155837021015236/0001558370-21-015236-index.htm",
    "finalLink": "https://www.sec.gov/Archives/edgar/data/1513761/000155837021015236/nclh-20210930x10q.htm"
  },
  {
    "date": "2021-06-30",
    "symbol": "NCLH",
    "reportedCurrency": "USD",
    "cik": "0001513761",
    "fillingDate": "2021-08-09",
    "acceptedDate": "2021-08-09 15:32:30",
    "calendarYear": "2021",
    "period": "Q2",
    "revenue": 4368000,
    "costOfRevenue": 249727000,
    "grossProfit": -245359000,
    "grossProfitRatio": -56.1719322344,
    "researchAndDevelopmentExpenses": 0,
    "generalAndAdministrativeExpenses": 0,
    "sellingAndMarketingExpenses": 0,
    "sellingGeneralAndAdministrativeExpenses": 185483000,
    "otherExpenses": 174262000,
    "operatingExpenses": 359745000,
    "costAndExpenses": 609472000,
    "interestIncome": 0,
    "interestExpense": 137259000,
    "depreciationAndAmortization": 188637000,
    "ebitda": -390966000,
    "ebitdaratio": -89.5068681319,
    "operatingIncome": -605104000,
    "operatingIncomeRatio": -138.5311355311,
    "totalOtherIncomeExpensesNet": -111758000,
    "incomeBeforeTax": -716862000,
    "incomeBeforeTaxRatio": -164.1167582418,
    "incomeTaxExpense": 927000,
    "netIncome": -717789000,
    "netIncomeRatio": -164.3289835165,
    "eps": -1.94,
    "epsdiluted": -1.94,
    "weightedAverageShsOut": 369933159,
    "weightedAverageShsOutDil": 369933309,
    "link": "https://www.sec.gov/Archives/edgar/data/1513761/000155837021010944/0001558370-21-010944-index.htm",
    "finalLink": "https://www.sec.gov/Archives/edgar/data/1513761/000155837021010944/nclh-20210630x10q.htm"
  },
  {
    "date": "2021-03-31",
    "symbol": "NCLH",
    "reportedCurrency": "USD",
    "cik": "0001513761",
    "fillingDate": "2021-05-10",
    "acceptedDate": "2021-05-10 14:08:50",
    "calendarYear": "2021",
    "period": "Q1",
    "revenue": 3100000,
    "costOfRevenue": 200855000,
    "grossProfit": -197755000,
    "grossProfitRatio": -63.7919354839,
    "researchAndDevelopmentExpenses": 0,
    "generalAndAdministrativeExpenses": 0,
    "sellingAndMarketingExpenses": 0,
    "sellingGeneralAndAdministrativeExpenses": 203195000,
    "otherExpenses": 170316000,
    "operatingExpenses": 373511000,
    "costAndExpenses": 574366000,
    "interestIncome": 0,
    "interestExpense": 824441000,
    "depreciationAndAmortization": 183808000,
    "ebitda": -360215000,
    "ebitdaratio": -116.1983870968,
    "operatingIncome": -571266000,
    "operatingIncomeRatio": -184.2793548387,
    "totalOtherIncomeExpensesNet": -797198000,
    "incomeBeforeTax": -1368464000,
    "incomeBeforeTaxRatio": -441.44,
    "incomeTaxExpense": 1728000,
    "netIncome": -1370192000,
    "netIncomeRatio": -441.9974193548,
    "eps": -4.16,
    "epsdiluted": -4.16,
    "weightedAverageShsOut": 329373156,
    "weightedAverageShsOutDil": 329377207,
    "link": "https://www.sec.gov/Archives/edgar/data/1513761/000155837021006631/0001558370-21-006631-index.htm",
    "finalLink": "https://www.sec.gov/Archives/edgar/data/1513761/000155837021006631/nclh-20210331x10q.htm"
  },
  {
    "date": "2020-12-31",
    "symbol": "NCLH",
    "reportedCurrency": "USD",
    "cik": "0001513761",
    "fillingDate": "2021-02-26",
    "acceptedDate": "2021-02-26 15:57:03",
    "calendarYear": "2020",
    "period": "Q4",
    "revenue": 9579000,
    "costOfRevenue": 206992000,
    "grossProfit": -197413000,
    "grossProfitRatio": -20.6089362146,
    "researchAndDevelopmentExpenses": 0,
    "generalAndAdministrativeExpenses": 186564000,
    "sellingAndMarketingExpenses": 0,
    "sellingGeneralAndAdministrativeExpenses": 186564000,
    "otherExpenses": 162903000,
    "operatingExpenses": 349467000,
    "costAndExpenses": 556459000,
    "interestIncome": 27800000,
    "interestExpense": 159205000,
    "depreciationAndAmortization": 174411000,
    "ebitda": -443793000,
    "ebitdaratio": -46.3297839023,
    "operatingIncome": -546880000,
    "operatingIncomeRatio": -57.091554442,
    "totalOtherIncomeExpensesNet": -160529000,
    "incomeBeforeTax": -707409000,
    "incomeBeforeTaxRatio": -73.8499843407,
    "incomeTaxExpense": 31524000,
    "netIncome": -738933000,
    "netIncomeRatio": -77.1409332916,
    "eps": -2.51,
    "epsdiluted": -2.51,
    "weightedAverageShsOut": 293892873,
    "weightedAverageShsOutDil": 293892955,
    "link": "https://www.sec.gov/Archives/edgar/data/1513761/000155837021001998/0001558370-21-001998-index.htm",
    "finalLink": "https://www.sec.gov/Archives/edgar/data/1513761/000155837021001998/nclh-20201231x10k.htm"
  },
  {
    "date": "2020-09-30",
    "symbol": "NCLH",
    "reportedCurrency": "USD",
    "cik": "0001513761",
    "fillingDate": "2020-11-09",
    "acceptedDate": "2020-11-09 16:31:58",
    "calendarYear": "2020",
    "period": "Q3",
    "revenue": 6518000,
    "costOfRevenue": 190157000,
    "grossProfit": -183639000,
    "grossProfitRatio": -28.1741331697,
    "researchAndDevelopmentExpenses": 0,
    "generalAndAdministrativeExpenses": 0,
    "sellingAndMarketingExpenses": 0,
    "sellingGeneralAndAdministrativeExpenses": 156656000,
    "otherExpenses": 177488000,
    "operatingExpenses": 334144000,
    "costAndExpenses": 524301000,
    "interestIncome": 0,
    "interestExpense": 139664000,
    "depreciationAndAmortization": 185833000,
    "ebitda": -355630000,
    "ebitdaratio": -54.5612150967,
    "operatingIncome": -517783000,
    "operatingIncomeRatio": -79.4389383246,
    "totalOtherIncomeExpensesNet": -163344000,
    "incomeBeforeTax": -681127000,
    "incomeBeforeTaxRatio": -104.4993863148,
    "incomeTaxExpense": -3761000,
    "netIncome": -677366000,
    "netIncomeRatio": -103.9223688248,
    "eps": -2.5,
    "epsdiluted": -2.5,
    "weightedAverageShsOut": 270946400,
    "weightedAverageShsOutDil": 271435350,
    "link": "https://www.sec.gov/Archives/edgar/data/1513761/000155837020013385/0001558370-20-013385-index.htm",
    "finalLink": "https://www.sec.gov/Archives/edgar/data/1513761/000155837020013385/nclh-20200930x10q.htm"
  },
  {
    "date": "2020-06-30",
    "symbol": "NCLH",
    "reportedCurrency": "USD",
    "cik": "0001513761",
    "fillingDate": "2020-08-10",
    "acceptedDate": "2020-08-10 14:45:24",
    "calendarYear": "2020",
    "period": "Q2",
    "revenue": 16929000,
    "costOfRevenue": 301652000,
    "grossProfit": -284723000,
    "grossProfitRatio": -16.8186543801,
    "researchAndDevelopmentExpenses": 0,
    "generalAndAdministrativeExpenses": 131436000,
    "sellingAndMarketingExpenses": 0,
    "sellingGeneralAndAdministrativeExpenses": 131436000,
    "otherExpenses": 179252000,
    "operatingExpenses": 310688000,
    "costAndExpenses": 612340000,
    "interestIncome": 0,
    "interestExpense": 114537000,
    "depreciationAndAmortization": 184180000,
    "ebitda": -425649000,
    "ebitdaratio": -25.1431862484,
    "operatingIncome": -595411000,
    "operatingIncomeRatio": -35.1710673991,
    "totalOtherIncomeExpensesNet": -128955000,
    "incomeBeforeTax": -724366000,
    "incomeBeforeTaxRatio": -42.7884694902,
    "incomeTaxExpense": -9123000,
    "netIncome": -715243000,
    "netIncomeRatio": -42.2495717408,
    "eps": -2.99,
    "epsdiluted": -2.99,
    "weightedAverageShsOut": 239211705,
    "weightedAverageShsOutDil": 239342745,
    "link": "https://www.sec.gov/Archives/edgar/data/1513761/000155837020010131/0001558370-20-010131-index.htm",
    "finalLink": "https://www.sec.gov/Archives/edgar/data/1513761/000155837020010131/nclh-20200630x10q.htm"
  },
  {
    "date": "2020-03-31",
    "symbol": "NCLH",
    "reportedCurrency": "USD",
    "cik": "0001513761",
    "fillingDate": "2020-05-15",
    "acceptedDate": "2020-05-15 16:48:01",
    "calendarYear": "2020",
    "period": "Q1",
    "revenue": 1246882000,
    "costOfRevenue": 994260000,
    "grossProfit": 252622000,
    "grossProfitRatio": 0.2026029729,
    "researchAndDevelopmentExpenses": 0,
    "generalAndAdministrativeExpenses": 270689000,
    "sellingAndMarketingExpenses": 0,
    "sellingGeneralAndAdministrativeExpenses": 270689000,
    "otherExpenses": 1805994000,
    "operatingExpenses": 2076683000,
    "costAndExpenses": 3070943000,
    "interestIncome": 0,
    "interestExpense": 68907000,
    "depreciationAndAmortization": 195195000,
    "ebitda": -1620041000,
    "ebitdaratio": -1.2992737083,
    "operatingIncome": -1824061000,
    "operatingIncomeRatio": -1.4628978524,
    "totalOtherIncomeExpensesNet": -63084000,
    "incomeBeforeTax": -1887145000,
    "incomeBeforeTaxRatio": -1.5134912526,
    "incomeTaxExpense": -6173000,
    "netIncome": -1880972000,
    "netIncomeRatio": -1.5085405034,
    "eps": -8.8,
    "epsdiluted": -8.8,
    "weightedAverageShsOut": 213630798,
    "weightedAverageShsOutDil": 213630802,
    "link": "https://www.sec.gov/Archives/edgar/data/1513761/000155837020006750/0001558370-20-006750-index.htm",
    "finalLink": "https://www.sec.gov/Archives/edgar/data/1513761/000155837020006750/nclh-20200515x10q.htm"
  },
  {
    "date": "2019-12-31",
    "symbol": "NCLH",
    "reportedCurrency": "USD",
    "cik": "0001513761",
    "fillingDate": "2020-02-27",
    "acceptedDate": "2020-02-27 17:05:58",
    "calendarYear": "2019",
    "period": "Q4",
    "revenue": 1480618000,
    "costOfRevenue": 887422000,
    "grossProfit": 593196000,
    "grossProfitRatio": 0.4006408135,
    "researchAndDevelopmentExpenses": 0,
    "generalAndAdministrativeExpenses": 0,
    "sellingAndMarketingExpenses": 229859000,
    "sellingGeneralAndAdministrativeExpenses": 229859000,
    "otherExpenses": 163961000,
    "operatingExpenses": 393820000,
    "costAndExpenses": 1281242000,
    "interestIncome": 0,
    "interestExpense": 73207000,
    "depreciationAndAmortization": 164605000,
    "ebitda": 370401000,
    "ebitdaratio": 0.2501664845,
    "operatingIncome": 199376000,
    "operatingIncomeRatio": 0.134657285,
    "totalOtherIncomeExpensesNet": -80485000,
    "incomeBeforeTax": 118891000,
    "incomeBeforeTaxRatio": 0.0802982268,
    "incomeTaxExpense": -2406000,
    "netIncome": 121297000,
    "netIncomeRatio": 0.081923224,
    "eps": 0.57,
    "epsdiluted": 0.56,
    "weightedAverageShsOut": 214772450,
    "weightedAverageShsOutDil": 214862930,
    "link": "https://www.sec.gov/Archives/edgar/data/1513761/000155837020001661/0001558370-20-001661-index.htm",
    "finalLink": "https://www.sec.gov/Archives/edgar/data/1513761/000155837020001661/nclh-20191231x10kc19a9c.htm"
  },
  {
    "date": "2019-09-30",
    "symbol": "NCLH",
    "reportedCurrency": "USD",
    "cik": "0001513761",
    "fillingDate": "2019-11-08",
    "acceptedDate": "2019-11-08 14:59:36",
    "calendarYear": "2019",
    "period": "Q3",
    "revenue": 1913851000,
    "costOfRevenue": 990764000,
    "grossProfit": 923087000,
    "grossProfitRatio": 0.4823191565,
    "researchAndDevelopmentExpenses": 0,
    "generalAndAdministrativeExpenses": 0,
    "sellingAndMarketingExpenses": 255148000,
    "sellingGeneralAndAdministrativeExpenses": 255148000,
    "otherExpenses": 156215000,
    "operatingExpenses": 411363000,
    "costAndExpenses": 1402127000,
    "interestIncome": 0,
    "interestExpense": 60188000,
    "depreciationAndAmortization": 156026000,
    "ebitda": 676981000,
    "ebitdaratio": 0.3537271188,
    "operatingIncome": 511724000,
    "operatingIncomeRatio": 0.2673792265,
    "totalOtherIncomeExpensesNet": -49937000,
    "incomeBeforeTax": 461787000,
    "incomeBeforeTaxRatio": 0.2412868086,
    "incomeTaxExpense": 11203000,
    "netIncome": 450584000,
    "netIncomeRatio": 0.2354331659,
    "eps": 2.1,
    "epsdiluted": 2.09,
    "weightedAverageShsOut": 215499462,
    "weightedAverageShsOutDil": 215590430,
    "link": "https://www.sec.gov/Archives/edgar/data/1513761/000155837019010568/0001558370-19-010568-index.htm",
    "finalLink": "https://www.sec.gov/Archives/edgar/data/1513761/000155837019010568/nclh-20190930x10qf6d484.htm"
  },
  {
    "date": "2019-06-30",
    "symbol": "NCLH",
    "reportedCurrency": "USD",
    "cik": "0001513761",
    "fillingDate": "2019-08-08",
    "acceptedDate": "2019-08-08 16:50:15",
    "calendarYear": "2019",
    "period": "Q2",
    "revenue": 1664277000,
    "costOfRevenue": 958424000,
    "grossProfit": 705853000,
    "grossProfitRatio": 0.4241199031,
    "researchAndDevelopmentExpenses": 0,
    "generalAndAdministrativeExpenses": 0,
    "sellingAndMarketingExpenses": 240901000,
    "sellingGeneralAndAdministrativeExpenses": 240901000,
    "otherExpenses": 156271000,
    "operatingExpenses": 397172000,
    "costAndExpenses": 1355596000,
    "interestIncome": 0,
    "interestExpense": 65969000,
    "depreciationAndAmortization": 156757000,
    "ebitda": 465438000,
    "ebitdaratio": 0.2796637819,
    "operatingIncome": 308681000,
    "operatingIncomeRatio": 0.1854745334,
    "totalOtherIncomeExpensesNet": -62353000,
    "incomeBeforeTax": 246328000,
    "incomeBeforeTaxRatio": 0.1480090153,
    "incomeTaxExpense": 6138000,
    "netIncome": 240190000,
    "netIncomeRatio": 0.1443209273,
    "eps": 1.11,
    "epsdiluted": 1.11,
    "weightedAverageShsOut": 216387582,
    "weightedAverageShsOutDil": 216810766,
    "link": "https://www.sec.gov/Archives/edgar/data/1513761/000155837019007736/0001558370-19-007736-index.htm",
    "finalLink": "https://www.sec.gov/Archives/edgar/data/1513761/000155837019007736/nclh-20190630x10q.htm"
  },
  {
    "date": "2019-03-31",
    "symbol": "NCLH",
    "reportedCurrency": "USD",
    "cik": "0001513761",
    "fillingDate": "2019-05-10",
    "acceptedDate": "2019-05-10 14:39:06",
    "calendarYear": "2019",
    "period": "Q1",
    "revenue": 1403630000,
    "costOfRevenue": 826651000,
    "grossProfit": 576979000,
    "grossProfitRatio": 0.411062032,
    "researchAndDevelopmentExpenses": 0,
    "generalAndAdministrativeExpenses": 0,
    "sellingAndMarketingExpenses": 248942000,
    "sellingGeneralAndAdministrativeExpenses": 248942000,
    "otherExpenses": 169741000,
    "operatingExpenses": 418683000,
    "costAndExpenses": 1245334000,
    "interestIncome": 0,
    "interestExpense": 73503000,
    "depreciationAndAmortization": 169714000,
    "ebitda": 327915000,
    "ebitdaratio": 0.2336192586,
    "operatingIncome": 158296000,
    "operatingIncomeRatio": 0.112776159,
    "totalOtherIncomeExpensesNet": -73937000,
    "incomeBeforeTax": 84359000,
    "incomeBeforeTaxRatio": 0.0601005963,
    "incomeTaxExpense": -33798000,
    "netIncome": 118157000,
    "netIncomeRatio": 0.0841795915,
    "eps": 0.54,
    "epsdiluted": 0.54,
    "weightedAverageShsOut": 218809259,
    "weightedAverageShsOutDil": 218873272,
    "link": "https://www.sec.gov/Archives/edgar/data/1513761/000114420419025197/0001144204-19-025197-index.htm",
    "finalLink": "https://www.sec.gov/Archives/edgar/data/1513761/000114420419025197/tv519991_10q.htm"
  },
  {
    "date": "2018-12-31",
    "symbol": "NCLH",
    "reportedCurrency": "USD",
    "cik": "0001513761",
    "fillingDate": "2019-02-27",
    "acceptedDate": "2019-02-27 15:37:01",
    "calendarYear": "2018",
    "period": "Q4",
    "revenue": 1381193000,
    "costOfRevenue": 817258000,
    "grossProfit": 563935000,
    "grossProfitRatio": 0.4082955822,
    "researchAndDevelopmentExpenses": 0,
    "generalAndAdministrativeExpenses": 0,
    "sellingAndMarketingExpenses": 208943000,
    "sellingGeneralAndAdministrativeExpenses": 208943000,
    "otherExpenses": 145412000,
    "operatingExpenses": 354355000,
    "costAndExpenses": 1171613000,
    "interestIncome": 0,
    "interestExpense": 68178000,
    "depreciationAndAmortization": 146818000,
    "ebitda": 365697000,
    "ebitdaratio": 0.2647689353,
    "operatingIncome": 209580000,
    "operatingIncomeRatio": 0.1517383885,
    "totalOtherIncomeExpensesNet": -58879000,
    "incomeBeforeTax": 150701000,
    "incomeBeforeTaxRatio": 0.109109299,
    "incomeTaxExpense": -3933000,
    "netIncome": 154634000,
    "netIncomeRatio": 0.1119568373,
    "eps": 0.7,
    "epsdiluted": 0.7,
    "weightedAverageShsOut": 221443295,
    "weightedAverageShsOutDil": 223032810,
    "link": "https://www.sec.gov/Archives/edgar/data/1513761/000114420419010508/0001144204-19-010508-index.htm",
    "finalLink": "https://www.sec.gov/Archives/edgar/data/1513761/000114420419010508/tv513897_10k.htm"
  },
  {
    "date": "2018-09-30",
    "symbol": "NCLH",
    "reportedCurrency": "USD",
    "cik": "0001513761",
    "fillingDate": "2018-11-09",
    "acceptedDate": "2018-11-09 15:47:05",
    "calendarYear": "2018",
    "period": "Q3",
    "revenue": 1858356000,
    "costOfRevenue": 928944000,
    "grossProfit": 929412000,
    "grossProfitRatio": 0.5001259177,
    "researchAndDevelopmentExpenses": 0,
    "generalAndAdministrativeExpenses": 0,
    "sellingAndMarketingExpenses": 235436000,
    "sellingGeneralAndAdministrativeExpenses": 235436000,
    "otherExpenses": 143700000,
    "operatingExpenses": 379136000,
    "costAndExpenses": 1308080000,
    "interestIncome": 0,
    "interestExpense": 69540000,
    "depreciationAndAmortization": 145312000,
    "ebitda": 695588000,
    "ebitdaratio": 0.3743028785,
    "operatingIncome": 550276000,
    "operatingIncomeRatio": 0.296109034,
    "totalOtherIncomeExpensesNet": -69442000,
    "incomeBeforeTax": 480834000,
    "incomeBeforeTaxRatio": 0.2587415974,
    "incomeTaxExpense": 10456000,
    "netIncome": 470378000,
    "netIncomeRatio": 0.253115119,
    "eps": 2.12,
    "epsdiluted": 2.11,
    "weightedAverageShsOut": 222752738,
    "weightedAverageShsOutDil": 222928067,
    "link": "https://www.sec.gov/Archives/edgar/data/1513761/000114420418058705/0001144204-18-058705-index.htm",
    "finalLink": "https://www.sec.gov/Archives/edgar/data/1513761/000114420418058705/tv505805_10q.htm"
  },
  {
    "date": "2018-06-30",
    "symbol": "NCLH",
    "reportedCurrency": "USD",
    "cik": "0001513761",
    "fillingDate": "2018-08-09",
    "acceptedDate": "2018-08-09 16:38:03",
    "calendarYear": "2018",
    "period": "Q2",
    "revenue": 1522174000,
    "costOfRevenue": 862783000,
    "grossProfit": 659391000,
    "grossProfitRatio": 0.4331902923,
    "researchAndDevelopmentExpenses": 0,
    "generalAndAdministrativeExpenses": 0,
    "sellingAndMarketingExpenses": 226535000,
    "sellingGeneralAndAdministrativeExpenses": 226535000,
    "otherExpenses": 140704000,
    "operatingExpenses": 367239000,
    "costAndExpenses": 1230022000,
    "interestIncome": 0,
    "interestExpense": 72988000,
    "depreciationAndAmortization": 140296000,
    "ebitda": 444597000,
    "ebitdaratio": 0.2920802747,
    "operatingIncome": 292152000,
    "operatingIncomeRatio": 0.1919307517,
    "totalOtherIncomeExpensesNet": -60066000,
    "incomeBeforeTax": 232086000,
    "incomeBeforeTaxRatio": 0.1524700855,
    "incomeTaxExpense": 5410000,
    "netIncome": 226676000,
    "netIncomeRatio": 0.1489159584,
    "eps": 1.02,
    "epsdiluted": 1.01,
    "weightedAverageShsOut": 224390879,
    "weightedAverageShsOutDil": 224431683,
    "link": "https://www.sec.gov/Archives/edgar/data/1513761/000114420418043330/0001144204-18-043330-index.htm",
    "finalLink": "https://www.sec.gov/Archives/edgar/data/1513761/000114420418043330/tv499867_10q.htm"
  },
  {
    "date": "2018-03-31",
    "symbol": "NCLH",
    "reportedCurrency": "USD",
    "cik": "0001513761",
    "fillingDate": "2018-05-07",
    "acceptedDate": "2018-05-07 17:11:24",
    "calendarYear": "2018",
    "period": "Q1",
    "revenue": 1293403000,
    "costOfRevenue": 768091000,
    "grossProfit": 525312000,
    "grossProfitRatio": 0.4061471946,
    "researchAndDevelopmentExpenses": 0,
    "generalAndAdministrativeExpenses": 0,
    "sellingAndMarketingExpenses": 227015000,
    "sellingGeneralAndAdministrativeExpenses": 227015000,
    "otherExpenses": 131244000,
    "operatingExpenses": 358259000,
    "costAndExpenses": 1126350000,
    "interestIncome": 0,
    "interestExpense": 59698000,
    "depreciationAndAmortization": 134546000,
    "ebitda": 299933000,
    "ebitdaratio": 0.2318944675,
    "operatingIncome": 167053000,
    "operatingIncomeRatio": 0.1291577335,
    "totalOtherIncomeExpensesNet": -61364000,
    "incomeBeforeTax": 105689000,
    "incomeBeforeTaxRatio": 0.0817138974,
    "incomeTaxExpense": 2534000,
    "netIncome": 103155000,
    "netIncomeRatio": 0.0797547246,
    "eps": 0.45,
    "epsdiluted": 0.45,
    "weightedAverageShsOut": 229187628,
    "weightedAverageShsOutDil": 229233333,
    "link": "https://www.sec.gov/Archives/edgar/data/1513761/000114420418025758/0001144204-18-025758-index.htm",
    "finalLink": "https://www.sec.gov/Archives/edgar/data/1513761/000114420418025758/tv492517_10q.htm"
  },
  {
    "date": "2017-12-31",
    "symbol": "NCLH",
    "reportedCurrency": "USD",
    "cik": "0001513761",
    "fillingDate": "2018-02-27",
    "acceptedDate": "2018-02-27 11:54:39",
    "calendarYear": "2017",
    "period": "Q4",
    "revenue": 1249553000,
    "costOfRevenue": 753439000,
    "grossProfit": 496114000,
    "grossProfitRatio": 0.3970331791,
    "researchAndDevelopmentExpenses": 0,
    "generalAndAdministrativeExpenses": 0,
    "sellingAndMarketingExpenses": 185841000,
    "sellingGeneralAndAdministrativeExpenses": 185841000,
    "otherExpenses": 133079000,
    "operatingExpenses": 318920000,
    "costAndExpenses": 1072359000,
    "interestIncome": 0,
    "interestExpense": 84309000,
    "depreciationAndAmortization": 135527000,
    "ebitda": 314869000,
    "ebitdaratio": 0.2519853099,
    "operatingIncome": 177194000,
    "operatingIncomeRatio": 0.1418059098,
    "totalOtherIncomeExpensesNet": -83024000,
    "incomeBeforeTax": 94170000,
    "incomeBeforeTaxRatio": 0.0753629498,
    "incomeTaxExpense": -4627000,
    "netIncome": 98797000,
    "netIncomeRatio": 0.079065874,
    "eps": 0.43,
    "epsdiluted": 0.43,
    "weightedAverageShsOut": 228796328,
    "weightedAverageShsOutDil": 230196680,
    "link": "https://www.sec.gov/Archives/edgar/data/1513761/000114420418011097/0001144204-18-011097-index.htm",
    "finalLink": "https://www.sec.gov/Archives/edgar/data/1513761/000114420418011097/tv486495_10k.htm"
  },
  {
    "date": "2017-09-30",
    "symbol": "NCLH",
    "reportedCurrency": "USD",
    "cik": "0001513761",
    "fillingDate": "2017-11-09",
    "acceptedDate": "2017-11-09 16:01:43",
    "calendarYear": "2017",
    "period": "Q3",
    "revenue": 1651738000,
    "costOfRevenue": 838165000,
    "grossProfit": 813573000,
    "grossProfitRatio": 0.4925557201,
    "researchAndDevelopmentExpenses": 0,
    "generalAndAdministrativeExpenses": 0,
    "sellingAndMarketingExpenses": 202221000,
    "sellingGeneralAndAdministrativeExpenses": 202221000,
    "otherExpenses": 134532000,
    "operatingExpenses": 336753000,
    "costAndExpenses": 1174918000,
    "interestIncome": 0,
    "interestExpense": 66339000,
    "depreciationAndAmortization": 137339000,
    "ebitda": 611224000,
    "ebitdaratio": 0.3700490029,
    "operatingIncome": 476820000,
    "operatingIncomeRatio": 0.2886777443,
    "totalOtherIncomeExpensesNet": -69601000,
    "incomeBeforeTax": 407219000,
    "incomeBeforeTaxRatio": 0.2465397054,
    "incomeTaxExpense": 6527000,
    "netIncome": 400692000,
    "netIncomeRatio": 0.2425881102,
    "eps": 1.76,
    "epsdiluted": 1.74,
    "weightedAverageShsOut": 229816956,
    "weightedAverageShsOutDil": 230282890,
    "link": "https://www.sec.gov/Archives/edgar/data/1513761/000114420417057704/0001144204-17-057704-index.htm",
    "finalLink": "https://www.sec.gov/Archives/edgar/data/1513761/000114420417057704/tv478195_10q.htm"
  },
  {
    "date": "2017-06-30",
    "symbol": "NCLH",
    "reportedCurrency": "USD",
    "cik": "0001513761",
    "fillingDate": "2017-08-09",
    "acceptedDate": "2017-08-09 16:33:16",
    "calendarYear": "2017",
    "period": "Q2",
    "revenue": 1344103000,
    "costOfRevenue": 752242000,
    "grossProfit": 591861000,
    "grossProfitRatio": 0.4403390216,
    "researchAndDevelopmentExpenses": 0,
    "generalAndAdministrativeExpenses": 0,
    "sellingAndMarketingExpenses": 193649000,
    "sellingGeneralAndAdministrativeExpenses": 193649000,
    "otherExpenses": 123141000,
    "operatingExpenses": 316790000,
    "costAndExpenses": 1069032000,
    "interestIncome": 0,
    "interestExpense": 64196000,
    "depreciationAndAmortization": 127025000,
    "ebitda": 396487000,
    "ebitdaratio": 0.2949826018,
    "operatingIncome": 275071000,
    "operatingIncomeRatio": 0.2046502389,
    "totalOtherIncomeExpensesNet": -69805000,
    "incomeBeforeTax": 205266000,
    "incomeBeforeTaxRatio": 0.1527159749,
    "incomeTaxExpense": 6793000,
    "netIncome": 198473000,
    "netIncomeRatio": 0.1476620467,
    "eps": 0.87,
    "epsdiluted": 0.87,
    "weightedAverageShsOut": 228129885,
    "weightedAverageShsOutDil": 229090085,
    "link": "https://www.sec.gov/Archives/edgar/data/1513761/000157104917007327/0001571049-17-007327-index.htm",
    "finalLink": "https://www.sec.gov/Archives/edgar/data/1513761/000157104917007327/t1702271_10q.htm"
  },
  {
    "date": "2017-03-31",
    "symbol": "NCLH",
    "reportedCurrency": "USD",
    "cik": "0001513761",
    "fillingDate": "2017-05-10",
    "acceptedDate": "2017-05-10 15:14:35",
    "calendarYear": "2017",
    "period": "Q1",
    "revenue": 1150781000,
    "costOfRevenue": 719798000,
    "grossProfit": 430983000,
    "grossProfitRatio": 0.3745134826,
    "researchAndDevelopmentExpenses": 0,
    "generalAndAdministrativeExpenses": 0,
    "sellingAndMarketingExpenses": 192044000,
    "sellingGeneralAndAdministrativeExpenses": 192044000,
    "otherExpenses": 119205000,
    "operatingExpenses": 311249000,
    "costAndExpenses": 1031047000,
    "interestIncome": 0,
    "interestExpense": 52960000,
    "depreciationAndAmortization": 121593000,
    "ebitda": 243976000,
    "ebitdaratio": 0.2120090617,
    "operatingIncome": 119734000,
    "operatingIncomeRatio": 0.104045861,
    "totalOtherIncomeExpensesNet": -55775000,
    "incomeBeforeTax": 63959000,
    "incomeBeforeTaxRatio": 0.0555787765,
    "incomeTaxExpense": 2049000,
    "netIncome": 61910000,
    "netIncomeRatio": 0.0537982466,
    "eps": 0.27,
    "epsdiluted": 0.27,
    "weightedAverageShsOut": 228555952,
    "weightedAverageShsOutDil": 229297145,
    "link": "https://www.sec.gov/Archives/edgar/data/1513761/000157104917004802/0001571049-17-004802-index.htm",
    "finalLink": "https://www.sec.gov/Archives/edgar/data/1513761/000157104917004802/t1701379_10q.htm"
  },
  {
    "date": "2016-12-31",
    "symbol": "NCLH",
    "reportedCurrency": "USD",
    "cik": "0001513761",
    "fillingDate": "2017-02-27",
    "acceptedDate": "2017-02-27 16:05:32",
    "calendarYear": "2016",
    "period": "Q4",
    "revenue": 1125137000,
    "costOfRevenue": 695110000,
    "grossProfit": 430027000,
    "grossProfitRatio": 0.3821996788,
    "researchAndDevelopmentExpenses": 0,
    "generalAndAdministrativeExpenses": 0,
    "sellingAndMarketingExpenses": 161462000,
    "sellingGeneralAndAdministrativeExpenses": 161462000,
    "otherExpenses": 115015000,
    "operatingExpenses": 276477000,
    "costAndExpenses": 971587000,
    "interestIncome": 0,
    "interestExpense": 88023000,
    "depreciationAndAmortization": 118269000,
    "ebitda": 277743000,
    "ebitdaratio": 0.2468526055,
    "operatingIncome": 153550000,
    "operatingIncomeRatio": 0.1364722696,
    "totalOtherIncomeExpensesNet": -83044000,
    "incomeBeforeTax": 70506000,
    "incomeBeforeTaxRatio": 0.0626643689,
    "incomeTaxExpense": -1726000,
    "netIncome": 72232000,
    "netIncomeRatio": 0.0641984043,
    "eps": 0.32,
    "epsdiluted": 0.32,
    "weightedAverageShsOut": 227179659,
    "weightedAverageShsOutDil": 227821878,
    "link": "https://www.sec.gov/Archives/edgar/data/1513761/000157104917001650/0001571049-17-001650-index.htm",
    "finalLink": "https://www.sec.gov/Archives/edgar/data/1513761/000157104917001650/t1700165_10k.htm"
  },
  {
    "date": "2016-09-30",
    "symbol": "NCLH",
    "reportedCurrency": "USD",
    "cik": "0001513761",
    "fillingDate": "2016-11-09",
    "acceptedDate": "2016-11-09 16:13:24",
    "calendarYear": "2016",
    "period": "Q3",
    "revenue": 1484736000,
    "costOfRevenue": 784734000,
    "grossProfit": 700002000,
    "grossProfitRatio": 0.4714656343,
    "researchAndDevelopmentExpenses": 0,
    "generalAndAdministrativeExpenses": 0,
    "sellingAndMarketingExpenses": 174813000,
    "sellingGeneralAndAdministrativeExpenses": 174813000,
    "otherExpenses": 111575000,
    "operatingExpenses": 286388000,
    "costAndExpenses": 1071122000,
    "interestIncome": 0,
    "interestExpense": 60662000,
    "depreciationAndAmortization": 115098000,
    "ebitda": 523379000,
    "ebitdaratio": 0.3525064389,
    "operatingIncome": 413614000,
    "operatingIncomeRatio": 0.278577471,
    "totalOtherIncomeExpensesNet": -65995000,
    "incomeBeforeTax": 347619000,
    "incomeBeforeTaxRatio": 0.2341284915,
    "incomeTaxExpense": 5241000,
    "netIncome": 342378000,
    "netIncomeRatio": 0.2305985711,
    "eps": 1.51,
    "epsdiluted": 1.5,
    "weightedAverageShsOut": 227598607,
    "weightedAverageShsOutDil": 228252000,
    "link": "https://www.sec.gov/Archives/edgar/data/1513761/000157104916019690/0001571049-16-019690-index.htm",
    "finalLink": "https://www.sec.gov/Archives/edgar/data/1513761/000157104916019690/t1602589_10q.htm"
  },
  {
    "date": "2016-06-30",
    "symbol": "NCLH",
    "reportedCurrency": "USD",
    "cik": "0001513761",
    "fillingDate": "2016-08-09",
    "acceptedDate": "2016-08-09 16:05:04",
    "calendarYear": "2016",
    "period": "Q2",
    "revenue": 1186835000,
    "costOfRevenue": 705900000,
    "grossProfit": 480935000,
    "grossProfitRatio": 0.4052248206,
    "researchAndDevelopmentExpenses": 0,
    "generalAndAdministrativeExpenses": 0,
    "sellingAndMarketingExpenses": 149307000,
    "sellingGeneralAndAdministrativeExpenses": 149307000,
    "otherExpenses": 104610000,
    "operatingExpenses": 253917000,
    "costAndExpenses": 959817000,
    "interestIncome": 0,
    "interestExpense": 68420000,
    "depreciationAndAmortization": 107582000,
    "ebitda": 336742000,
    "ebitdaratio": 0.2837310999,
    "operatingIncome": 227018000,
    "operatingIncomeRatio": 0.1912801695,
    "totalOtherIncomeExpensesNet": -79173000,
    "incomeBeforeTax": 147845000,
    "incomeBeforeTaxRatio": 0.1245708123,
    "incomeTaxExpense": 2599000,
    "netIncome": 145246000,
    "netIncomeRatio": 0.1223809544,
    "eps": 0.64,
    "epsdiluted": 0.64,
    "weightedAverageShsOut": 226972409,
    "weightedAverageShsOutDil": 227884704,
    "link": "https://www.sec.gov/Archives/edgar/data/1513761/000157104916017267/0001571049-16-017267-index.htm",
    "finalLink": "https://www.sec.gov/Archives/edgar/data/1513761/000157104916017267/t1601915_10q.htm"
  },
  {
    "date": "2016-03-31",
    "symbol": "NCLH",
    "reportedCurrency": "USD",
    "cik": "0001513761",
    "fillingDate": "2016-05-10",
    "acceptedDate": "2016-05-10 16:08:21",
    "calendarYear": "2016",
    "period": "Q1",
    "revenue": 1077632000,
    "costOfRevenue": 664481000,
    "grossProfit": 413151000,
    "grossProfitRatio": 0.3833878356,
    "researchAndDevelopmentExpenses": 0,
    "generalAndAdministrativeExpenses": 0,
    "sellingAndMarketingExpenses": 180574000,
    "sellingGeneralAndAdministrativeExpenses": 180574000,
    "otherExpenses": 101295000,
    "operatingExpenses": 281869000,
    "costAndExpenses": 946350000,
    "interestIncome": 0,
    "interestExpense": 59754000,
    "depreciationAndAmortization": 104686000,
    "ebitda": 239739000,
    "ebitdaratio": 0.222468338,
    "operatingIncome": 131282000,
    "operatingIncomeRatio": 0.1218245189,
    "totalOtherIncomeExpensesNet": -56949000,
    "incomeBeforeTax": 74333000,
    "incomeBeforeTaxRatio": 0.0689780927,
    "incomeTaxExpense": 1104000,
    "netIncome": 73229000,
    "netIncomeRatio": 0.0679536242,
    "eps": 0.32,
    "epsdiluted": 0.32,
    "weightedAverageShsOut": 228112035,
    "weightedAverageShsOutDil": 228841340,
    "link": "https://www.sec.gov/Archives/edgar/data/1513761/000157104916015066/0001571049-16-015066-index.htm",
    "finalLink": "https://www.sec.gov/Archives/edgar/data/1513761/000157104916015066/t1601208_10q.htm"
  },
  {
    "date": "2015-12-31",
    "symbol": "NCLH",
    "reportedCurrency": "USD",
    "cik": "0001513761",
    "fillingDate": "2016-02-29",
    "acceptedDate": "2016-02-29 17:08:07",
    "calendarYear": "2015",
    "period": "Q4",
    "revenue": 1036523000,
    "costOfRevenue": 657748000,
    "grossProfit": 378775000,
    "grossProfitRatio": 0.3654284565,
    "researchAndDevelopmentExpenses": 0,
    "generalAndAdministrativeExpenses": 0,
    "sellingAndMarketingExpenses": 143120000,
    "sellingGeneralAndAdministrativeExpenses": 143120000,
    "otherExpenses": 117733000,
    "operatingExpenses": 260853000,
    "costAndExpenses": 918601000,
    "interestIncome": 0,
    "interestExpense": 68690000,
    "depreciationAndAmortization": 122474000,
    "ebitda": 229317000,
    "ebitdaratio": 0.2212367695,
    "operatingIncome": 117922000,
    "operatingIncomeRatio": 0.1137668918,
    "totalOtherIncomeExpensesNet": -79769000,
    "incomeBeforeTax": 38153000,
    "incomeBeforeTaxRatio": 0.0368086381,
    "incomeTaxExpense": -159000,
    "netIncome": 38312000,
    "netIncomeRatio": 0.0369620356,
    "eps": 0.17,
    "epsdiluted": 0.17,
    "weightedAverageShsOut": 228923797,
    "weightedAverageShsOutDil": 230153510,
    "link": "https://www.sec.gov/Archives/edgar/data/1513761/000157104916012414/0001571049-16-012414-index.htm",
    "finalLink": "https://www.sec.gov/Archives/edgar/data/1513761/000157104916012414/t1600485_10k.htm"
  },
  {
    "date": "2015-09-30",
    "symbol": "NCLH",
    "reportedCurrency": "USD",
    "cik": "0001513761",
    "fillingDate": "2015-11-04",
    "acceptedDate": "2015-11-04 17:03:15",
    "calendarYear": "2015",
    "period": "Q3",
    "revenue": 1284910000,
    "costOfRevenue": 717722000,
    "grossProfit": 567188000,
    "grossProfitRatio": 0.4414223564,
    "researchAndDevelopmentExpenses": 0,
    "generalAndAdministrativeExpenses": 0,
    "sellingAndMarketingExpenses": 150558000,
    "sellingGeneralAndAdministrativeExpenses": 150558000,
    "otherExpenses": 109798000,
    "operatingExpenses": 260356000,
    "costAndExpenses": 978078000,
    "interestIncome": 0,
    "interestExpense": 49784000,
    "depreciationAndAmortization": 113144000,
    "ebitda": 434291000,
    "ebitdaratio": 0.3379933225,
    "operatingIncome": 306832000,
    "operatingIncomeRatio": 0.2387964916,
    "totalOtherIncomeExpensesNet": -51517000,
    "incomeBeforeTax": 255315000,
    "incomeBeforeTaxRatio": 0.1987026329,
    "incomeTaxExpense": 3528000,
    "netIncome": 251787000,
    "netIncomeRatio": 0.1959569153,
    "eps": 1.11,
    "epsdiluted": 1.09,
    "weightedAverageShsOut": 230274756,
    "weightedAverageShsOutDil": 230997459,
    "link": "https://www.sec.gov/Archives/edgar/data/1513761/000157104915008804/0001571049-15-008804-index.htm",
    "finalLink": "https://www.sec.gov/Archives/edgar/data/1513761/000157104915008804/t1502450_10q.htm"
  },
  {
    "date": "2015-06-30",
    "symbol": "NCLH",
    "reportedCurrency": "USD",
    "cik": "0001513761",
    "fillingDate": "2015-08-07",
    "acceptedDate": "2015-08-07 14:53:10",
    "calendarYear": "2015",
    "period": "Q2",
    "revenue": 1085433000,
    "costOfRevenue": 656279000,
    "grossProfit": 429154000,
    "grossProfitRatio": 0.3953758546,
    "researchAndDevelopmentExpenses": 0,
    "generalAndAdministrativeExpenses": 0,
    "sellingAndMarketingExpenses": 107164000,
    "sellingGeneralAndAdministrativeExpenses": 107164000,
    "otherExpenses": 104607000,
    "operatingExpenses": 211771000,
    "costAndExpenses": 868050000,
    "interestIncome": 0,
    "interestExpense": 52446000,
    "depreciationAndAmortization": 110184000,
    "ebitda": 307447000,
    "ebitdaratio": 0.2832482521,
    "operatingIncome": 217383000,
    "operatingIncomeRatio": 0.2002730707,
    "totalOtherIncomeExpensesNet": -56163000,
    "incomeBeforeTax": 161220000,
    "incomeBeforeTaxRatio": 0.1485305864,
    "incomeTaxExpense": 2726000,
    "netIncome": 158494000,
    "netIncomeRatio": 0.1460191463,
    "eps": 0.7,
    "epsdiluted": 0.69,
    "weightedAverageShsOut": 229701782,
    "weightedAverageShsOutDil": 230228144,
    "link": "https://www.sec.gov/Archives/edgar/data/1513761/000157104915006416/0001571049-15-006416-index.htm",
    "finalLink": "https://www.sec.gov/Archives/edgar/data/1513761/000157104915006416/t1501698_10q.htm"
  },
  {
    "date": "2015-03-31",
    "symbol": "NCLH",
    "reportedCurrency": "USD",
    "cik": "0001513761",
    "fillingDate": "2015-05-08",
    "acceptedDate": "2015-05-08 11:05:01",
    "calendarYear": "2015",
    "period": "Q1",
    "revenue": 938182000,
    "costOfRevenue": 623700000,
    "grossProfit": 314482000,
    "grossProfitRatio": 0.3352036172,
    "researchAndDevelopmentExpenses": 0,
    "generalAndAdministrativeExpenses": 0,
    "sellingAndMarketingExpenses": 154157000,
    "sellingGeneralAndAdministrativeExpenses": 154157000,
    "otherExpenses": 99976000,
    "operatingExpenses": 254133000,
    "costAndExpenses": 877833000,
    "interestIncome": 0,
    "interestExpense": 50989000,
    "depreciationAndAmortization": 104533000,
    "ebitda": 166569000,
    "ebitdaratio": 0.1775444423,
    "operatingIncome": 60349000,
    "operatingIncomeRatio": 0.064325472,
    "totalOtherIncomeExpensesNet": -81128000,
    "incomeBeforeTax": -20779000,
    "incomeBeforeTaxRatio": -0.0221481546,
    "incomeTaxExpense": 677000,
    "netIncome": -21456000,
    "netIncomeRatio": -0.022869763,
    "eps": -0.1,
    "epsdiluted": -0.0957,
    "weightedAverageShsOut": 214560000,
    "weightedAverageShsOutDil": 224301117,
    "link": "https://www.sec.gov/Archives/edgar/data/1513761/000157104915003821/0001571049-15-003821-index.htm",
    "finalLink": "https://www.sec.gov/Archives/edgar/data/1513761/000157104915003821/t1500927_10q.htm"
  },
  {
    "date": "2014-12-31",
    "symbol": "NCLH",
    "reportedCurrency": "USD",
    "cik": "0001513761",
    "fillingDate": "2015-02-27",
    "acceptedDate": "2015-02-27 17:21:08",
    "calendarYear": "2014",
    "period": "Q4",
    "revenue": 788909000,
    "costOfRevenue": 518620000,
    "grossProfit": 270289000,
    "grossProfitRatio": 0.342611125,
    "researchAndDevelopmentExpenses": 0,
    "generalAndAdministrativeExpenses": 0,
    "sellingAndMarketingExpenses": 139585000,
    "sellingGeneralAndAdministrativeExpenses": 139585000,
    "otherExpenses": 84262000,
    "operatingExpenses": 223847000,
    "costAndExpenses": 742467000,
    "interestIncome": 0,
    "interestExpense": 56438000,
    "depreciationAndAmortization": 91571000,
    "ebitda": 178315000,
    "ebitdaratio": 0.2260273365,
    "operatingIncome": 46442000,
    "operatingIncomeRatio": 0.0588686401,
    "totalOtherIncomeExpensesNet": -70596000,
    "incomeBeforeTax": -24154000,
    "incomeBeforeTaxRatio": -0.030616966,
    "incomeTaxExpense": 1494000,
    "netIncome": -25609000,
    "netIncomeRatio": -0.0324612851,
    "eps": -0.12,
    "epsdiluted": -0.12,
    "weightedAverageShsOut": 212698622,
    "weightedAverageShsOutDil": 212699335,
    "link": "https://www.sec.gov/Archives/edgar/data/1513761/000157104915001498/0001571049-15-001498-index.htm",
    "finalLink": "https://www.sec.gov/Archives/edgar/data/1513761/000157104915001498/t1500098_10k.htm"
  },
  {
    "date": "2014-09-30",
    "symbol": "NCLH",
    "reportedCurrency": "USD",
    "cik": "0001513761",
    "fillingDate": "2014-10-31",
    "acceptedDate": "2014-10-31 10:20:35",
    "calendarYear": "2014",
    "period": "Q3",
    "revenue": 907017000,
    "costOfRevenue": 511298000,
    "grossProfit": 395719000,
    "grossProfitRatio": 0.4362861997,
    "researchAndDevelopmentExpenses": 0,
    "generalAndAdministrativeExpenses": 0,
    "sellingAndMarketingExpenses": 97111000,
    "sellingGeneralAndAdministrativeExpenses": 97111000,
    "otherExpenses": 63786000,
    "operatingExpenses": 160897000,
    "costAndExpenses": 672195000,
    "interestIncome": 0,
    "interestExpense": 32284000,
    "depreciationAndAmortization": 72078000,
    "ebitda": 327978000,
    "ebitdaratio": 0.3616007197,
    "operatingIncome": 234822000,
    "operatingIncomeRatio": 0.2588948167,
    "totalOtherIncomeExpensesNet": -29042000,
    "incomeBeforeTax": 205780000,
    "incomeBeforeTaxRatio": 0.2268755712,
    "incomeTaxExpense": 2502000,
    "netIncome": 201078000,
    "netIncomeRatio": 0.2216915449,
    "eps": 0.99,
    "epsdiluted": 0.97,
    "weightedAverageShsOut": 207296907,
    "weightedAverageShsOutDil": 208507181,
    "link": "https://www.sec.gov/Archives/edgar/data/1513761/000157104914005621/0001571049-14-005621-index.htm",
    "finalLink": "https://www.sec.gov/Archives/edgar/data/1513761/000157104914005621/t1402007_10q.htm"
  },
  {
    "date": "2014-06-30",
    "symbol": "NCLH",
    "reportedCurrency": "USD",
    "cik": "0001513761",
    "fillingDate": "2014-07-31",
    "acceptedDate": "2014-07-31 16:00:57",
    "calendarYear": "2014",
    "period": "Q2",
    "revenue": 765927000,
    "costOfRevenue": 470796000,
    "grossProfit": 295131000,
    "grossProfitRatio": 0.3853252333,
    "researchAndDevelopmentExpenses": 0,
    "generalAndAdministrativeExpenses": 0,
    "sellingAndMarketingExpenses": 83084000,
    "sellingGeneralAndAdministrativeExpenses": 83084000,
    "otherExpenses": 63459000,
    "operatingExpenses": 146543000,
    "costAndExpenses": 617339000,
    "interestIncome": 0,
    "interestExpense": 31860000,
    "depreciationAndAmortization": 71520000,
    "ebitda": 220108000,
    "ebitdaratio": 0.2873746454,
    "operatingIncome": 148588000,
    "operatingIncomeRatio": 0.1939976003,
    "totalOtherIncomeExpensesNet": -32185000,
    "incomeBeforeTax": 116403000,
    "incomeBeforeTaxRatio": 0.1519766244,
    "incomeTaxExpense": 3124000,
    "netIncome": 111616000,
    "netIncomeRatio": 0.1457266815,
    "eps": 0.54,
    "epsdiluted": 0.54,
    "weightedAverageShsOut": 206696679,
    "weightedAverageShsOutDil": 210472991,
    "link": "https://www.sec.gov/Archives/edgar/data/1513761/000157104914003533/0001571049-14-003533-index.htm",
    "finalLink": "https://www.sec.gov/Archives/edgar/data/1513761/000157104914003533/t1401324_10q.htm"
  },
  {
    "date": "2014-03-31",
    "symbol": "NCLH",
    "reportedCurrency": "USD",
    "cik": "0001513761",
    "fillingDate": "2014-05-01",
    "acceptedDate": "2014-05-01 14:24:27",
    "calendarYear": "2014",
    "period": "Q1",
    "revenue": 664028000,
    "costOfRevenue": 445910000,
    "grossProfit": 218118000,
    "grossProfitRatio": 0.3284771124,
    "researchAndDevelopmentExpenses": 0,
    "generalAndAdministrativeExpenses": 0,
    "sellingAndMarketingExpenses": 83389000,
    "sellingGeneralAndAdministrativeExpenses": 83389000,
    "otherExpenses": 61640000,
    "operatingExpenses": 145029000,
    "costAndExpenses": 590939000,
    "interestIncome": 0,
    "interestExpense": 31172000,
    "depreciationAndAmortization": 69708000,
    "ebitda": 142797000,
    "ebitdaratio": 0.2150466547,
    "operatingIncome": 73089000,
    "operatingIncomeRatio": 0.1100691537,
    "totalOtherIncomeExpensesNet": -30784000,
    "incomeBeforeTax": 42305000,
    "incomeBeforeTaxRatio": 0.0637096628,
    "incomeTaxExpense": -9387000,
    "netIncome": 51267000,
    "netIncomeRatio": 0.0772060817,
    "eps": 0.25,
    "epsdiluted": 0.24,
    "weightedAverageShsOut": 211013814,
    "weightedAverageShsOutDil": 213613390,
    "link": "https://www.sec.gov/Archives/edgar/data/1513761/000119312514176597/0001193125-14-176597-index.htm",
    "finalLink": "https://www.sec.gov/Archives/edgar/data/1513761/000119312514176597/d712723d10q.htm"
  },
  {
    "date": "2013-12-31",
    "symbol": "NCLH",
    "reportedCurrency": "USD",
    "cik": "0001513761",
    "fillingDate": "2014-02-21",
    "acceptedDate": "2014-02-21 16:39:56",
    "calendarYear": "2013",
    "period": "Q4",
    "revenue": 600345000,
    "costOfRevenue": 417789000,
    "grossProfit": 182556000,
    "grossProfitRatio": 0.304085151,
    "researchAndDevelopmentExpenses": 0,
    "generalAndAdministrativeExpenses": 0,
    "sellingAndMarketingExpenses": 64232000,
    "sellingGeneralAndAdministrativeExpenses": 64232000,
    "otherExpenses": 56894000,
    "operatingExpenses": 121126000,
    "costAndExpenses": 538915000,
    "interestIncome": 0,
    "interestExpense": 24633000,
    "depreciationAndAmortization": 64968000,
    "ebitda": 144925000,
    "ebitdaratio": 0.24140286,
    "operatingIncome": 61430000,
    "operatingIncomeRatio": 0.1023244967,
    "totalOtherIncomeExpensesNet": -24398000,
    "incomeBeforeTax": 37032000,
    "incomeBeforeTaxRatio": 0.0616845314,
    "incomeTaxExpense": 625000,
    "netIncome": 36092000,
    "netIncomeRatio": 0.060118765,
    "eps": 0.18,
    "epsdiluted": 0.17,
    "weightedAverageShsOut": 210914163,
    "weightedAverageShsOutDil": 212922103,
    "link": "https://www.sec.gov/Archives/edgar/data/1513761/000119312514062855/0001193125-14-062855-index.htm",
    "finalLink": "https://www.sec.gov/Archives/edgar/data/1513761/000119312514062855/d662798d10k.htm"
  },
  {
    "date": "2013-09-30",
    "symbol": "NCLH",
    "reportedCurrency": "USD",
    "cik": "0001513761",
    "fillingDate": "2013-10-31",
    "acceptedDate": "2013-10-31 06:23:07",
    "calendarYear": "2013",
    "period": "Q3",
    "revenue": 797885000,
    "costOfRevenue": 456102000,
    "grossProfit": 341783000,
    "grossProfitRatio": 0.42836123,
    "researchAndDevelopmentExpenses": 0,
    "generalAndAdministrativeExpenses": 0,
    "sellingAndMarketingExpenses": 77606000,
    "sellingGeneralAndAdministrativeExpenses": 77606000,
    "otherExpenses": 56097000,
    "operatingExpenses": 133703000,
    "costAndExpenses": 589805000,
    "interestIncome": 0,
    "interestExpense": 26627000,
    "depreciationAndAmortization": 64197000,
    "ebitda": 272277000,
    "ebitdaratio": 0.3412484255,
    "operatingIncome": 208080000,
    "operatingIncomeRatio": 0.2607894621,
    "totalOtherIncomeExpensesNet": -27253000,
    "incomeBeforeTax": 180827000,
    "incomeBeforeTaxRatio": 0.2266329108,
    "incomeTaxExpense": 7933000,
    "netIncome": 170858000,
    "netIncomeRatio": 0.214138629,
    "eps": 0.84,
    "epsdiluted": 0.82,
    "weightedAverageShsOut": 208363668,
    "weightedAverageShsOutDil": 210703244,
    "link": "https://www.sec.gov/Archives/edgar/data/1513761/000119312513419559/0001193125-13-419559-index.htm",
    "finalLink": "https://www.sec.gov/Archives/edgar/data/1513761/000119312513419559/d609673d10q.htm"
  },
  {
    "date": "2013-06-30",
    "symbol": "NCLH",
    "reportedCurrency": "USD",
    "cik": "0001513761",
    "fillingDate": "2013-07-30",
    "acceptedDate": "2013-07-30 17:08:15",
    "calendarYear": "2013",
    "period": "Q2",
    "revenue": 644433000,
    "costOfRevenue": 421079000,
    "grossProfit": 223354000,
    "grossProfitRatio": 0.3465899481,
    "researchAndDevelopmentExpenses": 0,
    "generalAndAdministrativeExpenses": 0,
    "sellingAndMarketingExpenses": 74111000,
    "sellingGeneralAndAdministrativeExpenses": 74111000,
    "otherExpenses": 53854000,
    "operatingExpenses": 127965000,
    "costAndExpenses": 549044000,
    "interestIncome": 0,
    "interestExpense": 103686000,
    "depreciationAndAmortization": 60466000,
    "ebitda": 156284000,
    "ebitdaratio": 0.2425139619,
    "operatingIncome": 95389000,
    "operatingIncomeRatio": 0.1480200424,
    "totalOtherIncomeExpensesNet": -103257000,
    "incomeBeforeTax": -7868000,
    "incomeBeforeTaxRatio": -0.0122091823,
    "incomeTaxExpense": 1047000,
    "netIncome": -8841000,
    "netIncomeRatio": -0.0137190367,
    "eps": -0.0433,
    "epsdiluted": -0.0433,
    "weightedAverageShsOut": 203997492,
    "weightedAverageShsOutDil": 204001107,
    "link": "https://www.sec.gov/Archives/edgar/data/1513761/000119312513310468/0001193125-13-310468-index.htm",
    "finalLink": "https://www.sec.gov/Archives/edgar/data/1513761/000119312513310468/d549923d10q.htm"
  },
  {
    "date": "2013-03-31",
    "symbol": "NCLH",
    "reportedCurrency": "USD",
    "cik": "0001513761",
    "fillingDate": "2013-05-08",
    "acceptedDate": "2013-05-08 17:17:08",
    "calendarYear": "2013",
    "period": "Q1",
    "revenue": 527631000,
    "costOfRevenue": 362689000,
    "grossProfit": 164942000,
    "grossProfitRatio": 0.3126086223,
    "researchAndDevelopmentExpenses": 0,
    "generalAndAdministrativeExpenses": 0,
    "sellingAndMarketingExpenses": 85206000,
    "sellingGeneralAndAdministrativeExpenses": 85206000,
    "otherExpenses": 48748000,
    "operatingExpenses": 133954000,
    "costAndExpenses": 496643000,
    "interestIncome": 0,
    "interestExpense": 127656000,
    "depreciationAndAmortization": 55480000,
    "ebitda": 86468000,
    "ebitdaratio": 0.1638796811,
    "operatingIncome": 30988000,
    "operatingIncomeRatio": 0.0587304385,
    "totalOtherIncomeExpensesNet": -126292000,
    "incomeBeforeTax": -97500000,
    "incomeBeforeTaxRatio": -0.1847882327,
    "incomeTaxExpense": 125719000,
    "netIncome": -96395000,
    "netIncomeRatio": -0.182693966,
    "eps": -0.49,
    "epsdiluted": -0.49,
    "weightedAverageShsOut": 196724891,
    "weightedAverageShsOutDil": 198350433,
    "link": "https://www.sec.gov/Archives/edgar/data/1513761/000119312513207830/0001193125-13-207830-index.htm",
    "finalLink": "https://www.sec.gov/Archives/edgar/data/1513761/000119312513207830/d518339d10q.htm"
  },
  {
    "date": "2012-12-31",
    "symbol": "NCLH",
    "reportedCurrency": "USD",
    "cik": "0001513761",
    "fillingDate": "2013-02-20",
    "acceptedDate": "2013-02-20 16:41:59",
    "calendarYear": "2012",
    "period": "Q4",
    "revenue": 503171000,
    "costOfRevenue": 344594000,
    "grossProfit": 158577000,
    "grossProfitRatio": 0.3151552852,
    "researchAndDevelopmentExpenses": 0,
    "generalAndAdministrativeExpenses": 0,
    "sellingAndMarketingExpenses": 60435000,
    "sellingGeneralAndAdministrativeExpenses": 60435000,
    "otherExpenses": 48637000,
    "operatingExpenses": 109072000,
    "costAndExpenses": 453666000,
    "interestIncome": 0,
    "interestExpense": 47659000,
    "depreciationAndAmortization": 55356000,
    "ebitda": 104861000,
    "ebitdaratio": 0.2084003251,
    "operatingIncome": 49505000,
    "operatingIncomeRatio": 0.0983860358,
    "totalOtherIncomeExpensesNet": -9137000,
    "incomeBeforeTax": 1053000,
    "incomeBeforeTaxRatio": 0.0020927279,
    "incomeTaxExpense": 39315000,
    "netIncome": 1053000,
    "netIncomeRatio": 0.0020927279,
    "eps": 0.0059,
    "epsdiluted": 0.0053,
    "weightedAverageShsOut": 179173047,
    "weightedAverageShsOutDil": 200468080,
    "link": "https://www.sec.gov/Archives/edgar/data/1513761/000119312513067341/0001193125-13-067341-index.htm",
    "finalLink": "https://www.sec.gov/Archives/edgar/data/1513761/000119312513067341/d488060d10k.htm"
  },
  {
    "date": "2012-09-30",
    "symbol": "NCLH",
    "reportedCurrency": "USD",
    "cik": "0001513761",
    "fillingDate": "2012-09-30",
    "acceptedDate": "2012-09-29 20:00:00",
    "calendarYear": "2012",
    "period": "Q3",
    "revenue": 674411000,
    "costOfRevenue": 394071000,
    "grossProfit": 280340000,
    "grossProfitRatio": 0.4156812389,
    "researchAndDevelopmentExpenses": 0,
    "generalAndAdministrativeExpenses": 0,
    "sellingAndMarketingExpenses": 57779000,
    "sellingGeneralAndAdministrativeExpenses": 57779000,
    "otherExpenses": 48423000,
    "operatingExpenses": 106202000,
    "costAndExpenses": 500273000,
    "interestIncome": 0,
    "interestExpense": 47196000,
    "depreciationAndAmortization": 55039000,
    "ebitda": 230821000,
    "ebitdaratio": 0.3422556868,
    "operatingIncome": 174138000,
    "operatingIncomeRatio": 0.2582075322,
    "totalOtherIncomeExpensesNet": -45552000,
    "incomeBeforeTax": 128188000,
    "incomeBeforeTaxRatio": 0.1900740053,
    "incomeTaxExpense": 0,
    "netIncome": 128188000,
    "netIncomeRatio": 0.1900740053,
    "eps": 0.64,
    "epsdiluted": 0.63,
    "weightedAverageShsOut": 179050272,
    "weightedAverageShsOutDil": 203325892,
    "link": "",
    "finalLink": ""
  },
  {
    "date": "2012-06-30",
    "symbol": "NCLH",
    "reportedCurrency": "USD",
    "cik": "0001513761",
    "fillingDate": "2012-06-30",
    "acceptedDate": "2012-06-29 20:00:00",
    "calendarYear": "2012",
    "period": "Q2",
    "revenue": 583234000,
    "costOfRevenue": 387741000,
    "grossProfit": 195493000,
    "grossProfitRatio": 0.3351879349,
    "researchAndDevelopmentExpenses": 0,
    "generalAndAdministrativeExpenses": 0,
    "sellingAndMarketingExpenses": 61807000,
    "sellingGeneralAndAdministrativeExpenses": 61807000,
    "otherExpenses": 46680000,
    "operatingExpenses": 108487000,
    "costAndExpenses": 496228000,
    "interestIncome": 0,
    "interestExpense": 48905000,
    "depreciationAndAmortization": 53272000,
    "ebitda": 138279000,
    "ebitdaratio": 0.2370900873,
    "operatingIncome": 87006000,
    "operatingIncomeRatio": 0.1491785458,
    "totalOtherIncomeExpensesNet": -50904000,
    "incomeBeforeTax": 84936000,
    "incomeBeforeTaxRatio": 0.14562937,
    "incomeTaxExpense": 50975000,
    "netIncome": 36031000,
    "netIncomeRatio": 0.0617779485,
    "eps": 0.18,
    "epsdiluted": 0.18,
    "weightedAverageShsOut": 200468080,
    "weightedAverageShsOutDil": 203325892,
    "link": "",
    "finalLink": ""
  },
  {
    "date": "2012-03-31",
    "symbol": "NCLH",
    "reportedCurrency": "USD",
    "cik": "0001513761",
    "fillingDate": "2012-03-31",
    "acceptedDate": "2012-03-30 20:00:00",
    "calendarYear": "2012",
    "period": "Q1",
    "revenue": 515430000,
    "costOfRevenue": 352027000,
    "grossProfit": 163403000,
    "grossProfitRatio": 0.3170226801,
    "researchAndDevelopmentExpenses": 0,
    "generalAndAdministrativeExpenses": 0,
    "sellingAndMarketingExpenses": 71162000,
    "sellingGeneralAndAdministrativeExpenses": 71162000,
    "otherExpenses": 45797000,
    "operatingExpenses": 116959000,
    "costAndExpenses": 468986000,
    "interestIncome": 0,
    "interestExpense": 46170000,
    "depreciationAndAmortization": 52470000,
    "ebitda": 101924000,
    "ebitdaratio": 0.1977455717,
    "operatingIncome": 46444000,
    "operatingIncomeRatio": 0.0901072891,
    "totalOtherIncomeExpensesNet": 3010000,
    "incomeBeforeTax": 49454000,
    "incomeBeforeTaxRatio": 0.0959470733,
    "incomeTaxExpense": 43160000,
    "netIncome": 3284000,
    "netIncomeRatio": 0.0063713792,
    "eps": 0.0164,
    "epsdiluted": 0.0162,
    "weightedAverageShsOut": 200468080,
    "weightedAverageShsOutDil": 203325892,
    "link": "",
    "finalLink": ""
  },
  {
    "date": "2011-12-31",
    "symbol": "NCLH",
    "reportedCurrency": "USD",
    "cik": "0001513761",
    "fillingDate": "2011-12-31",
    "acceptedDate": "2011-12-30 19:00:00",
    "calendarYear": "2011",
    "period": "Q4",
    "revenue": 488594000,
    "costOfRevenue": 343530000,
    "grossProfit": 145064000,
    "grossProfitRatio": 0.2969009034,
    "researchAndDevelopmentExpenses": 0,
    "generalAndAdministrativeExpenses": 0,
    "sellingAndMarketingExpenses": 0,
    "sellingGeneralAndAdministrativeExpenses": 57974000,
    "otherExpenses": 44701000,
    "operatingExpenses": 102675000,
    "costAndExpenses": 446205000,
    "interestIncome": 5000,
    "interestExpense": 45753000,
    "depreciationAndAmortization": 51522000,
    "ebitda": 94883000,
    "ebitdaratio": 0.1941959991,
    "operatingIncome": 42389000,
    "operatingIncomeRatio": 0.086757103,
    "totalOtherIncomeExpensesNet": 1469000,
    "incomeBeforeTax": 43858000,
    "incomeBeforeTaxRatio": 0.0897636893,
    "incomeTaxExpense": 48002000,
    "netIncome": -3172000,
    "netIncomeRatio": -0.0064920977,
    "eps": -0.0158,
    "epsdiluted": -0.0158,
    "weightedAverageShsOut": 200468080,
    "weightedAverageShsOutDil": 200468080,
    "link": "",
    "finalLink": ""
  },
  {
    "date": "2011-09-30",
    "symbol": "NCLH",
    "reportedCurrency": "USD",
    "cik": "0001513761",
    "fillingDate": "2011-09-30",
    "acceptedDate": "2011-09-29 20:00:00",
    "calendarYear": "2011",
    "period": "Q3",
    "revenue": 666634000,
    "costOfRevenue": 397200000,
    "grossProfit": 269434000,
    "grossProfitRatio": 0.4041708044,
    "researchAndDevelopmentExpenses": 0,
    "generalAndAdministrativeExpenses": -610000,
    "sellingAndMarketingExpenses": 60818000,
    "sellingGeneralAndAdministrativeExpenses": 60208000,
    "otherExpenses": 46517000,
    "operatingExpenses": 106725000,
    "costAndExpenses": 503925000,
    "interestIncome": 9000,
    "interestExpense": 49897000,
    "depreciationAndAmortization": 55719000,
    "ebitda": 213116000,
    "ebitdaratio": 0.3196896648,
    "operatingIncome": 162709000,
    "operatingIncomeRatio": 0.2440754597,
    "totalOtherIncomeExpensesNet": 67000,
    "incomeBeforeTax": 160086000,
    "incomeBeforeTaxRatio": 0.2401407669,
    "incomeTaxExpense": 52511000,
    "netIncome": 107509000,
    "netIncomeRatio": 0.1612714023,
    "eps": 0.54,
    "epsdiluted": 0.53,
    "weightedAverageShsOut": 200468080,
    "weightedAverageShsOutDil": 203325892,
    "link": "",
    "finalLink": ""
  },
  {
    "date": "2011-06-30",
    "symbol": "NCLH",
    "reportedCurrency": "USD",
    "cik": "0001513761",
    "fillingDate": "2011-06-30",
    "acceptedDate": "2011-06-29 20:00:00",
    "calendarYear": "2011",
    "period": "Q2",
    "revenue": 568586000,
    "costOfRevenue": 382907000,
    "grossProfit": 185679000,
    "grossProfitRatio": 0.3265627363,
    "researchAndDevelopmentExpenses": 0,
    "generalAndAdministrativeExpenses": 0,
    "sellingAndMarketingExpenses": 0,
    "sellingGeneralAndAdministrativeExpenses": 62967000,
    "otherExpenses": 46510000,
    "operatingExpenses": 109477000,
    "costAndExpenses": 492384000,
    "interestIncome": 14000,
    "interestExpense": 46696000,
    "depreciationAndAmortization": 52055000,
    "ebitda": 128305000,
    "ebitdaratio": 0.2256562772,
    "operatingIncome": 76202000,
    "operatingIncomeRatio": 0.1340201834,
    "totalOtherIncomeExpensesNet": -392000,
    "incomeBeforeTax": 75858000,
    "incomeBeforeTaxRatio": 0.1334151738,
    "incomeTaxExpense": 47026000,
    "netIncome": 29224000,
    "netIncomeRatio": 0.0513976777,
    "eps": 0.15,
    "epsdiluted": 0.14,
    "weightedAverageShsOut": 200468080,
    "weightedAverageShsOutDil": 203325892,
    "link": "",
    "finalLink": ""
  },
  {
    "date": "2011-03-31",
    "symbol": "NCLH",
    "reportedCurrency": "USD",
    "cik": "0001513761",
    "fillingDate": "2011-03-31",
    "acceptedDate": "2011-03-30 20:00:00",
    "calendarYear": "2011",
    "period": "Q1",
    "revenue": 495510000,
    "costOfRevenue": 344239000,
    "grossProfit": 151271000,
    "grossProfitRatio": 0.3052834453,
    "researchAndDevelopmentExpenses": 0,
    "generalAndAdministrativeExpenses": 0,
    "sellingAndMarketingExpenses": 0,
    "sellingGeneralAndAdministrativeExpenses": 70202000,
    "otherExpenses": 46257000,
    "operatingExpenses": 116459000,
    "costAndExpenses": 460698000,
    "interestIncome": 10000,
    "interestExpense": 47879000,
    "depreciationAndAmortization": 51753000,
    "ebitda": 89257000,
    "ebitdaratio": 0.1801315816,
    "operatingIncome": 34812000,
    "operatingIncomeRatio": 0.0702548889,
    "totalOtherIncomeExpensesNet": -260000,
    "incomeBeforeTax": 37244000,
    "incomeBeforeTaxRatio": 0.0751629634,
    "incomeTaxExpense": 45437000,
    "netIncome": -10625000,
    "netIncomeRatio": -0.0214425541,
    "eps": -0.053,
    "epsdiluted": -0.0523,
    "weightedAverageShsOut": 200468080,
    "weightedAverageShsOutDil": 203325892,
    "link": "",
    "finalLink": ""
  },
  {
    "date": "2010-12-31",
    "symbol": "NCLH",
    "reportedCurrency": "USD",
    "cik": "0001513761",
    "fillingDate": "2010-12-31",
    "acceptedDate": "2010-12-30 19:00:00",
    "calendarYear": "2010",
    "period": "Q4",
    "revenue": 483606000,
    "costOfRevenue": 356506000,
    "grossProfit": 127100000,
    "grossProfitRatio": 0.2628172521,
    "researchAndDevelopmentExpenses": 0,
    "generalAndAdministrativeExpenses": 0,
    "sellingAndMarketingExpenses": 0,
    "sellingGeneralAndAdministrativeExpenses": 63658000,
    "otherExpenses": 46897000,
    "operatingExpenses": 110555000,
    "costAndExpenses": 467061000,
    "interestIncome": 20000,
    "interestExpense": 54673000,
    "depreciationAndAmortization": 52999000,
    "ebitda": 69544000,
    "ebitdaratio": 0.1438030132,
    "operatingIncome": 16545000,
    "operatingIncomeRatio": 0.0342117343,
    "totalOtherIncomeExpensesNet": -1204000,
    "incomeBeforeTax": 15341000,
    "incomeBeforeTaxRatio": 0.0317221044,
    "incomeTaxExpense": 55857000,
    "netIncome": -39312000,
    "netIncomeRatio": -0.081289314,
    "eps": -0.2,
    "epsdiluted": -0.2,
    "weightedAverageShsOut": 200468080,
    "weightedAverageShsOutDil": 200468080,
    "link": "",
    "finalLink": ""
  },
  {
    "date": "2010-09-30",
    "symbol": "NCLH",
    "reportedCurrency": "USD",
    "cik": "0001513761",
    "fillingDate": "2010-09-30",
    "acceptedDate": "2010-09-29 20:00:00",
    "calendarYear": "2010",
    "period": "Q3",
    "revenue": 634105000,
    "costOfRevenue": 375234000,
    "grossProfit": 258871000,
    "grossProfitRatio": 0.4082462684,
    "researchAndDevelopmentExpenses": 0,
    "generalAndAdministrativeExpenses": 0,
    "sellingAndMarketingExpenses": 0,
    "sellingGeneralAndAdministrativeExpenses": 74755000,
    "otherExpenses": 46541000,
    "operatingExpenses": 121296000,
    "costAndExpenses": 496530000,
    "interestIncome": 15000,
    "interestExpense": 46213000,
    "depreciationAndAmortization": 52676000,
    "ebitda": 190251000,
    "ebitdaratio": 0.300030752,
    "operatingIncome": 137575000,
    "operatingIncomeRatio": 0.2169593364,
    "totalOtherIncomeExpensesNet": 1624000,
    "incomeBeforeTax": 139199000,
    "incomeBeforeTaxRatio": 0.2195204264,
    "incomeTaxExpense": 44574000,
    "netIncome": 93001000,
    "netIncomeRatio": 0.1466649845,
    "eps": 0.46,
    "epsdiluted": 0.46,
    "weightedAverageShsOut": 200468080,
    "weightedAverageShsOutDil": 203325892,
    "link": "",
    "finalLink": ""
  },
  {
    "date": "2010-06-30",
    "symbol": "NCLH",
    "reportedCurrency": "USD",
    "cik": "0001513761",
    "fillingDate": "2010-06-30",
    "acceptedDate": "2010-06-29 20:00:00",
    "calendarYear": "2010",
    "period": "Q2",
    "revenue": 477915000,
    "costOfRevenue": 321394000,
    "grossProfit": 156521000,
    "grossProfitRatio": 0.3275080297,
    "researchAndDevelopmentExpenses": 0,
    "generalAndAdministrativeExpenses": 0,
    "sellingAndMarketingExpenses": 0,
    "sellingGeneralAndAdministrativeExpenses": 61786000,
    "otherExpenses": 38896000,
    "operatingExpenses": 100682000,
    "costAndExpenses": 422076000,
    "interestIncome": 37000,
    "interestExpense": 37047000,
    "depreciationAndAmortization": 43656000,
    "ebitda": 99495000,
    "ebitdaratio": 0.208185556,
    "operatingIncome": 55839000,
    "operatingIncomeRatio": 0.1168387684,
    "totalOtherIncomeExpensesNet": -33769000,
    "incomeBeforeTax": 22070000,
    "incomeBeforeTaxRatio": 0.04617976,
    "incomeTaxExpense": 70779000,
    "netIncome": -14940000,
    "netIncomeRatio": -0.0312607891,
    "eps": -0.0745,
    "epsdiluted": -0.0735,
    "weightedAverageShsOut": 200468080,
    "weightedAverageShsOutDil": 203325892,
    "link": "",
    "finalLink": ""
  },
  {
    "date": "2010-03-31",
    "symbol": "NCLH",
    "reportedCurrency": "USD",
    "cik": "0001513761",
    "fillingDate": "2010-03-31",
    "acceptedDate": "2010-03-30 20:00:00",
    "calendarYear": "2010",
    "period": "Q1",
    "revenue": 416502000,
    "costOfRevenue": 294164000,
    "grossProfit": 122338000,
    "grossProfitRatio": 0.293727281,
    "researchAndDevelopmentExpenses": 0,
    "generalAndAdministrativeExpenses": 0,
    "sellingAndMarketingExpenses": 0,
    "sellingGeneralAndAdministrativeExpenses": 64199000,
    "otherExpenses": 37857000,
    "operatingExpenses": 102056000,
    "costAndExpenses": 396220000,
    "interestIncome": 28000,
    "interestExpense": 35839000,
    "depreciationAndAmortization": 42582000,
    "ebitda": 62864000,
    "ebitdaratio": 0.1509332488,
    "operatingIncome": 20282000,
    "operatingIncomeRatio": 0.0486960447,
    "totalOtherIncomeExpensesNet": -603000,
    "incomeBeforeTax": 19679000,
    "incomeBeforeTaxRatio": 0.0472482725,
    "incomeTaxExpense": 36414000,
    "netIncome": -16132000,
    "netIncomeRatio": -0.0387321069,
    "eps": -0.0805,
    "epsdiluted": -0.0793,
    "weightedAverageShsOut": 200468080,
    "weightedAverageShsOutDil": 203325892,
    "link": "",
    "finalLink": ""
  },
  {
    "date": "2009-12-31",
    "symbol": "NCLH",
    "reportedCurrency": "USD",
    "cik": "0001513761",
    "fillingDate": "2009-12-31",
    "acceptedDate": "2009-12-30 19:00:00",
    "calendarYear": "2009",
    "period": "Q4",
    "revenue": 401656000,
    "costOfRevenue": 301765000,
    "grossProfit": 99891000,
    "grossProfitRatio": 0.2486978907,
    "researchAndDevelopmentExpenses": 0,
    "generalAndAdministrativeExpenses": 0,
    "sellingAndMarketingExpenses": 0,
    "sellingGeneralAndAdministrativeExpenses": 62517000,
    "otherExpenses": 38369000,
    "operatingExpenses": 100886000,
    "costAndExpenses": 402651000,
    "interestIncome": 69000,
    "interestExpense": 37490000,
    "depreciationAndAmortization": 43443000,
    "ebitda": 42448000,
    "ebitdaratio": 0.1056824746,
    "operatingIncome": -995000,
    "operatingIncomeRatio": -0.0024772442,
    "totalOtherIncomeExpensesNet": -584000,
    "incomeBeforeTax": -1579000,
    "incomeBeforeTaxRatio": -0.0039312247,
    "incomeTaxExpense": 38005000,
    "netIncome": -39000000,
    "netIncomeRatio": -0.0970980142,
    "eps": -0.19,
    "epsdiluted": -0.19,
    "weightedAverageShsOut": 200468080,
    "weightedAverageShsOutDil": 200468080,
    "link": "",
    "finalLink": ""
  },
  {
    "date": "2009-09-30",
    "symbol": "NCLH",
    "reportedCurrency": "USD",
    "cik": "0001513761",
    "fillingDate": "2009-09-30",
    "acceptedDate": "2009-09-29 20:00:00",
    "calendarYear": "2009",
    "period": "Q3",
    "revenue": 550676000,
    "costOfRevenue": 344831000,
    "grossProfit": 205845000,
    "grossProfitRatio": 0.373804197,
    "researchAndDevelopmentExpenses": 0,
    "generalAndAdministrativeExpenses": 0,
    "sellingAndMarketingExpenses": 0,
    "sellingGeneralAndAdministrativeExpenses": 54202000,
    "otherExpenses": 38212000,
    "operatingExpenses": 92414000,
    "costAndExpenses": 437245000,
    "interestIncome": 132000,
    "interestExpense": 25813000,
    "depreciationAndAmortization": 43142000,
    "ebitda": 156573000,
    "ebitdaratio": 0.284328716,
    "operatingIncome": 113431000,
    "operatingIncomeRatio": 0.2059850075,
    "totalOtherIncomeExpensesNet": -2125000,
    "incomeBeforeTax": 111306000,
    "incomeBeforeTaxRatio": 0.2021261141,
    "incomeTaxExpense": 27806000,
    "netIncome": 85625000,
    "netIncomeRatio": 0.155490706,
    "eps": 0.43,
    "epsdiluted": 0.42,
    "weightedAverageShsOut": 200468080,
    "weightedAverageShsOutDil": 203325892,
    "link": "",
    "finalLink": ""
  },
  {
    "date": "2009-06-30",
    "symbol": "NCLH",
    "reportedCurrency": "USD",
    "cik": "0001513761",
    "fillingDate": "2009-06-30",
    "acceptedDate": "2009-06-29 20:00:00",
    "calendarYear": "2009",
    "period": "Q2",
    "revenue": 478417000,
    "costOfRevenue": 332608000,
    "grossProfit": 145809000,
    "grossProfitRatio": 0.3047738688,
    "researchAndDevelopmentExpenses": 0,
    "generalAndAdministrativeExpenses": 0,
    "sellingAndMarketingExpenses": 0,
    "sellingGeneralAndAdministrativeExpenses": 61654000,
    "otherExpenses": 38135000,
    "operatingExpenses": 99789000,
    "costAndExpenses": 432397000,
    "interestIncome": 287000,
    "interestExpense": 26635000,
    "depreciationAndAmortization": 45132000,
    "ebitda": 91152000,
    "ebitdaratio": 0.1905283466,
    "operatingIncome": 46020000,
    "operatingIncomeRatio": 0.096192234,
    "totalOtherIncomeExpensesNet": -4253000,
    "incomeBeforeTax": 41767000,
    "incomeBeforeTaxRatio": 0.0873024997,
    "incomeTaxExpense": 30601000,
    "netIncome": 15419000,
    "netIncomeRatio": 0.0322292059,
    "eps": 0.0769,
    "epsdiluted": 0.0758,
    "weightedAverageShsOut": 200468080,
    "weightedAverageShsOutDil": 203325892,
    "link": "",
    "finalLink": ""
  },
  {
    "date": "2009-03-31",
    "symbol": "NCLH",
    "reportedCurrency": "USD",
    "cik": "0001513761",
    "fillingDate": "2009-03-31",
    "acceptedDate": "2009-03-30 20:00:00",
    "calendarYear": "2009",
    "period": "Q1",
    "revenue": 424455000,
    "costOfRevenue": 310250000,
    "grossProfit": 114205000,
    "grossProfitRatio": 0.2690626804,
    "researchAndDevelopmentExpenses": 0,
    "generalAndAdministrativeExpenses": 0,
    "sellingAndMarketingExpenses": 0,
    "sellingGeneralAndAdministrativeExpenses": 63303000,
    "otherExpenses": 37984000,
    "operatingExpenses": 101287000,
    "costAndExpenses": 411537000,
    "interestIncome": 348000,
    "interestExpense": 25412000,
    "depreciationAndAmortization": 37984000,
    "ebitda": 50902000,
    "ebitdaratio": 0.1199231956,
    "operatingIncome": 12918000,
    "operatingIncomeRatio": 0.0304343217,
    "totalOtherIncomeExpensesNet": -12918000,
    "incomeBeforeTax": 30253000,
    "incomeBeforeTaxRatio": 0.071274929,
    "incomeTaxExpense": 7729000,
    "netIncome": 5189000,
    "netIncomeRatio": 0.0122250886,
    "eps": 0.0259,
    "epsdiluted": 0.0255,
    "weightedAverageShsOut": 200468080,
    "weightedAverageShsOutDil": 203325892,
    "link": "",
    "finalLink": ""
  }
]