[
  {
    "date": "2025-06-30",
    "symbol": "NDAQ",
    "reportedCurrency": "USD",
    "cik": "0001120193",
    "fillingDate": "2025-07-25",
    "acceptedDate": "2025-07-25 10:12:34",
    "calendarYear": "2025",
    "period": "Q2",
    "revenue": 2090000000,
    "costOfRevenue": 1229000000,
    "grossProfit": 861000000,
    "grossProfitRatio": 0.4119617225,
    "researchAndDevelopmentExpenses": 0,
    "generalAndAdministrativeExpenses": 92000000,
    "sellingAndMarketingExpenses": 14000000,
    "sellingGeneralAndAdministrativeExpenses": 106000000,
    "otherExpenses": 187000000,
    "operatingExpenses": 293000000,
    "costAndExpenses": 1522000000,
    "interestIncome": 12000000,
    "interestExpense": 0,
    "depreciationAndAmortization": 158000000,
    "ebitda": 798000000,
    "ebitdaratio": 0.3818181818,
    "operatingIncome": 568000000,
    "operatingIncomeRatio": 0.2717703349,
    "totalOtherIncomeExpensesNet": -20000000,
    "incomeBeforeTax": 548000000,
    "incomeBeforeTaxRatio": 0.2622009569,
    "incomeTaxExpense": 96000000,
    "netIncome": 452000000,
    "netIncomeRatio": 0.2162679426,
    "eps": 0.79,
    "epsdiluted": 0.78,
    "weightedAverageShsOut": 574100000,
    "weightedAverageShsOutDil": 579000000,
    "link": "https://www.sec.gov/Archives/edgar/data/1120193/000112019325000018/0001120193-25-000018-index.htm",
    "finalLink": "https://www.sec.gov/Archives/edgar/data/1120193/000112019325000018/ndaq-20250630.htm"
  },
  {
    "date": "2025-03-31",
    "symbol": "NDAQ",
    "reportedCurrency": "USD",
    "cik": "0001120193",
    "fillingDate": "2025-04-28",
    "acceptedDate": "2025-04-28 12:42:39",
    "calendarYear": "2025",
    "period": "Q1",
    "revenue": 2090000000,
    "costOfRevenue": 1274000000,
    "grossProfit": 816000000,
    "grossProfitRatio": 0.390430622,
    "researchAndDevelopmentExpenses": 0,
    "generalAndAdministrativeExpenses": 70000000,
    "sellingAndMarketingExpenses": 14000000,
    "sellingGeneralAndAdministrativeExpenses": 84000000,
    "otherExpenses": 185000000,
    "operatingExpenses": 269000000,
    "costAndExpenses": 1543000000,
    "interestIncome": 11000000,
    "interestExpense": 0,
    "depreciationAndAmortization": 156000000,
    "ebitda": 736000000,
    "ebitdaratio": 0.35215311,
    "operatingIncome": 547000000,
    "operatingIncomeRatio": 0.261722488,
    "totalOtherIncomeExpensesNet": -59000000,
    "incomeBeforeTax": 488000000,
    "incomeBeforeTaxRatio": 0.233492823,
    "incomeTaxExpense": 93000000,
    "netIncome": 395000000,
    "netIncomeRatio": 0.1889952153,
    "eps": 0.69,
    "epsdiluted": 0.68,
    "weightedAverageShsOut": 575120541,
    "weightedAverageShsOutDil": 579189522,
    "link": "https://www.sec.gov/Archives/edgar/data/1120193/000112019325000012/0001120193-25-000012-index.htm",
    "finalLink": "https://www.sec.gov/Archives/edgar/data/1120193/000112019325000012/ndaq-20250331.htm"
  },
  {
    "date": "2024-12-31",
    "symbol": "NDAQ",
    "reportedCurrency": "USD",
    "cik": "0001120193",
    "fillingDate": "2025-02-21",
    "acceptedDate": "2025-02-21 16:56:38",
    "calendarYear": "2024",
    "period": "Q4",
    "revenue": 2030000000,
    "costOfRevenue": 1219000000,
    "grossProfit": 811000000,
    "grossProfitRatio": 0.3995073892,
    "researchAndDevelopmentExpenses": 0,
    "generalAndAdministrativeExpenses": 96000000,
    "sellingAndMarketingExpenses": 20000000,
    "sellingGeneralAndAdministrativeExpenses": 116000000,
    "otherExpenses": 178000000,
    "operatingExpenses": 294000000,
    "costAndExpenses": 1513000000,
    "interestIncome": 8000000,
    "interestExpense": 0,
    "depreciationAndAmortization": 153000000,
    "ebitda": 689000000,
    "ebitdaratio": 0.339408867,
    "operatingIncome": 517000000,
    "operatingIncomeRatio": 0.254679803,
    "totalOtherIncomeExpensesNet": -78000000,
    "incomeBeforeTax": 439000000,
    "incomeBeforeTaxRatio": 0.2162561576,
    "incomeTaxExpense": 84000000,
    "netIncome": 355000000,
    "netIncomeRatio": 0.1748768473,
    "eps": 0.62,
    "epsdiluted": 0.61,
    "weightedAverageShsOut": 575120541,
    "weightedAverageShsOutDil": 579017204,
    "link": "https://www.sec.gov/Archives/edgar/data/1120193/000112019325000008/0001120193-25-000008-index.htm",
    "finalLink": "https://www.sec.gov/Archives/edgar/data/1120193/000112019325000008/ndaq-20241231.htm"
  },
  {
    "date": "2024-09-30",
    "symbol": "NDAQ",
    "reportedCurrency": "USD",
    "cik": "0001120193",
    "fillingDate": "2024-10-29",
    "acceptedDate": "2024-10-29 11:12:58",
    "calendarYear": "2024",
    "period": "Q3",
    "revenue": 1902000000,
    "costOfRevenue": 1168000000,
    "grossProfit": 734000000,
    "grossProfitRatio": 0.3859095689,
    "researchAndDevelopmentExpenses": 0,
    "generalAndAdministrativeExpenses": 90000000,
    "sellingAndMarketingExpenses": 11000000,
    "sellingGeneralAndAdministrativeExpenses": 101000000,
    "otherExpenses": 185000000,
    "operatingExpenses": 286000000,
    "costAndExpenses": 1454000000,
    "interestIncome": 8000000,
    "interestExpense": 0,
    "depreciationAndAmortization": 153000000,
    "ebitda": 607000000,
    "ebitdaratio": 0.3191377497,
    "operatingIncome": 448000000,
    "operatingIncomeRatio": 0.2355415352,
    "totalOtherIncomeExpensesNet": -92000000,
    "incomeBeforeTax": 356000000,
    "incomeBeforeTaxRatio": 0.1871713985,
    "incomeTaxExpense": 51000000,
    "netIncome": 306000000,
    "netIncomeRatio": 0.1608832808,
    "eps": 0.53,
    "epsdiluted": 0.53,
    "weightedAverageShsOut": 575121000,
    "weightedAverageShsOutDil": 579017000,
    "link": "https://www.sec.gov/Archives/edgar/data/1120193/000112019324000019/0001120193-24-000019-index.htm",
    "finalLink": "https://www.sec.gov/Archives/edgar/data/1120193/000112019324000019/ndaq-20240930.htm"
  },
  {
    "date": "2024-06-30",
    "symbol": "NDAQ",
    "reportedCurrency": "USD",
    "cik": "0001120193",
    "fillingDate": "2024-08-06",
    "acceptedDate": "2024-08-06 15:14:51",
    "calendarYear": "2024",
    "period": "Q2",
    "revenue": 1792000000,
    "costOfRevenue": 1048000000,
    "grossProfit": 744000000,
    "grossProfitRatio": 0.4151785714,
    "researchAndDevelopmentExpenses": 0,
    "generalAndAdministrativeExpenses": 96000000,
    "sellingAndMarketingExpenses": 12000000,
    "sellingGeneralAndAdministrativeExpenses": 108000000,
    "otherExpenses": 213000000,
    "operatingExpenses": 321000000,
    "costAndExpenses": 1369000000,
    "interestIncome": 6000000,
    "interestExpense": 0,
    "depreciationAndAmortization": 153000000,
    "ebitda": 593000000,
    "ebitdaratio": 0.3309151786,
    "operatingIncome": 423000000,
    "operatingIncomeRatio": 0.2360491071,
    "totalOtherIncomeExpensesNet": -82000000,
    "incomeBeforeTax": 341000000,
    "incomeBeforeTaxRatio": 0.1902901786,
    "incomeTaxExpense": 119000000,
    "netIncome": 222000000,
    "netIncomeRatio": 0.1238839286,
    "eps": 0.39,
    "epsdiluted": 0.38,
    "weightedAverageShsOut": 576375433,
    "weightedAverageShsOutDil": 578950776,
    "link": "https://www.sec.gov/Archives/edgar/data/1120193/000112019324000014/0001120193-24-000014-index.htm",
    "finalLink": "https://www.sec.gov/Archives/edgar/data/1120193/000112019324000014/ndaq-20240630.htm"
  },
  {
    "date": "2024-03-31",
    "symbol": "NDAQ",
    "reportedCurrency": "USD",
    "cik": "0001120193",
    "fillingDate": "2024-05-02",
    "acceptedDate": "2024-05-02 11:29:52",
    "calendarYear": "2024",
    "period": "Q1",
    "revenue": 1674000000,
    "costOfRevenue": 973000000,
    "grossProfit": 701000000,
    "grossProfitRatio": 0.4187574671,
    "researchAndDevelopmentExpenses": 0,
    "generalAndAdministrativeExpenses": 90000000,
    "sellingAndMarketingExpenses": 11000000,
    "sellingGeneralAndAdministrativeExpenses": 101000000,
    "otherExpenses": 190000000,
    "operatingExpenses": 291000000,
    "costAndExpenses": 1264000000,
    "interestIncome": 6000000,
    "interestExpense": 0,
    "depreciationAndAmortization": 155000000,
    "ebitda": 570000000,
    "ebitdaratio": 0.3405017921,
    "operatingIncome": 410000000,
    "operatingIncomeRatio": 0.2449223417,
    "totalOtherIncomeExpensesNet": -98000000,
    "incomeBeforeTax": 312000000,
    "incomeBeforeTaxRatio": 0.1863799283,
    "incomeTaxExpense": 79000000,
    "netIncome": 234000000,
    "netIncomeRatio": 0.1397849462,
    "eps": 0.41,
    "epsdiluted": 0.4,
    "weightedAverageShsOut": 575451665,
    "weightedAverageShsOutDil": 578931090,
    "link": "https://www.sec.gov/Archives/edgar/data/1120193/000112019324000010/0001120193-24-000010-index.htm",
    "finalLink": "https://www.sec.gov/Archives/edgar/data/1120193/000112019324000010/ndaq-20240331.htm"
  },
  {
    "date": "2023-12-31",
    "symbol": "NDAQ",
    "reportedCurrency": "USD",
    "cik": "0001120193",
    "fillingDate": "2024-02-21",
    "acceptedDate": "2024-02-21 17:03:01",
    "calendarYear": "2023",
    "period": "Q4",
    "revenue": 1647000000,
    "costOfRevenue": 907000000,
    "grossProfit": 740000000,
    "grossProfitRatio": 0.4493017608,
    "researchAndDevelopmentExpenses": 0,
    "generalAndAdministrativeExpenses": 117000000,
    "sellingAndMarketingExpenses": 17000000,
    "sellingGeneralAndAdministrativeExpenses": 134000000,
    "otherExpenses": 253000000,
    "operatingExpenses": 387000000,
    "costAndExpenses": 1294000000,
    "interestIncome": 30000000,
    "interestExpense": 0,
    "depreciationAndAmortization": 125000000,
    "ebitda": 509000000,
    "ebitdaratio": 0.3090467517,
    "operatingIncome": 353000000,
    "operatingIncomeRatio": 0.2143290832,
    "totalOtherIncomeExpensesNet": -75000000,
    "incomeBeforeTax": 278000000,
    "incomeBeforeTaxRatio": 0.1687917426,
    "incomeTaxExpense": 82000000,
    "netIncome": 197000000,
    "netIncomeRatio": 0.1196114147,
    "eps": 0.36,
    "epsdiluted": 0.36,
    "weightedAverageShsOut": 547100000,
    "weightedAverageShsOutDil": 550600000,
    "link": "https://www.sec.gov/Archives/edgar/data/1120193/000112019324000006/0001120193-24-000006-index.htm",
    "finalLink": "https://www.sec.gov/Archives/edgar/data/1120193/000112019324000006/ndaq-20231231.htm"
  },
  {
    "date": "2023-09-30",
    "symbol": "NDAQ",
    "reportedCurrency": "USD",
    "cik": "0001120193",
    "fillingDate": "2023-11-03",
    "acceptedDate": "2023-11-03 15:02:31",
    "calendarYear": "2023",
    "period": "Q3",
    "revenue": 1451000000,
    "costOfRevenue": 838000000,
    "grossProfit": 613000000,
    "grossProfitRatio": 0.422467264,
    "researchAndDevelopmentExpenses": 0,
    "generalAndAdministrativeExpenses": 85000000,
    "sellingAndMarketingExpenses": 12000000,
    "sellingGeneralAndAdministrativeExpenses": 97000000,
    "otherExpenses": 85000000,
    "operatingExpenses": 182000000,
    "costAndExpenses": 1020000000,
    "interestIncome": 72000000,
    "interestExpense": 0,
    "depreciationAndAmortization": 64000000,
    "ebitda": 552000000,
    "ebitdaratio": 0.3804272915,
    "operatingIncome": 431000000,
    "operatingIncomeRatio": 0.2970365265,
    "totalOtherIncomeExpensesNet": -40000000,
    "incomeBeforeTax": 391000000,
    "incomeBeforeTaxRatio": 0.2694693315,
    "incomeTaxExpense": 97000000,
    "netIncome": 294000000,
    "netIncomeRatio": 0.2026188835,
    "eps": 0.6,
    "epsdiluted": 0.6,
    "weightedAverageShsOut": 491315824,
    "weightedAverageShsOutDil": 494111962,
    "link": "https://www.sec.gov/Archives/edgar/data/1120193/000112019323000031/0001120193-23-000031-index.htm",
    "finalLink": "https://www.sec.gov/Archives/edgar/data/1120193/000112019323000031/ndaq-20230930.htm"
  },
  {
    "date": "2023-06-30",
    "symbol": "NDAQ",
    "reportedCurrency": "USD",
    "cik": "0001120193",
    "fillingDate": "2023-08-02",
    "acceptedDate": "2023-08-02 12:04:05",
    "calendarYear": "2023",
    "period": "Q2",
    "revenue": 1433000000,
    "costOfRevenue": 834000000,
    "grossProfit": 599000000,
    "grossProfitRatio": 0.418004187,
    "researchAndDevelopmentExpenses": 0,
    "generalAndAdministrativeExpenses": 84000000,
    "sellingAndMarketingExpenses": 9000000,
    "sellingGeneralAndAdministrativeExpenses": 93000000,
    "otherExpenses": 124000000,
    "operatingExpenses": 217000000,
    "costAndExpenses": 1051000000,
    "interestIncome": 8000000,
    "interestExpense": 0,
    "depreciationAndAmortization": 65000000,
    "ebitda": 436000000,
    "ebitdaratio": 0.3042568039,
    "operatingIncome": 382000000,
    "operatingIncomeRatio": 0.2665736218,
    "totalOtherIncomeExpensesNet": -45000000,
    "incomeBeforeTax": 337000000,
    "incomeBeforeTaxRatio": 0.23517097,
    "incomeTaxExpense": 70000000,
    "netIncome": 267000000,
    "netIncomeRatio": 0.1863224006,
    "eps": 0.54,
    "epsdiluted": 0.54,
    "weightedAverageShsOut": 490778304,
    "weightedAverageShsOutDil": 493631085,
    "link": "https://www.sec.gov/Archives/edgar/data/1120193/000112019323000022/0001120193-23-000022-index.htm",
    "finalLink": "https://www.sec.gov/Archives/edgar/data/1120193/000112019323000022/ndaq-20230630.htm"
  },
  {
    "date": "2023-03-31",
    "symbol": "NDAQ",
    "reportedCurrency": "USD",
    "cik": "0001120193",
    "fillingDate": "2023-05-04",
    "acceptedDate": "2023-05-04 11:36:36",
    "calendarYear": "2023",
    "period": "Q1",
    "revenue": 1533000000,
    "costOfRevenue": 938000000,
    "grossProfit": 595000000,
    "grossProfitRatio": 0.3881278539,
    "researchAndDevelopmentExpenses": 0,
    "generalAndAdministrativeExpenses": 85000000,
    "sellingAndMarketingExpenses": 9000000,
    "sellingGeneralAndAdministrativeExpenses": 94000000,
    "otherExpenses": 89000000,
    "operatingExpenses": 183000000,
    "costAndExpenses": 1121000000,
    "interestIncome": 6000000,
    "interestExpense": 0,
    "depreciationAndAmortization": 69000000,
    "ebitda": 500000000,
    "ebitdaratio": 0.3261578604,
    "operatingIncome": 412000000,
    "operatingIncomeRatio": 0.268754077,
    "totalOtherIncomeExpensesNet": -16000000,
    "incomeBeforeTax": 396000000,
    "incomeBeforeTaxRatio": 0.2583170254,
    "incomeTaxExpense": 95000000,
    "netIncome": 302000000,
    "netIncomeRatio": 0.1969993477,
    "eps": 0.62,
    "epsdiluted": 0.61,
    "weightedAverageShsOut": 489931178,
    "weightedAverageShsOutDil": 494769011,
    "link": "https://www.sec.gov/Archives/edgar/data/1120193/000112019323000017/0001120193-23-000017-index.htm",
    "finalLink": "https://www.sec.gov/Archives/edgar/data/1120193/000112019323000017/ndaq-20230331.htm"
  },
  {
    "date": "2022-12-31",
    "symbol": "NDAQ",
    "reportedCurrency": "USD",
    "cik": "0001120193",
    "fillingDate": "2023-02-23",
    "acceptedDate": "2023-02-23 16:16:55",
    "calendarYear": "2022",
    "period": "Q4",
    "revenue": 1582000000,
    "costOfRevenue": 994000000,
    "grossProfit": 588000000,
    "grossProfitRatio": 0.3716814159,
    "researchAndDevelopmentExpenses": 0,
    "generalAndAdministrativeExpenses": 100000000,
    "sellingAndMarketingExpenses": 20000000,
    "sellingGeneralAndAdministrativeExpenses": 120000000,
    "otherExpenses": 119000000,
    "operatingExpenses": 239000000,
    "costAndExpenses": 1233000000,
    "interestIncome": 4000000,
    "interestExpense": 0,
    "depreciationAndAmortization": 63000000,
    "ebitda": 416000000,
    "ebitdaratio": 0.2629582807,
    "operatingIncome": 349000000,
    "operatingIncomeRatio": 0.2206068268,
    "totalOtherIncomeExpensesNet": -27000000,
    "incomeBeforeTax": 322000000,
    "incomeBeforeTaxRatio": 0.203539823,
    "incomeTaxExpense": 82000000,
    "netIncome": 241000000,
    "netIncomeRatio": 0.1523388116,
    "eps": 0.49,
    "epsdiluted": 0.48,
    "weightedAverageShsOut": 491300000,
    "weightedAverageShsOutDil": 497000000,
    "link": "https://www.sec.gov/Archives/edgar/data/1120193/000112019323000014/0001120193-23-000014-index.htm",
    "finalLink": "https://www.sec.gov/Archives/edgar/data/1120193/000112019323000014/ndaq-20221231.htm"
  },
  {
    "date": "2022-09-30",
    "symbol": "NDAQ",
    "reportedCurrency": "USD",
    "cik": "0001120193",
    "fillingDate": "2022-11-02",
    "acceptedDate": "2022-11-02 14:30:59",
    "calendarYear": "2022",
    "period": "Q3",
    "revenue": 1557000000,
    "costOfRevenue": 975000000,
    "grossProfit": 582000000,
    "grossProfitRatio": 0.3737957611,
    "researchAndDevelopmentExpenses": 0,
    "generalAndAdministrativeExpenses": 97000000,
    "sellingAndMarketingExpenses": 10000000,
    "sellingGeneralAndAdministrativeExpenses": 107000000,
    "otherExpenses": 77000000,
    "operatingExpenses": 184000000,
    "costAndExpenses": 1159000000,
    "interestIncome": 2000000,
    "interestExpense": 0,
    "depreciationAndAmortization": 63000000,
    "ebitda": 475000000,
    "ebitdaratio": 0.30507386,
    "operatingIncome": 398000000,
    "operatingIncomeRatio": 0.2556197816,
    "totalOtherIncomeExpensesNet": -16000000,
    "incomeBeforeTax": 382000000,
    "incomeBeforeTaxRatio": 0.2453436095,
    "incomeTaxExpense": 88000000,
    "netIncome": 294000000,
    "netIncomeRatio": 0.1888246628,
    "eps": 0.6,
    "epsdiluted": 0.59,
    "weightedAverageShsOut": 491228889,
    "weightedAverageShsOutDil": 496339086,
    "link": "https://www.sec.gov/Archives/edgar/data/1120193/000112019322000020/0001120193-22-000020-index.htm",
    "finalLink": "https://www.sec.gov/Archives/edgar/data/1120193/000112019322000020/ndaq-20220930.htm"
  },
  {
    "date": "2022-06-30",
    "symbol": "NDAQ",
    "reportedCurrency": "USD",
    "cik": "0001120193",
    "fillingDate": "2022-08-03",
    "acceptedDate": "2022-08-03 15:23:20",
    "calendarYear": "2022",
    "period": "Q2",
    "revenue": 1552000000,
    "costOfRevenue": 964000000,
    "grossProfit": 588000000,
    "grossProfitRatio": 0.3788659794,
    "researchAndDevelopmentExpenses": 0,
    "generalAndAdministrativeExpenses": 88000000,
    "sellingAndMarketingExpenses": 11000000,
    "sellingGeneralAndAdministrativeExpenses": 99000000,
    "otherExpenses": 77000000,
    "operatingExpenses": 176000000,
    "costAndExpenses": 1140000000,
    "interestIncome": 0,
    "interestExpense": 0,
    "depreciationAndAmortization": 65000000,
    "ebitda": 492000000,
    "ebitdaratio": 0.3170103093,
    "operatingIncome": 412000000,
    "operatingIncomeRatio": 0.2654639175,
    "totalOtherIncomeExpensesNet": -15000000,
    "incomeBeforeTax": 397000000,
    "incomeBeforeTaxRatio": 0.2557989691,
    "incomeTaxExpense": 90000000,
    "netIncome": 307000000,
    "netIncomeRatio": 0.1978092784,
    "eps": 0.62,
    "epsdiluted": 0.62,
    "weightedAverageShsOut": 492235377,
    "weightedAverageShsOutDil": 496580127,
    "link": "https://www.sec.gov/Archives/edgar/data/1120193/000112019322000017/0001120193-22-000017-index.htm",
    "finalLink": "https://www.sec.gov/Archives/edgar/data/1120193/000112019322000017/ndaq-20220630.htm"
  },
  {
    "date": "2022-03-31",
    "symbol": "NDAQ",
    "reportedCurrency": "USD",
    "cik": "0001120193",
    "fillingDate": "2022-05-04",
    "acceptedDate": "2022-05-04 15:46:15",
    "calendarYear": "2022",
    "period": "Q1",
    "revenue": 1535000000,
    "costOfRevenue": 955000000,
    "grossProfit": 580000000,
    "grossProfitRatio": 0.3778501629,
    "researchAndDevelopmentExpenses": 0,
    "generalAndAdministrativeExpenses": 83000000,
    "sellingAndMarketingExpenses": 10000000,
    "sellingGeneralAndAdministrativeExpenses": 93000000,
    "otherExpenses": 82000000,
    "operatingExpenses": 175000000,
    "costAndExpenses": 1130000000,
    "interestIncome": 0,
    "interestExpense": 0,
    "depreciationAndAmortization": 67000000,
    "ebitda": 470000000,
    "ebitdaratio": 0.3061889251,
    "operatingIncome": 405000000,
    "operatingIncomeRatio": 0.2638436482,
    "totalOtherIncomeExpensesNet": -31000000,
    "incomeBeforeTax": 374000000,
    "incomeBeforeTaxRatio": 0.2436482085,
    "incomeTaxExpense": 91000000,
    "netIncome": 284000000,
    "netIncomeRatio": 0.1850162866,
    "eps": 0.57,
    "epsdiluted": 0.57,
    "weightedAverageShsOut": 495144339,
    "weightedAverageShsOutDil": 501744414,
    "link": "https://www.sec.gov/Archives/edgar/data/1120193/000112019322000013/0001120193-22-000013-index.htm",
    "finalLink": "https://www.sec.gov/Archives/edgar/data/1120193/000112019322000013/ndaq-20220331.htm"
  },
  {
    "date": "2021-12-31",
    "symbol": "NDAQ",
    "reportedCurrency": "USD",
    "cik": "0001120193",
    "fillingDate": "2022-02-23",
    "acceptedDate": "2022-02-23 13:58:10",
    "calendarYear": "2021",
    "period": "Q4",
    "revenue": 1467000000,
    "costOfRevenue": 910000000,
    "grossProfit": 557000000,
    "grossProfitRatio": 0.3796864349,
    "researchAndDevelopmentExpenses": 0,
    "generalAndAdministrativeExpenses": 90000000,
    "sellingAndMarketingExpenses": 25000000,
    "sellingGeneralAndAdministrativeExpenses": 115000000,
    "otherExpenses": 98000000,
    "operatingExpenses": 213000000,
    "costAndExpenses": 1123000000,
    "interestIncome": 0,
    "interestExpense": 0,
    "depreciationAndAmortization": 81000000,
    "ebitda": 423000000,
    "ebitdaratio": 0.2883435583,
    "operatingIncome": 344000000,
    "operatingIncomeRatio": 0.2344921609,
    "totalOtherIncomeExpensesNet": -30000000,
    "incomeBeforeTax": 314000000,
    "incomeBeforeTaxRatio": 0.2140422631,
    "incomeTaxExpense": 55000000,
    "netIncome": 259000000,
    "netIncomeRatio": 0.1765507839,
    "eps": 0.52,
    "epsdiluted": 0.51,
    "weightedAverageShsOut": 501300000,
    "weightedAverageShsOutDil": 509100000,
    "link": "https://www.sec.gov/Archives/edgar/data/1120193/000112019322000007/0001120193-22-000007-index.htm",
    "finalLink": "https://www.sec.gov/Archives/edgar/data/1120193/000112019322000007/ndaq-20211231.htm"
  },
  {
    "date": "2021-09-30",
    "symbol": "NDAQ",
    "reportedCurrency": "USD",
    "cik": "0001120193",
    "fillingDate": "2021-11-04",
    "acceptedDate": "2021-11-04 13:02:29",
    "calendarYear": "2021",
    "period": "Q3",
    "revenue": 1357000000,
    "costOfRevenue": 804000000,
    "grossProfit": 553000000,
    "grossProfitRatio": 0.4075165807,
    "researchAndDevelopmentExpenses": 0,
    "generalAndAdministrativeExpenses": 105000000,
    "sellingAndMarketingExpenses": 12000000,
    "sellingGeneralAndAdministrativeExpenses": 117000000,
    "otherExpenses": 80000000,
    "operatingExpenses": 197000000,
    "costAndExpenses": 1001000000,
    "interestIncome": 0,
    "interestExpense": 0,
    "depreciationAndAmortization": 66000000,
    "ebitda": 468000000,
    "ebitdaratio": 0.3448784083,
    "operatingIncome": 356000000,
    "operatingIncomeRatio": 0.2623434046,
    "totalOtherIncomeExpensesNet": 15000000,
    "incomeBeforeTax": 371000000,
    "incomeBeforeTaxRatio": 0.2733971997,
    "incomeTaxExpense": 83000000,
    "netIncome": 288000000,
    "netIncomeRatio": 0.2122328666,
    "eps": 0.56,
    "epsdiluted": 0.56,
    "weightedAverageShsOut": 503100000,
    "weightedAverageShsOutDil": 510600000,
    "link": "https://www.sec.gov/Archives/edgar/data/1120193/000112019321000027/0001120193-21-000027-index.htm",
    "finalLink": "https://www.sec.gov/Archives/edgar/data/1120193/000112019321000027/ndaq-20210930.htm"
  },
  {
    "date": "2021-06-30",
    "symbol": "NDAQ",
    "reportedCurrency": "USD",
    "cik": "0001120193",
    "fillingDate": "2021-08-04",
    "acceptedDate": "2021-08-04 13:19:59",
    "calendarYear": "2021",
    "period": "Q2",
    "revenue": 1412000000,
    "costOfRevenue": 850000000,
    "grossProfit": 562000000,
    "grossProfitRatio": 0.3980169972,
    "researchAndDevelopmentExpenses": 0,
    "generalAndAdministrativeExpenses": 76000000,
    "sellingAndMarketingExpenses": 9000000,
    "sellingGeneralAndAdministrativeExpenses": 85000000,
    "otherExpenses": 101000000,
    "operatingExpenses": 186000000,
    "costAndExpenses": 1036000000,
    "interestIncome": 0,
    "interestExpense": 0,
    "depreciationAndAmortization": 68000000,
    "ebitda": 552000000,
    "ebitdaratio": 0.3909348442,
    "operatingIncome": 376000000,
    "operatingIncomeRatio": 0.2662889518,
    "totalOtherIncomeExpensesNet": 78000000,
    "incomeBeforeTax": 454000000,
    "incomeBeforeTaxRatio": 0.321529745,
    "incomeTaxExpense": 113000000,
    "netIncome": 341000000,
    "netIncomeRatio": 0.2415014164,
    "eps": 0.69,
    "epsdiluted": 0.68,
    "weightedAverageShsOut": 492257457,
    "weightedAverageShsOutDil": 499314471,
    "link": "https://www.sec.gov/Archives/edgar/data/1120193/000112019321000022/0001120193-21-000022-index.htm",
    "finalLink": "https://www.sec.gov/Archives/edgar/data/1120193/000112019321000022/ndaq-20210630.htm"
  },
  {
    "date": "2021-03-31",
    "symbol": "NDAQ",
    "reportedCurrency": "USD",
    "cik": "0001120193",
    "fillingDate": "2021-05-05",
    "acceptedDate": "2021-05-05 14:36:32",
    "calendarYear": "2021",
    "period": "Q1",
    "revenue": 1651000000,
    "costOfRevenue": 1090000000,
    "grossProfit": 561000000,
    "grossProfitRatio": 0.3397940642,
    "researchAndDevelopmentExpenses": 0,
    "generalAndAdministrativeExpenses": 68000000,
    "sellingAndMarketingExpenses": 10000000,
    "sellingGeneralAndAdministrativeExpenses": 78000000,
    "otherExpenses": 118000000,
    "operatingExpenses": 196000000,
    "costAndExpenses": 1286000000,
    "interestIncome": 1000000,
    "interestExpense": 0,
    "depreciationAndAmortization": 63000000,
    "ebitda": 484000000,
    "ebitdaratio": 0.2931556632,
    "operatingIncome": 365000000,
    "operatingIncomeRatio": 0.2210781345,
    "totalOtherIncomeExpensesNet": 30000000,
    "incomeBeforeTax": 395000000,
    "incomeBeforeTaxRatio": 0.23924894,
    "incomeTaxExpense": 97000000,
    "netIncome": 298000000,
    "netIncomeRatio": 0.1804966687,
    "eps": 0.6,
    "epsdiluted": 0.59,
    "weightedAverageShsOut": 494128827,
    "weightedAverageShsOutDil": 501276246,
    "link": "https://www.sec.gov/Archives/edgar/data/1120193/000112019321000016/0001120193-21-000016-index.htm",
    "finalLink": "https://www.sec.gov/Archives/edgar/data/1120193/000112019321000016/ndaq-20210331.htm"
  },
  {
    "date": "2020-12-31",
    "symbol": "NDAQ",
    "reportedCurrency": "USD",
    "cik": "0001120193",
    "fillingDate": "2021-02-23",
    "acceptedDate": "2021-02-23 16:49:38",
    "calendarYear": "2020",
    "period": "Q4",
    "revenue": 1462000000,
    "costOfRevenue": 928000000,
    "grossProfit": 534000000,
    "grossProfitRatio": 0.365253078,
    "researchAndDevelopmentExpenses": 0,
    "generalAndAdministrativeExpenses": 111000000,
    "sellingAndMarketingExpenses": 19000000,
    "sellingGeneralAndAdministrativeExpenses": 130000000,
    "otherExpenses": 86000000,
    "operatingExpenses": 216000000,
    "costAndExpenses": 1144000000,
    "interestIncome": 0,
    "interestExpense": 0,
    "depreciationAndAmortization": 53000000,
    "ebitda": 342000000,
    "ebitdaratio": 0.2339261286,
    "operatingIncome": 318000000,
    "operatingIncomeRatio": 0.2175102599,
    "totalOtherIncomeExpensesNet": -51000000,
    "incomeBeforeTax": 267000000,
    "incomeBeforeTaxRatio": 0.182626539,
    "incomeTaxExpense": 42000000,
    "netIncome": 225000000,
    "netIncomeRatio": 0.1538987688,
    "eps": 0.45,
    "epsdiluted": 0.45,
    "weightedAverageShsOut": 493500000,
    "weightedAverageShsOutDil": 501900000,
    "link": "https://www.sec.gov/Archives/edgar/data/1120193/000112019321000011/0001120193-21-000011-index.htm",
    "finalLink": "https://www.sec.gov/Archives/edgar/data/1120193/000112019321000011/ndaq-20201231.htm"
  },
  {
    "date": "2020-09-30",
    "symbol": "NDAQ",
    "reportedCurrency": "USD",
    "cik": "0001120193",
    "fillingDate": "2020-11-04",
    "acceptedDate": "2020-11-04 16:30:00",
    "calendarYear": "2020",
    "period": "Q3",
    "revenue": 1413000000,
    "costOfRevenue": 937000000,
    "grossProfit": 476000000,
    "grossProfitRatio": 0.3368719038,
    "researchAndDevelopmentExpenses": 0,
    "generalAndAdministrativeExpenses": 80000000,
    "sellingAndMarketingExpenses": 7000000,
    "sellingGeneralAndAdministrativeExpenses": 87000000,
    "otherExpenses": 63000000,
    "operatingExpenses": 150000000,
    "costAndExpenses": 1087000000,
    "interestIncome": 0,
    "interestExpense": 0,
    "depreciationAndAmortization": 51000000,
    "ebitda": 430000000,
    "ebitdaratio": 0.3043170559,
    "operatingIncome": 326000000,
    "operatingIncomeRatio": 0.2307147912,
    "totalOtherIncomeExpensesNet": 31000000,
    "incomeBeforeTax": 357000000,
    "incomeBeforeTaxRatio": 0.2526539278,
    "incomeTaxExpense": 93000000,
    "netIncome": 264000000,
    "netIncomeRatio": 0.186836518,
    "eps": 0.54,
    "epsdiluted": 0.53,
    "weightedAverageShsOut": 492600000,
    "weightedAverageShsOutDil": 502500000,
    "link": "https://www.sec.gov/Archives/edgar/data/1120193/000112019320000021/0001120193-20-000021-index.htm",
    "finalLink": "https://www.sec.gov/Archives/edgar/data/1120193/000112019320000021/ndaq-20200930.htm"
  },
  {
    "date": "2020-06-30",
    "symbol": "NDAQ",
    "reportedCurrency": "USD",
    "cik": "0001120193",
    "fillingDate": "2020-08-05",
    "acceptedDate": "2020-08-05 13:00:01",
    "calendarYear": "2020",
    "period": "Q2",
    "revenue": 1398000000,
    "costOfRevenue": 930000000,
    "grossProfit": 468000000,
    "grossProfitRatio": 0.3347639485,
    "researchAndDevelopmentExpenses": 0,
    "generalAndAdministrativeExpenses": 82000000,
    "sellingAndMarketingExpenses": 4000000,
    "sellingGeneralAndAdministrativeExpenses": 86000000,
    "otherExpenses": 67000000,
    "operatingExpenses": 153000000,
    "costAndExpenses": 1083000000,
    "interestIncome": 1000000,
    "interestExpense": 0,
    "depreciationAndAmortization": 50000000,
    "ebitda": 390000000,
    "ebitdaratio": 0.2789699571,
    "operatingIncome": 315000000,
    "operatingIncomeRatio": 0.2253218884,
    "totalOtherIncomeExpensesNet": 1000000,
    "incomeBeforeTax": 316000000,
    "incomeBeforeTaxRatio": 0.226037196,
    "incomeTaxExpense": 75000000,
    "netIncome": 241000000,
    "netIncomeRatio": 0.1723891273,
    "eps": 0.49,
    "epsdiluted": 0.48,
    "weightedAverageShsOut": 492300000,
    "weightedAverageShsOutDil": 498300000,
    "link": "https://www.sec.gov/Archives/edgar/data/1120193/000112019320000015/0001120193-20-000015-index.htm",
    "finalLink": "https://www.sec.gov/Archives/edgar/data/1120193/000112019320000015/ndaq-20200630.htm"
  },
  {
    "date": "2020-03-31",
    "symbol": "NDAQ",
    "reportedCurrency": "USD",
    "cik": "0001120193",
    "fillingDate": "2020-05-06",
    "acceptedDate": "2020-05-06 15:19:39",
    "calendarYear": "2020",
    "period": "Q1",
    "revenue": 1353000000,
    "costOfRevenue": 889000000,
    "grossProfit": 464000000,
    "grossProfitRatio": 0.3429416112,
    "researchAndDevelopmentExpenses": 0,
    "generalAndAdministrativeExpenses": 113000000,
    "sellingAndMarketingExpenses": 9000000,
    "sellingGeneralAndAdministrativeExpenses": 122000000,
    "otherExpenses": 67000000,
    "operatingExpenses": 189000000,
    "costAndExpenses": 1078000000,
    "interestIncome": 2000000,
    "interestExpense": 0,
    "depreciationAndAmortization": 48000000,
    "ebitda": 345000000,
    "ebitdaratio": 0.2549889135,
    "operatingIncome": 275000000,
    "operatingIncomeRatio": 0.2032520325,
    "totalOtherIncomeExpensesNet": -2000000,
    "incomeBeforeTax": 273000000,
    "incomeBeforeTaxRatio": 0.2017738359,
    "incomeTaxExpense": 70000000,
    "netIncome": 203000000,
    "netIncomeRatio": 0.1500369549,
    "eps": 0.41,
    "epsdiluted": 0.41,
    "weightedAverageShsOut": 494700000,
    "weightedAverageShsOutDil": 500400000,
    "link": "https://www.sec.gov/Archives/edgar/data/1120193/000112019320000007/0001120193-20-000007-index.htm",
    "finalLink": "https://www.sec.gov/Archives/edgar/data/1120193/000112019320000007/ndaq-20200331.htm"
  },
  {
    "date": "2019-12-31",
    "symbol": "NDAQ",
    "reportedCurrency": "USD",
    "cik": "0001120193",
    "fillingDate": "2020-02-25",
    "acceptedDate": "2020-02-25 12:31:28",
    "calendarYear": "2019",
    "period": "Q4",
    "revenue": 1065000000,
    "costOfRevenue": 651000000,
    "grossProfit": 414000000,
    "grossProfitRatio": 0.3887323944,
    "researchAndDevelopmentExpenses": 0,
    "generalAndAdministrativeExpenses": 83000000,
    "sellingAndMarketingExpenses": 10000000,
    "sellingGeneralAndAdministrativeExpenses": 93000000,
    "otherExpenses": 61000000,
    "operatingExpenses": 154000000,
    "costAndExpenses": 805000000,
    "interestIncome": 6000000,
    "interestExpense": 0,
    "depreciationAndAmortization": 47000000,
    "ebitda": 323000000,
    "ebitdaratio": 0.303286385,
    "operatingIncome": 260000000,
    "operatingIncomeRatio": 0.2441314554,
    "totalOtherIncomeExpensesNet": -8000000,
    "incomeBeforeTax": 252000000,
    "incomeBeforeTaxRatio": 0.2366197183,
    "incomeTaxExpense": 49000000,
    "netIncome": 203000000,
    "netIncomeRatio": 0.1906103286,
    "eps": 0.41,
    "epsdiluted": 0.4,
    "weightedAverageShsOut": 493500000,
    "weightedAverageShsOutDil": 500400000,
    "link": "https://www.sec.gov/Archives/edgar/data/1120193/000112019320000004/0001120193-20-000004-index.htm",
    "finalLink": "https://www.sec.gov/Archives/edgar/data/1120193/000112019320000004/ndaq1231201910-k.htm"
  },
  {
    "date": "2019-09-30",
    "symbol": "NDAQ",
    "reportedCurrency": "USD",
    "cik": "0001120193",
    "fillingDate": "2019-11-06",
    "acceptedDate": "2019-11-06 12:54:56",
    "calendarYear": "2019",
    "period": "Q3",
    "revenue": 1096000000,
    "costOfRevenue": 680000000,
    "grossProfit": 416000000,
    "grossProfitRatio": 0.3795620438,
    "researchAndDevelopmentExpenses": 0,
    "generalAndAdministrativeExpenses": 95000000,
    "sellingAndMarketingExpenses": 8000000,
    "sellingGeneralAndAdministrativeExpenses": 103000000,
    "otherExpenses": 87000000,
    "operatingExpenses": 190000000,
    "costAndExpenses": 870000000,
    "interestIncome": 3000000,
    "interestExpense": 0,
    "depreciationAndAmortization": 47000000,
    "ebitda": 289000000,
    "ebitdaratio": 0.2636861314,
    "operatingIncome": 226000000,
    "operatingIncomeRatio": 0.2062043796,
    "totalOtherIncomeExpensesNet": -11000000,
    "incomeBeforeTax": 215000000,
    "incomeBeforeTaxRatio": 0.1961678832,
    "incomeTaxExpense": 65000000,
    "netIncome": 150000000,
    "netIncomeRatio": 0.1368613139,
    "eps": 0.3,
    "epsdiluted": 0.3,
    "weightedAverageShsOut": 492900000,
    "weightedAverageShsOutDil": 501000000,
    "link": "https://www.sec.gov/Archives/edgar/data/1120193/000112019319000015/0001120193-19-000015-index.htm",
    "finalLink": "https://www.sec.gov/Archives/edgar/data/1120193/000112019319000015/ndaq930201910-q.htm"
  },
  {
    "date": "2019-06-30",
    "symbol": "NDAQ",
    "reportedCurrency": "USD",
    "cik": "0001120193",
    "fillingDate": "2019-08-05",
    "acceptedDate": "2019-08-05 14:03:22",
    "calendarYear": "2019",
    "period": "Q2",
    "revenue": 1061000000,
    "costOfRevenue": 648000000,
    "grossProfit": 413000000,
    "grossProfitRatio": 0.3892554194,
    "researchAndDevelopmentExpenses": 0,
    "generalAndAdministrativeExpenses": 94000000,
    "sellingAndMarketingExpenses": 10000000,
    "sellingGeneralAndAdministrativeExpenses": 104000000,
    "otherExpenses": 53000000,
    "operatingExpenses": 157000000,
    "costAndExpenses": 805000000,
    "interestIncome": 4000000,
    "interestExpense": 0,
    "depreciationAndAmortization": 48000000,
    "ebitda": 316000000,
    "ebitdaratio": 0.2978322337,
    "operatingIncome": 256000000,
    "operatingIncomeRatio": 0.2412818096,
    "totalOtherIncomeExpensesNet": -17000000,
    "incomeBeforeTax": 239000000,
    "incomeBeforeTaxRatio": 0.2252591894,
    "incomeTaxExpense": 65000000,
    "netIncome": 174000000,
    "netIncomeRatio": 0.16399623,
    "eps": 0.35,
    "epsdiluted": 0.35,
    "weightedAverageShsOut": 496800000,
    "weightedAverageShsOutDil": 501000000,
    "link": "https://www.sec.gov/Archives/edgar/data/1120193/000112019319000010/0001120193-19-000010-index.htm",
    "finalLink": "https://www.sec.gov/Archives/edgar/data/1120193/000112019319000010/ndaq630201910-q.htm"
  },
  {
    "date": "2019-03-31",
    "symbol": "NDAQ",
    "reportedCurrency": "USD",
    "cik": "0001120193",
    "fillingDate": "2019-05-01",
    "acceptedDate": "2019-05-01 11:42:09",
    "calendarYear": "2019",
    "period": "Q1",
    "revenue": 1039000000,
    "costOfRevenue": 620000000,
    "grossProfit": 419000000,
    "grossProfitRatio": 0.4032723773,
    "researchAndDevelopmentExpenses": 0,
    "generalAndAdministrativeExpenses": 77000000,
    "sellingAndMarketingExpenses": 10000000,
    "sellingGeneralAndAdministrativeExpenses": 87000000,
    "otherExpenses": 57000000,
    "operatingExpenses": 144000000,
    "costAndExpenses": 764000000,
    "interestIncome": 3000000,
    "interestExpense": 0,
    "depreciationAndAmortization": 48000000,
    "ebitda": 398000000,
    "ebitdaratio": 0.3830606352,
    "operatingIncome": 275000000,
    "operatingIncomeRatio": 0.2646775746,
    "totalOtherIncomeExpensesNet": 38000000,
    "incomeBeforeTax": 313000000,
    "incomeBeforeTaxRatio": 0.3012512031,
    "incomeTaxExpense": 66000000,
    "netIncome": 247000000,
    "netIncomeRatio": 0.2377285852,
    "eps": 0.5,
    "epsdiluted": 0.49,
    "weightedAverageShsOut": 495900000,
    "weightedAverageShsOutDil": 501000000,
    "link": "https://www.sec.gov/Archives/edgar/data/1120193/000112019319000006/0001120193-19-000006-index.htm",
    "finalLink": "https://www.sec.gov/Archives/edgar/data/1120193/000112019319000006/ndaq331201910-q.htm"
  },
  {
    "date": "2018-12-31",
    "symbol": "NDAQ",
    "reportedCurrency": "USD",
    "cik": "0001120193",
    "fillingDate": "2019-02-22",
    "acceptedDate": "2019-02-22 12:32:43",
    "calendarYear": "2018",
    "period": "Q4",
    "revenue": 1136000000,
    "costOfRevenue": 711000000,
    "grossProfit": 425000000,
    "grossProfitRatio": 0.3741197183,
    "researchAndDevelopmentExpenses": 0,
    "generalAndAdministrativeExpenses": 109000000,
    "sellingAndMarketingExpenses": 10000000,
    "sellingGeneralAndAdministrativeExpenses": 119000000,
    "otherExpenses": 65000000,
    "operatingExpenses": 184000000,
    "costAndExpenses": 895000000,
    "interestIncome": 2000000,
    "interestExpense": 0,
    "depreciationAndAmortization": 51000000,
    "ebitda": 414000000,
    "ebitdaratio": 0.3644366197,
    "operatingIncome": 241000000,
    "operatingIncomeRatio": 0.2121478873,
    "totalOtherIncomeExpensesNet": 87000000,
    "incomeBeforeTax": 328000000,
    "incomeBeforeTaxRatio": 0.2887323944,
    "incomeTaxExpense": 372000000,
    "netIncome": -44000000,
    "netIncomeRatio": -0.0387323944,
    "eps": -0.0896,
    "epsdiluted": -0.0892,
    "weightedAverageShsOut": 491334643,
    "weightedAverageShsOutDil": 493500000,
    "link": "https://www.sec.gov/Archives/edgar/data/1120193/000112019319000002/0001120193-19-000002-index.htm",
    "finalLink": "https://www.sec.gov/Archives/edgar/data/1120193/000112019319000002/ndaq1231201810-k.htm"
  },
  {
    "date": "2018-09-30",
    "symbol": "NDAQ",
    "reportedCurrency": "USD",
    "cik": "0001120193",
    "fillingDate": "2018-11-06",
    "acceptedDate": "2018-11-06 16:01:39",
    "calendarYear": "2018",
    "period": "Q3",
    "revenue": 964000000,
    "costOfRevenue": 568000000,
    "grossProfit": 396000000,
    "grossProfitRatio": 0.4107883817,
    "researchAndDevelopmentExpenses": 0,
    "generalAndAdministrativeExpenses": 84000000,
    "sellingAndMarketingExpenses": 7000000,
    "sellingGeneralAndAdministrativeExpenses": 91000000,
    "otherExpenses": 59000000,
    "operatingExpenses": 150000000,
    "costAndExpenses": 718000000,
    "interestIncome": 3000000,
    "interestExpense": 0,
    "depreciationAndAmortization": 53000000,
    "ebitda": 297000000,
    "ebitdaratio": 0.3080912863,
    "operatingIncome": 246000000,
    "operatingIncomeRatio": 0.255186722,
    "totalOtherIncomeExpensesNet": -37000000,
    "incomeBeforeTax": 209000000,
    "incomeBeforeTaxRatio": 0.2168049793,
    "incomeTaxExpense": 46000000,
    "netIncome": 163000000,
    "netIncomeRatio": 0.1690871369,
    "eps": 0.33,
    "epsdiluted": 0.32,
    "weightedAverageShsOut": 492600000,
    "weightedAverageShsOutDil": 501900000,
    "link": "https://www.sec.gov/Archives/edgar/data/1120193/000112019318000012/0001120193-18-000012-index.htm",
    "finalLink": "https://www.sec.gov/Archives/edgar/data/1120193/000112019318000012/ndaq930201810-q.htm"
  },
  {
    "date": "2018-06-30",
    "symbol": "NDAQ",
    "reportedCurrency": "USD",
    "cik": "0001120193",
    "fillingDate": "2018-08-01",
    "acceptedDate": "2018-08-01 13:13:21",
    "calendarYear": "2018",
    "period": "Q2",
    "revenue": 1027000000,
    "costOfRevenue": 623000000,
    "grossProfit": 404000000,
    "grossProfitRatio": 0.3933787731,
    "researchAndDevelopmentExpenses": 0,
    "generalAndAdministrativeExpenses": 82000000,
    "sellingAndMarketingExpenses": 10000000,
    "sellingGeneralAndAdministrativeExpenses": 92000000,
    "otherExpenses": 43000000,
    "operatingExpenses": 135000000,
    "costAndExpenses": 758000000,
    "interestIncome": 10000000,
    "interestExpense": 0,
    "depreciationAndAmortization": 53000000,
    "ebitda": 376000000,
    "ebitdaratio": 0.3661148978,
    "operatingIncome": 269000000,
    "operatingIncomeRatio": 0.2619279455,
    "totalOtherIncomeExpensesNet": 19000000,
    "incomeBeforeTax": 288000000,
    "incomeBeforeTaxRatio": 0.2804284323,
    "incomeTaxExpense": 126000000,
    "netIncome": 162000000,
    "netIncomeRatio": 0.1577409932,
    "eps": 0.33,
    "epsdiluted": 0.32,
    "weightedAverageShsOut": 497100000,
    "weightedAverageShsOutDil": 502200000,
    "link": "https://www.sec.gov/Archives/edgar/data/1120193/000112019318000010/0001120193-18-000010-index.htm",
    "finalLink": "https://www.sec.gov/Archives/edgar/data/1120193/000112019318000010/ndaq630201810-q.htm"
  },
  {
    "date": "2018-03-31",
    "symbol": "NDAQ",
    "reportedCurrency": "USD",
    "cik": "0001120193",
    "fillingDate": "2018-05-02",
    "acceptedDate": "2018-05-02 16:50:15",
    "calendarYear": "2018",
    "period": "Q1",
    "revenue": 1151000000,
    "costOfRevenue": 722000000,
    "grossProfit": 429000000,
    "grossProfitRatio": 0.3727193745,
    "researchAndDevelopmentExpenses": 0,
    "generalAndAdministrativeExpenses": 84000000,
    "sellingAndMarketingExpenses": 9000000,
    "sellingGeneralAndAdministrativeExpenses": 93000000,
    "otherExpenses": 63000000,
    "operatingExpenses": 156000000,
    "costAndExpenses": 878000000,
    "interestIncome": 2000000,
    "interestExpense": 0,
    "depreciationAndAmortization": 53000000,
    "ebitda": 327000000,
    "ebitdaratio": 0.2841007819,
    "operatingIncome": 273000000,
    "operatingIncomeRatio": 0.2371850565,
    "totalOtherIncomeExpensesNet": -34000000,
    "incomeBeforeTax": 239000000,
    "incomeBeforeTaxRatio": 0.2076455256,
    "incomeTaxExpense": 62000000,
    "netIncome": 177000000,
    "netIncomeRatio": 0.1537793223,
    "eps": 0.35,
    "epsdiluted": 0.35,
    "weightedAverageShsOut": 500700000,
    "weightedAverageShsOutDil": 507000000,
    "link": "https://www.sec.gov/Archives/edgar/data/1120193/000112019318000007/0001120193-18-000007-index.htm",
    "finalLink": "https://www.sec.gov/Archives/edgar/data/1120193/000112019318000007/ndaq331201810-q.htm"
  },
  {
    "date": "2017-12-31",
    "symbol": "NDAQ",
    "reportedCurrency": "USD",
    "cik": "0001120193",
    "fillingDate": "2018-02-28",
    "acceptedDate": "2018-02-28 15:28:32",
    "calendarYear": "2017",
    "period": "Q4",
    "revenue": 1024000000,
    "costOfRevenue": 612000000,
    "grossProfit": 412000000,
    "grossProfitRatio": 0.40234375,
    "researchAndDevelopmentExpenses": 0,
    "generalAndAdministrativeExpenses": 88000000,
    "sellingAndMarketingExpenses": 9000000,
    "sellingGeneralAndAdministrativeExpenses": 97000000,
    "otherExpenses": 72000000,
    "operatingExpenses": 169000000,
    "costAndExpenses": 781000000,
    "interestIncome": 2000000,
    "interestExpense": 0,
    "depreciationAndAmortization": 48000000,
    "ebitda": 289000000,
    "ebitdaratio": 0.2822265625,
    "operatingIncome": 243000000,
    "operatingIncomeRatio": 0.2373046875,
    "totalOtherIncomeExpensesNet": -30000000,
    "incomeBeforeTax": 213000000,
    "incomeBeforeTaxRatio": 0.2080078125,
    "incomeTaxExpense": -33000000,
    "netIncome": 246000000,
    "netIncomeRatio": 0.240234375,
    "eps": 0.48,
    "epsdiluted": 0.48,
    "weightedAverageShsOut": 500700000,
    "weightedAverageShsOutDil": 509100000,
    "link": "https://www.sec.gov/Archives/edgar/data/1120193/000112019318000003/0001120193-18-000003-index.htm",
    "finalLink": "https://www.sec.gov/Archives/edgar/data/1120193/000112019318000003/ndaq1231201710-k.htm"
  },
  {
    "date": "2017-09-30",
    "symbol": "NDAQ",
    "reportedCurrency": "USD",
    "cik": "0001120193",
    "fillingDate": "2017-11-07",
    "acceptedDate": "2017-11-07 12:32:40",
    "calendarYear": "2017",
    "period": "Q3",
    "revenue": 965000000,
    "costOfRevenue": 570000000,
    "grossProfit": 395000000,
    "grossProfitRatio": 0.4093264249,
    "researchAndDevelopmentExpenses": 0,
    "generalAndAdministrativeExpenses": 76000000,
    "sellingAndMarketingExpenses": 7000000,
    "sellingGeneralAndAdministrativeExpenses": 83000000,
    "otherExpenses": 50000000,
    "operatingExpenses": 133000000,
    "costAndExpenses": 703000000,
    "interestIncome": 2000000,
    "interestExpense": 0,
    "depreciationAndAmortization": 48000000,
    "ebitda": 314000000,
    "ebitdaratio": 0.325388601,
    "operatingIncome": 262000000,
    "operatingIncomeRatio": 0.2715025907,
    "totalOtherIncomeExpensesNet": -28000000,
    "incomeBeforeTax": 234000000,
    "incomeBeforeTaxRatio": 0.2424870466,
    "incomeTaxExpense": 64000000,
    "netIncome": 170000000,
    "netIncomeRatio": 0.1761658031,
    "eps": 0.34,
    "epsdiluted": 0.34,
    "weightedAverageShsOut": 500100000,
    "weightedAverageShsOutDil": 510000000,
    "link": "https://www.sec.gov/Archives/edgar/data/1120193/000112019317000014/0001120193-17-000014-index.htm",
    "finalLink": "https://www.sec.gov/Archives/edgar/data/1120193/000112019317000014/ndaq930201710-q.htm"
  },
  {
    "date": "2017-06-30",
    "symbol": "NDAQ",
    "reportedCurrency": "USD",
    "cik": "0001120193",
    "fillingDate": "2017-08-02",
    "acceptedDate": "2017-08-02 11:49:39",
    "calendarYear": "2017",
    "period": "Q2",
    "revenue": 994000000,
    "costOfRevenue": 597000000,
    "grossProfit": 397000000,
    "grossProfitRatio": 0.3993963783,
    "researchAndDevelopmentExpenses": 0,
    "generalAndAdministrativeExpenses": 89000000,
    "sellingAndMarketingExpenses": 8000000,
    "sellingGeneralAndAdministrativeExpenses": 97000000,
    "otherExpenses": 58000000,
    "operatingExpenses": 155000000,
    "costAndExpenses": 752000000,
    "interestIncome": 3000000,
    "interestExpense": 0,
    "depreciationAndAmortization": 47000000,
    "ebitda": 292000000,
    "ebitdaratio": 0.2937625755,
    "operatingIncome": 242000000,
    "operatingIncomeRatio": 0.2434607646,
    "totalOtherIncomeExpensesNet": -31000000,
    "incomeBeforeTax": 211000000,
    "incomeBeforeTaxRatio": 0.2122736419,
    "incomeTaxExpense": 65000000,
    "netIncome": 146000000,
    "netIncomeRatio": 0.1468812877,
    "eps": 0.3,
    "epsdiluted": 0.29,
    "weightedAverageShsOut": 496200000,
    "weightedAverageShsOutDil": 505500000,
    "link": "https://www.sec.gov/Archives/edgar/data/1120193/000112019317000011/0001120193-17-000011-index.htm",
    "finalLink": "https://www.sec.gov/Archives/edgar/data/1120193/000112019317000011/ndaq630201710-q.htm"
  },
  {
    "date": "2017-03-31",
    "symbol": "NDAQ",
    "reportedCurrency": "USD",
    "cik": "0001120193",
    "fillingDate": "2017-05-10",
    "acceptedDate": "2017-05-10 13:23:28",
    "calendarYear": "2017",
    "period": "Q1",
    "revenue": 969000000,
    "costOfRevenue": 587000000,
    "grossProfit": 382000000,
    "grossProfitRatio": 0.3942208462,
    "researchAndDevelopmentExpenses": 0,
    "generalAndAdministrativeExpenses": 78000000,
    "sellingAndMarketingExpenses": 7000000,
    "sellingGeneralAndAdministrativeExpenses": 85000000,
    "otherExpenses": 51000000,
    "operatingExpenses": 136000000,
    "costAndExpenses": 723000000,
    "interestIncome": 2000000,
    "interestExpense": 0,
    "depreciationAndAmortization": 45000000,
    "ebitda": 295000000,
    "ebitdaratio": 0.3044375645,
    "operatingIncome": 246000000,
    "operatingIncomeRatio": 0.253869969,
    "totalOtherIncomeExpensesNet": -31000000,
    "incomeBeforeTax": 215000000,
    "incomeBeforeTaxRatio": 0.221878225,
    "incomeTaxExpense": 47000000,
    "netIncome": 168000000,
    "netIncomeRatio": 0.173374613,
    "eps": 0.34,
    "epsdiluted": 0.33,
    "weightedAverageShsOut": 499500000,
    "weightedAverageShsOutDil": 510600000,
    "link": "https://www.sec.gov/Archives/edgar/data/1120193/000112019317000006/0001120193-17-000006-index.htm",
    "finalLink": "https://www.sec.gov/Archives/edgar/data/1120193/000112019317000006/ndaq331201710-q.htm"
  },
  {
    "date": "2016-12-31",
    "symbol": "NDAQ",
    "reportedCurrency": "USD",
    "cik": "0001120193",
    "fillingDate": "2017-03-01",
    "acceptedDate": "2017-03-01 12:03:02",
    "calendarYear": "2016",
    "period": "Q4",
    "revenue": 973000000,
    "costOfRevenue": 599000000,
    "grossProfit": 374000000,
    "grossProfitRatio": 0.3843782117,
    "researchAndDevelopmentExpenses": 0,
    "generalAndAdministrativeExpenses": 88000000,
    "sellingAndMarketingExpenses": 8000000,
    "sellingGeneralAndAdministrativeExpenses": 96000000,
    "otherExpenses": 65000000,
    "operatingExpenses": 161000000,
    "costAndExpenses": 760000000,
    "interestIncome": 1000000,
    "interestExpense": 0,
    "depreciationAndAmortization": 45000000,
    "ebitda": -329000000,
    "ebitdaratio": -0.3381294964,
    "operatingIncome": 213000000,
    "operatingIncomeRatio": 0.2189105858,
    "totalOtherIncomeExpensesNet": -618000000,
    "incomeBeforeTax": -405000000,
    "incomeBeforeTaxRatio": -0.4162384378,
    "incomeTaxExpense": -180000000,
    "netIncome": -224000000,
    "netIncomeRatio": -0.2302158273,
    "eps": -0.45,
    "epsdiluted": -0.45,
    "weightedAverageShsOut": 497400000,
    "weightedAverageShsOutDil": 497400000,
    "link": "https://www.sec.gov/Archives/edgar/data/1120193/000112019317000003/0001120193-17-000003-index.htm",
    "finalLink": "https://www.sec.gov/Archives/edgar/data/1120193/000112019317000003/ndaq1231201610-k.htm"
  },
  {
    "date": "2016-09-30",
    "symbol": "NDAQ",
    "reportedCurrency": "USD",
    "cik": "0001120193",
    "fillingDate": "2016-11-08",
    "acceptedDate": "2016-11-08 15:51:04",
    "calendarYear": "2016",
    "period": "Q3",
    "revenue": 929000000,
    "costOfRevenue": 548000000,
    "grossProfit": 381000000,
    "grossProfitRatio": 0.4101184069,
    "researchAndDevelopmentExpenses": 0,
    "generalAndAdministrativeExpenses": 82000000,
    "sellingAndMarketingExpenses": 8000000,
    "sellingGeneralAndAdministrativeExpenses": 90000000,
    "otherExpenses": 58000000,
    "operatingExpenses": 148000000,
    "costAndExpenses": 696000000,
    "interestIncome": 1000000,
    "interestExpense": 0,
    "depreciationAndAmortization": 46000000,
    "ebitda": 282000000,
    "ebitdaratio": 0.3035522067,
    "operatingIncome": 233000000,
    "operatingIncomeRatio": 0.2508073197,
    "totalOtherIncomeExpensesNet": -34000000,
    "incomeBeforeTax": 199000000,
    "incomeBeforeTaxRatio": 0.2142088267,
    "incomeTaxExpense": 68000000,
    "netIncome": 131000000,
    "netIncomeRatio": 0.1410118407,
    "eps": 0.26,
    "epsdiluted": 0.26,
    "weightedAverageShsOut": 496800000,
    "weightedAverageShsOutDil": 508500000,
    "link": "https://www.sec.gov/Archives/edgar/data/1120193/000112019316000027/0001120193-16-000027-index.htm",
    "finalLink": "https://www.sec.gov/Archives/edgar/data/1120193/000112019316000027/ndaq-20160930x10q.htm"
  },
  {
    "date": "2016-06-30",
    "symbol": "NDAQ",
    "reportedCurrency": "USD",
    "cik": "0001120193",
    "fillingDate": "2016-08-03",
    "acceptedDate": "2016-08-03 10:55:04",
    "calendarYear": "2016",
    "period": "Q2",
    "revenue": 897000000,
    "costOfRevenue": 535000000,
    "grossProfit": 362000000,
    "grossProfitRatio": 0.403567447,
    "researchAndDevelopmentExpenses": 0,
    "generalAndAdministrativeExpenses": 71000000,
    "sellingAndMarketingExpenses": 8000000,
    "sellingGeneralAndAdministrativeExpenses": 79000000,
    "otherExpenses": 109000000,
    "operatingExpenses": 188000000,
    "costAndExpenses": 723000000,
    "interestIncome": 1000000,
    "interestExpense": 32000000,
    "depreciationAndAmortization": 41000000,
    "ebitda": 219000000,
    "ebitdaratio": 0.2441471572,
    "operatingIncome": 174000000,
    "operatingIncomeRatio": 0.1939799331,
    "totalOtherIncomeExpensesNet": -28000000,
    "incomeBeforeTax": 146000000,
    "incomeBeforeTaxRatio": 0.1627647715,
    "incomeTaxExpense": 76000000,
    "netIncome": 70000000,
    "netIncomeRatio": 0.0780379041,
    "eps": 0.14,
    "epsdiluted": 0.14,
    "weightedAverageShsOut": 495000000,
    "weightedAverageShsOutDil": 504600000,
    "link": "https://www.sec.gov/Archives/edgar/data/1120193/000112019316000024/0001120193-16-000024-index.htm",
    "finalLink": "https://www.sec.gov/Archives/edgar/data/1120193/000112019316000024/ndaq-20160630x10q.htm"
  },
  {
    "date": "2016-03-31",
    "symbol": "NDAQ",
    "reportedCurrency": "USD",
    "cik": "0001120193",
    "fillingDate": "2016-05-05",
    "acceptedDate": "2016-05-05 12:35:52",
    "calendarYear": "2016",
    "period": "Q1",
    "revenue": 905000000,
    "costOfRevenue": 555000000,
    "grossProfit": 350000000,
    "grossProfitRatio": 0.3867403315,
    "researchAndDevelopmentExpenses": 0,
    "generalAndAdministrativeExpenses": 69000000,
    "sellingAndMarketingExpenses": 6000000,
    "sellingGeneralAndAdministrativeExpenses": 75000000,
    "otherExpenses": 56000000,
    "operatingExpenses": 131000000,
    "costAndExpenses": 686000000,
    "interestIncome": 1000000,
    "interestExpense": 28000000,
    "depreciationAndAmortization": 38000000,
    "ebitda": 261000000,
    "ebitdaratio": 0.2883977901,
    "operatingIncome": 219000000,
    "operatingIncomeRatio": 0.2419889503,
    "totalOtherIncomeExpensesNet": -24000000,
    "incomeBeforeTax": 195000000,
    "incomeBeforeTaxRatio": 0.2154696133,
    "incomeTaxExpense": 63000000,
    "netIncome": 132000000,
    "netIncomeRatio": 0.1458563536,
    "eps": 0.27,
    "epsdiluted": 0.26,
    "weightedAverageShsOut": 492900000,
    "weightedAverageShsOutDil": 505200000,
    "link": "https://www.sec.gov/Archives/edgar/data/1120193/000112019316000022/0001120193-16-000022-index.htm",
    "finalLink": "https://www.sec.gov/Archives/edgar/data/1120193/000112019316000022/ndaq-20160331x10q.htm"
  },
  {
    "date": "2015-12-31",
    "symbol": "NDAQ",
    "reportedCurrency": "USD",
    "cik": "0001120193",
    "fillingDate": "2016-02-26",
    "acceptedDate": "2016-02-26 11:07:40",
    "calendarYear": "2015",
    "period": "Q4",
    "revenue": 865000000,
    "costOfRevenue": 511000000,
    "grossProfit": 354000000,
    "grossProfitRatio": 0.4092485549,
    "researchAndDevelopmentExpenses": 0,
    "generalAndAdministrativeExpenses": 50000000,
    "sellingAndMarketingExpenses": 8000000,
    "sellingGeneralAndAdministrativeExpenses": 58000000,
    "otherExpenses": 51000000,
    "operatingExpenses": 109000000,
    "costAndExpenses": 620000000,
    "interestIncome": 1000000,
    "interestExpense": 23000000,
    "depreciationAndAmortization": 36000000,
    "ebitda": 278000000,
    "ebitdaratio": 0.3213872832,
    "operatingIncome": 245000000,
    "operatingIncomeRatio": 0.2832369942,
    "totalOtherIncomeExpensesNet": -26000000,
    "incomeBeforeTax": 219000000,
    "incomeBeforeTaxRatio": 0.2531791908,
    "incomeTaxExpense": 71000000,
    "netIncome": 148000000,
    "netIncomeRatio": 0.1710982659,
    "eps": 0.3,
    "epsdiluted": 0.29,
    "weightedAverageShsOut": 493800000,
    "weightedAverageShsOutDil": 506700000,
    "link": "https://www.sec.gov/Archives/edgar/data/1120193/000112019316000020/0001120193-16-000020-index.htm",
    "finalLink": "https://www.sec.gov/Archives/edgar/data/1120193/000112019316000020/ndaq-20151231x10k.htm"
  },
  {
    "date": "2015-09-30",
    "symbol": "NDAQ",
    "reportedCurrency": "USD",
    "cik": "0001120193",
    "fillingDate": "2015-11-04",
    "acceptedDate": "2015-11-04 16:14:17",
    "calendarYear": "2015",
    "period": "Q3",
    "revenue": 871000000,
    "costOfRevenue": 522000000,
    "grossProfit": 349000000,
    "grossProfitRatio": 0.4006888634,
    "researchAndDevelopmentExpenses": 0,
    "generalAndAdministrativeExpenses": 66000000,
    "sellingAndMarketingExpenses": 6000000,
    "sellingGeneralAndAdministrativeExpenses": 72000000,
    "otherExpenses": 46000000,
    "operatingExpenses": 118000000,
    "costAndExpenses": 640000000,
    "interestIncome": 1000000,
    "interestExpense": 28000000,
    "depreciationAndAmortization": 35000000,
    "ebitda": 269000000,
    "ebitdaratio": 0.3088404133,
    "operatingIncome": 231000000,
    "operatingIncomeRatio": 0.2652123995,
    "totalOtherIncomeExpensesNet": -25000000,
    "incomeBeforeTax": 206000000,
    "incomeBeforeTaxRatio": 0.2365097589,
    "incomeTaxExpense": 68000000,
    "netIncome": 138000000,
    "netIncomeRatio": 0.1584385763,
    "eps": 0.28,
    "epsdiluted": 0.27,
    "weightedAverageShsOut": 500700000,
    "weightedAverageShsOutDil": 514500000,
    "link": "https://www.sec.gov/Archives/edgar/data/1120193/000112019315000018/0001120193-15-000018-index.htm",
    "finalLink": "https://www.sec.gov/Archives/edgar/data/1120193/000112019315000018/ndaq-20150930x10q.htm"
  },
  {
    "date": "2015-06-30",
    "symbol": "NDAQ",
    "reportedCurrency": "USD",
    "cik": "0001120193",
    "fillingDate": "2015-08-06",
    "acceptedDate": "2015-08-06 11:29:38",
    "calendarYear": "2015",
    "period": "Q2",
    "revenue": 807000000,
    "costOfRevenue": 463000000,
    "grossProfit": 344000000,
    "grossProfitRatio": 0.4262701363,
    "researchAndDevelopmentExpenses": 0,
    "generalAndAdministrativeExpenses": 82000000,
    "sellingAndMarketingExpenses": 6000000,
    "sellingGeneralAndAdministrativeExpenses": 88000000,
    "otherExpenses": 39000000,
    "operatingExpenses": 127000000,
    "costAndExpenses": 590000000,
    "interestIncome": 1000000,
    "interestExpense": 27000000,
    "depreciationAndAmortization": 33000000,
    "ebitda": 253000000,
    "ebitdaratio": 0.3135068154,
    "operatingIncome": 217000000,
    "operatingIncomeRatio": 0.2688971499,
    "totalOtherIncomeExpensesNet": -25000000,
    "incomeBeforeTax": 192000000,
    "incomeBeforeTaxRatio": 0.2379182156,
    "incomeTaxExpense": 60000000,
    "netIncome": 133000000,
    "netIncomeRatio": 0.1648079306,
    "eps": 0.26,
    "epsdiluted": 0.26,
    "weightedAverageShsOut": 506100000,
    "weightedAverageShsOutDil": 516300000,
    "link": "https://www.sec.gov/Archives/edgar/data/1120193/000112019315000007/0001120193-15-000007-index.htm",
    "finalLink": "https://www.sec.gov/Archives/edgar/data/1120193/000112019315000007/ndaq-20150630x10q.htm"
  },
  {
    "date": "2015-03-31",
    "symbol": "NDAQ",
    "reportedCurrency": "USD",
    "cik": "0001120193",
    "fillingDate": "2015-05-06",
    "acceptedDate": "2015-05-06 12:05:30",
    "calendarYear": "2015",
    "period": "Q1",
    "revenue": 858000000,
    "costOfRevenue": 540000000,
    "grossProfit": 318000000,
    "grossProfitRatio": 0.3706293706,
    "researchAndDevelopmentExpenses": 0,
    "generalAndAdministrativeExpenses": 100000000,
    "sellingAndMarketingExpenses": 7000000,
    "sellingGeneralAndAdministrativeExpenses": 107000000,
    "otherExpenses": 184000000,
    "operatingExpenses": 291000000,
    "costAndExpenses": 831000000,
    "interestIncome": 1000000,
    "interestExpense": 28000000,
    "depreciationAndAmortization": 34000000,
    "ebitda": 76000000,
    "ebitdaratio": 0.0885780886,
    "operatingIncome": 27000000,
    "operatingIncomeRatio": 0.0314685315,
    "totalOtherIncomeExpensesNet": -13000000,
    "incomeBeforeTax": 14000000,
    "incomeBeforeTaxRatio": 0.0163170163,
    "incomeTaxExpense": 5000000,
    "netIncome": 9000000,
    "netIncomeRatio": 0.0104895105,
    "eps": 0.0167,
    "epsdiluted": 0.0167,
    "weightedAverageShsOut": 507000000,
    "weightedAverageShsOutDil": 518100000,
    "link": "https://www.sec.gov/Archives/edgar/data/1120193/000112019315000005/0001120193-15-000005-index.htm",
    "finalLink": "https://www.sec.gov/Archives/edgar/data/1120193/000112019315000005/ndaq-20150331x10q.htm"
  },
  {
    "date": "2014-12-31",
    "symbol": "NDAQ",
    "reportedCurrency": "USD",
    "cik": "0001120193",
    "fillingDate": "2015-02-17",
    "acceptedDate": "2015-02-17 15:34:58",
    "calendarYear": "2014",
    "period": "Q4",
    "revenue": 920000000,
    "costOfRevenue": 582000000,
    "grossProfit": 338000000,
    "grossProfitRatio": 0.3673913043,
    "researchAndDevelopmentExpenses": 0,
    "generalAndAdministrativeExpenses": 88000000,
    "sellingAndMarketingExpenses": 9000000,
    "sellingGeneralAndAdministrativeExpenses": 97000000,
    "otherExpenses": 68000000,
    "operatingExpenses": 165000000,
    "costAndExpenses": 747000000,
    "interestIncome": 2000000,
    "interestExpense": 29000000,
    "depreciationAndAmortization": 33000000,
    "ebitda": 159000000,
    "ebitdaratio": 0.172826087,
    "operatingIncome": 173000000,
    "operatingIncomeRatio": 0.1880434783,
    "totalOtherIncomeExpensesNet": -76000000,
    "incomeBeforeTax": 97000000,
    "incomeBeforeTaxRatio": 0.1054347826,
    "incomeTaxExpense": 11000000,
    "netIncome": 86000000,
    "netIncomeRatio": 0.0934782609,
    "eps": 0.17,
    "epsdiluted": 0.17,
    "weightedAverageShsOut": 504600000,
    "weightedAverageShsOutDil": 517500000,
    "link": "https://www.sec.gov/Archives/edgar/data/1120193/000112019315000003/0001120193-15-000003-index.htm",
    "finalLink": "https://www.sec.gov/Archives/edgar/data/1120193/000112019315000003/ndaq-20141231x10k.htm"
  },
  {
    "date": "2014-09-30",
    "symbol": "NDAQ",
    "reportedCurrency": "USD",
    "cik": "0001120193",
    "fillingDate": "2014-11-05",
    "acceptedDate": "2014-11-05 16:09:50",
    "calendarYear": "2014",
    "period": "Q3",
    "revenue": 818000000,
    "costOfRevenue": 486000000,
    "grossProfit": 332000000,
    "grossProfitRatio": 0.4058679707,
    "researchAndDevelopmentExpenses": 0,
    "generalAndAdministrativeExpenses": 81000000,
    "sellingAndMarketingExpenses": 5000000,
    "sellingGeneralAndAdministrativeExpenses": 86000000,
    "otherExpenses": 39000000,
    "operatingExpenses": 125000000,
    "costAndExpenses": 611000000,
    "interestIncome": 1000000,
    "interestExpense": 29000000,
    "depreciationAndAmortization": 35000000,
    "ebitda": 243000000,
    "ebitdaratio": 0.2970660147,
    "operatingIncome": 207000000,
    "operatingIncomeRatio": 0.2530562347,
    "totalOtherIncomeExpensesNet": -28000000,
    "incomeBeforeTax": 179000000,
    "incomeBeforeTaxRatio": 0.2188264059,
    "incomeTaxExpense": 56000000,
    "netIncome": 123000000,
    "netIncomeRatio": 0.1503667482,
    "eps": 0.24,
    "epsdiluted": 0.24,
    "weightedAverageShsOut": 505800000,
    "weightedAverageShsOutDil": 519600000,
    "link": "https://www.sec.gov/Archives/edgar/data/1120193/000112019314000008/0001120193-14-000008-index.htm",
    "finalLink": "https://www.sec.gov/Archives/edgar/data/1120193/000112019314000008/ndaq-20140930x10q.htm"
  },
  {
    "date": "2014-06-30",
    "symbol": "NDAQ",
    "reportedCurrency": "USD",
    "cik": "0001120193",
    "fillingDate": "2014-08-06",
    "acceptedDate": "2014-08-06 11:20:32",
    "calendarYear": "2014",
    "period": "Q2",
    "revenue": 865000000,
    "costOfRevenue": 517000000,
    "grossProfit": 348000000,
    "grossProfitRatio": 0.4023121387,
    "researchAndDevelopmentExpenses": 0,
    "generalAndAdministrativeExpenses": 99000000,
    "sellingAndMarketingExpenses": 9000000,
    "sellingGeneralAndAdministrativeExpenses": 108000000,
    "otherExpenses": 49000000,
    "operatingExpenses": 157000000,
    "costAndExpenses": 674000000,
    "interestIncome": 1000000,
    "interestExpense": 30000000,
    "depreciationAndAmortization": 34000000,
    "ebitda": 227000000,
    "ebitdaratio": 0.2624277457,
    "operatingIncome": 191000000,
    "operatingIncomeRatio": 0.2208092486,
    "totalOtherIncomeExpensesNet": -29000000,
    "incomeBeforeTax": 162000000,
    "incomeBeforeTaxRatio": 0.187283237,
    "incomeTaxExpense": 61000000,
    "netIncome": 101000000,
    "netIncomeRatio": 0.1167630058,
    "eps": 0.2,
    "epsdiluted": 0.2,
    "weightedAverageShsOut": 507900000,
    "weightedAverageShsOutDil": 517500000,
    "link": "https://www.sec.gov/Archives/edgar/data/1120193/000112019314000006/0001120193-14-000006-index.htm",
    "finalLink": "https://www.sec.gov/Archives/edgar/data/1120193/000112019314000006/ndaq-20140630x10q.htm"
  },
  {
    "date": "2014-03-31",
    "symbol": "NDAQ",
    "reportedCurrency": "USD",
    "cik": "0001120193",
    "fillingDate": "2014-05-09",
    "acceptedDate": "2014-05-09 10:20:30",
    "calendarYear": "2014",
    "period": "Q1",
    "revenue": 898000000,
    "costOfRevenue": 556000000,
    "grossProfit": 342000000,
    "grossProfitRatio": 0.3808463252,
    "researchAndDevelopmentExpenses": 0,
    "generalAndAdministrativeExpenses": 87000000,
    "sellingAndMarketingExpenses": 8000000,
    "sellingGeneralAndAdministrativeExpenses": 95000000,
    "otherExpenses": 63000000,
    "operatingExpenses": 158000000,
    "costAndExpenses": 714000000,
    "interestIncome": 2000000,
    "interestExpense": 30000000,
    "depreciationAndAmortization": 35000000,
    "ebitda": 221000000,
    "ebitdaratio": 0.2461024499,
    "operatingIncome": 184000000,
    "operatingIncomeRatio": 0.2048997773,
    "totalOtherIncomeExpensesNet": -28000000,
    "incomeBeforeTax": 156000000,
    "incomeBeforeTaxRatio": 0.1737193764,
    "incomeTaxExpense": 53000000,
    "netIncome": 103000000,
    "netIncomeRatio": 0.1146993318,
    "eps": 0.2,
    "epsdiluted": 0.2,
    "weightedAverageShsOut": 508800000,
    "weightedAverageShsOutDil": 521100000,
    "link": "https://www.sec.gov/Archives/edgar/data/1120193/000112019314000004/0001120193-14-000004-index.htm",
    "finalLink": "https://www.sec.gov/Archives/edgar/data/1120193/000112019314000004/ndaq-20140331x10q.htm"
  },
  {
    "date": "2013-12-31",
    "symbol": "NDAQ",
    "reportedCurrency": "USD",
    "cik": "0001120193",
    "fillingDate": "2014-02-24",
    "acceptedDate": "2014-02-24 10:57:50",
    "calendarYear": "2013",
    "period": "Q4",
    "revenue": 849000000,
    "costOfRevenue": 505000000,
    "grossProfit": 344000000,
    "grossProfitRatio": 0.4051825677,
    "researchAndDevelopmentExpenses": 0,
    "generalAndAdministrativeExpenses": 93000000,
    "sellingAndMarketingExpenses": 8000000,
    "sellingGeneralAndAdministrativeExpenses": 101000000,
    "otherExpenses": 5000000,
    "operatingExpenses": 106000000,
    "costAndExpenses": 611000000,
    "interestIncome": 2000000,
    "interestExpense": 30000000,
    "depreciationAndAmortization": 34000000,
    "ebitda": 299000000,
    "ebitdaratio": 0.3521790342,
    "operatingIncome": 238000000,
    "operatingIncomeRatio": 0.2803297998,
    "totalOtherIncomeExpensesNet": -3000000,
    "incomeBeforeTax": 235000000,
    "incomeBeforeTaxRatio": 0.2767962309,
    "incomeTaxExpense": 94000000,
    "netIncome": 141000000,
    "netIncomeRatio": 0.1660777385,
    "eps": 0.28,
    "epsdiluted": 0.27,
    "weightedAverageShsOut": 504900000,
    "weightedAverageShsOutDil": 519300000,
    "link": "https://www.sec.gov/Archives/edgar/data/1120193/000112019314000002/0001120193-14-000002-index.htm",
    "finalLink": "https://www.sec.gov/Archives/edgar/data/1120193/000112019314000002/ndaq-20131231x10k.htm"
  },
  {
    "date": "2013-09-30",
    "symbol": "NDAQ",
    "reportedCurrency": "USD",
    "cik": "0001120193",
    "fillingDate": "2013-11-07",
    "acceptedDate": "2013-11-07 11:19:28",
    "calendarYear": "2013",
    "period": "Q3",
    "revenue": 805000000,
    "costOfRevenue": 479000000,
    "grossProfit": 326000000,
    "grossProfitRatio": 0.4049689441,
    "researchAndDevelopmentExpenses": 0,
    "generalAndAdministrativeExpenses": 84000000,
    "sellingAndMarketingExpenses": 7000000,
    "sellingGeneralAndAdministrativeExpenses": 91000000,
    "otherExpenses": 33000000,
    "operatingExpenses": 124000000,
    "costAndExpenses": 603000000,
    "interestIncome": 2000000,
    "interestExpense": 32000000,
    "depreciationAndAmortization": 33000000,
    "ebitda": 236000000,
    "ebitdaratio": 0.2931677019,
    "operatingIncome": 202000000,
    "operatingIncomeRatio": 0.250931677,
    "totalOtherIncomeExpensesNet": -31000000,
    "incomeBeforeTax": 171000000,
    "incomeBeforeTaxRatio": 0.2124223602,
    "incomeTaxExpense": 58000000,
    "netIncome": 113000000,
    "netIncomeRatio": 0.1403726708,
    "eps": 0.23,
    "epsdiluted": 0.22,
    "weightedAverageShsOut": 501900000,
    "weightedAverageShsOutDil": 516300000,
    "link": "https://www.sec.gov/Archives/edgar/data/1120193/000112019313000013/0001120193-13-000013-index.htm",
    "finalLink": "https://www.sec.gov/Archives/edgar/data/1120193/000112019313000013/ndaq-20130930x10q.htm"
  },
  {
    "date": "2013-06-30",
    "symbol": "NDAQ",
    "reportedCurrency": "USD",
    "cik": "0001120193",
    "fillingDate": "2013-08-08",
    "acceptedDate": "2013-08-08 13:10:23",
    "calendarYear": "2013",
    "period": "Q2",
    "revenue": 814000000,
    "costOfRevenue": 517000000,
    "grossProfit": 297000000,
    "grossProfitRatio": 0.3648648649,
    "researchAndDevelopmentExpenses": 0,
    "generalAndAdministrativeExpenses": 77000000,
    "sellingAndMarketingExpenses": 8000000,
    "sellingGeneralAndAdministrativeExpenses": 85000000,
    "otherExpenses": 53000000,
    "operatingExpenses": 138000000,
    "costAndExpenses": 655000000,
    "interestIncome": 2000000,
    "interestExpense": 26000000,
    "depreciationAndAmortization": 28000000,
    "ebitda": 189000000,
    "ebitdaratio": 0.2321867322,
    "operatingIncome": 159000000,
    "operatingIncomeRatio": 0.1953316953,
    "totalOtherIncomeExpensesNet": -24000000,
    "incomeBeforeTax": 135000000,
    "incomeBeforeTaxRatio": 0.1658476658,
    "incomeTaxExpense": 47000000,
    "netIncome": 88000000,
    "netIncomeRatio": 0.1081081081,
    "eps": 0.18,
    "epsdiluted": 0.17,
    "weightedAverageShsOut": 499200000,
    "weightedAverageShsOutDil": 510300000,
    "link": "https://www.sec.gov/Archives/edgar/data/1120193/000112019313000011/0001120193-13-000011-index.htm",
    "finalLink": "https://www.sec.gov/Archives/edgar/data/1120193/000112019313000011/ndaq-20130630x10q.htm"
  },
  {
    "date": "2013-03-31",
    "symbol": "NDAQ",
    "reportedCurrency": "USD",
    "cik": "0001120193",
    "fillingDate": "2013-05-07",
    "acceptedDate": "2013-05-07 14:50:38",
    "calendarYear": "2013",
    "period": "Q1",
    "revenue": 744000000,
    "costOfRevenue": 465000000,
    "grossProfit": 279000000,
    "grossProfitRatio": 0.375,
    "researchAndDevelopmentExpenses": 0,
    "generalAndAdministrativeExpenses": 76000000,
    "sellingAndMarketingExpenses": 7000000,
    "sellingGeneralAndAdministrativeExpenses": 83000000,
    "otherExpenses": 106000000,
    "operatingExpenses": 189000000,
    "costAndExpenses": 654000000,
    "interestIncome": 3000000,
    "interestExpense": 24000000,
    "depreciationAndAmortization": 27000000,
    "ebitda": 110000000,
    "ebitdaratio": 0.1478494624,
    "operatingIncome": 90000000,
    "operatingIncomeRatio": 0.1209677419,
    "totalOtherIncomeExpensesNet": -31000000,
    "incomeBeforeTax": 59000000,
    "incomeBeforeTaxRatio": 0.0793010753,
    "incomeTaxExpense": 17000000,
    "netIncome": 42000000,
    "netIncomeRatio": 0.0564516129,
    "eps": 0.0867,
    "epsdiluted": 0.0833,
    "weightedAverageShsOut": 497100000,
    "weightedAverageShsOutDil": 509100000,
    "link": "https://www.sec.gov/Archives/edgar/data/1120193/000112019313000007/0001120193-13-000007-index.htm",
    "finalLink": "https://www.sec.gov/Archives/edgar/data/1120193/000112019313000007/ndaq-20130331x10q.htm"
  },
  {
    "date": "2012-12-31",
    "symbol": "NDAQ",
    "reportedCurrency": "USD",
    "cik": "0001120193",
    "fillingDate": "2013-02-21",
    "acceptedDate": "2013-02-21 16:24:51",
    "calendarYear": "2012",
    "period": "Q4",
    "revenue": 752000000,
    "costOfRevenue": 881000000,
    "grossProfit": -129000000,
    "grossProfitRatio": -0.1715425532,
    "researchAndDevelopmentExpenses": 0,
    "generalAndAdministrativeExpenses": -348000000,
    "sellingAndMarketingExpenses": 6000000,
    "sellingGeneralAndAdministrativeExpenses": -342000000,
    "otherExpenses": 39000000,
    "operatingExpenses": -303000000,
    "costAndExpenses": 578000000,
    "interestIncome": 4000000,
    "interestExpense": 24000000,
    "depreciationAndAmortization": 27000000,
    "ebitda": 204000000,
    "ebitdaratio": 0.2712765957,
    "operatingIncome": 174000000,
    "operatingIncomeRatio": 0.2313829787,
    "totalOtherIncomeExpensesNet": -21000000,
    "incomeBeforeTax": 153000000,
    "incomeBeforeTaxRatio": 0.2034574468,
    "incomeTaxExpense": 68000000,
    "netIncome": 86000000,
    "netIncomeRatio": 0.1143617021,
    "eps": 0.17,
    "epsdiluted": 0.17,
    "weightedAverageShsOut": 493500000,
    "weightedAverageShsOutDil": 507300000,
    "link": "https://www.sec.gov/Archives/edgar/data/1120193/000119312513069357/0001193125-13-069357-index.htm",
    "finalLink": "https://www.sec.gov/Archives/edgar/data/1120193/000119312513069357/d445717d10k.htm"
  },
  {
    "date": "2012-09-30",
    "symbol": "NDAQ",
    "reportedCurrency": "USD",
    "cik": "0001120193",
    "fillingDate": "2012-11-07",
    "acceptedDate": "2012-11-07 16:20:04",
    "calendarYear": "2012",
    "period": "Q3",
    "revenue": 746000000,
    "costOfRevenue": 473000000,
    "grossProfit": 273000000,
    "grossProfitRatio": 0.3659517426,
    "researchAndDevelopmentExpenses": 0,
    "generalAndAdministrativeExpenses": 64000000,
    "sellingAndMarketingExpenses": 6000000,
    "sellingGeneralAndAdministrativeExpenses": 70000000,
    "otherExpenses": 33000000,
    "operatingExpenses": 103000000,
    "costAndExpenses": 576000000,
    "interestIncome": 2000000,
    "interestExpense": 24000000,
    "depreciationAndAmortization": 26000000,
    "ebitda": 184000000,
    "ebitdaratio": 0.2466487936,
    "operatingIncome": 170000000,
    "operatingIncomeRatio": 0.2278820375,
    "totalOtherIncomeExpensesNet": -36000000,
    "incomeBeforeTax": 134000000,
    "incomeBeforeTaxRatio": 0.1796246649,
    "incomeTaxExpense": 45000000,
    "netIncome": 89000000,
    "netIncomeRatio": 0.1193029491,
    "eps": 0.18,
    "epsdiluted": 0.17,
    "weightedAverageShsOut": 498705798,
    "weightedAverageShsOutDil": 511558698,
    "link": "https://www.sec.gov/Archives/edgar/data/1120193/000119312512457492/0001193125-12-457492-index.htm",
    "finalLink": "https://www.sec.gov/Archives/edgar/data/1120193/000119312512457492/d404608d10q.htm"
  },
  {
    "date": "2012-06-30",
    "symbol": "NDAQ",
    "reportedCurrency": "USD",
    "cik": "0001120193",
    "fillingDate": "2012-08-03",
    "acceptedDate": "2012-08-03 13:28:49",
    "calendarYear": "2012",
    "period": "Q2",
    "revenue": 815000000,
    "costOfRevenue": 527000000,
    "grossProfit": 288000000,
    "grossProfitRatio": 0.3533742331,
    "researchAndDevelopmentExpenses": 0,
    "generalAndAdministrativeExpenses": 64000000,
    "sellingAndMarketingExpenses": 6000000,
    "sellingGeneralAndAdministrativeExpenses": 70000000,
    "otherExpenses": 43000000,
    "operatingExpenses": 113000000,
    "costAndExpenses": 640000000,
    "interestIncome": 2000000,
    "interestExpense": 24000000,
    "depreciationAndAmortization": 25000000,
    "ebitda": 174000000,
    "ebitdaratio": 0.2134969325,
    "operatingIncome": 175000000,
    "operatingIncomeRatio": 0.2147239264,
    "totalOtherIncomeExpensesNet": -50000000,
    "incomeBeforeTax": 125000000,
    "incomeBeforeTaxRatio": 0.1533742331,
    "incomeTaxExpense": 33000000,
    "netIncome": 93000000,
    "netIncomeRatio": 0.1141104294,
    "eps": 0.18,
    "epsdiluted": 0.18,
    "weightedAverageShsOut": 507000000,
    "weightedAverageShsOutDil": 519000000,
    "link": "https://www.sec.gov/Archives/edgar/data/1120193/000119312512334281/0001193125-12-334281-index.htm",
    "finalLink": "https://www.sec.gov/Archives/edgar/data/1120193/000119312512334281/d359026d10q.htm"
  },
  {
    "date": "2012-03-31",
    "symbol": "NDAQ",
    "reportedCurrency": "USD",
    "cik": "0001120193",
    "fillingDate": "2012-05-08",
    "acceptedDate": "2012-05-08 11:10:59",
    "calendarYear": "2012",
    "period": "Q1",
    "revenue": 804000000,
    "costOfRevenue": 528000000,
    "grossProfit": 276000000,
    "grossProfitRatio": 0.3432835821,
    "researchAndDevelopmentExpenses": 0,
    "generalAndAdministrativeExpenses": 62000000,
    "sellingAndMarketingExpenses": 6000000,
    "sellingGeneralAndAdministrativeExpenses": 68000000,
    "otherExpenses": 37000000,
    "operatingExpenses": 105000000,
    "costAndExpenses": 633000000,
    "interestIncome": 2000000,
    "interestExpense": 24000000,
    "depreciationAndAmortization": 26000000,
    "ebitda": 187000000,
    "ebitdaratio": 0.2325870647,
    "operatingIncome": 171000000,
    "operatingIncomeRatio": 0.2126865672,
    "totalOtherIncomeExpensesNet": -34000000,
    "incomeBeforeTax": 137000000,
    "incomeBeforeTaxRatio": 0.17039801,
    "incomeTaxExpense": 53000000,
    "netIncome": 85000000,
    "netIncomeRatio": 0.105721393,
    "eps": 0.16,
    "epsdiluted": 0.16,
    "weightedAverageShsOut": 519000000,
    "weightedAverageShsOutDil": 534000000,
    "link": "https://www.sec.gov/Archives/edgar/data/1120193/000119312512217277/0001193125-12-217277-index.htm",
    "finalLink": "https://www.sec.gov/Archives/edgar/data/1120193/000119312512217277/d313678d10q.htm"
  },
  {
    "date": "2011-12-31",
    "symbol": "NDAQ",
    "reportedCurrency": "USD",
    "cik": "0001120193",
    "fillingDate": "2012-02-24",
    "acceptedDate": "2012-02-24 13:15:31",
    "calendarYear": "2011",
    "period": "Q4",
    "revenue": 837000000,
    "costOfRevenue": 416000000,
    "grossProfit": 421000000,
    "grossProfitRatio": 0.5029868578,
    "researchAndDevelopmentExpenses": 0,
    "generalAndAdministrativeExpenses": 224000000,
    "sellingAndMarketingExpenses": 9000000,
    "sellingGeneralAndAdministrativeExpenses": 233000000,
    "otherExpenses": 28000000,
    "operatingExpenses": 261000000,
    "costAndExpenses": 677000000,
    "interestIncome": 3000000,
    "interestExpense": 26000000,
    "depreciationAndAmortization": 28000000,
    "ebitda": 174000000,
    "ebitdaratio": 0.2078853047,
    "operatingIncome": 160000000,
    "operatingIncomeRatio": 0.1911589008,
    "totalOtherIncomeExpensesNet": -40000000,
    "incomeBeforeTax": 120000000,
    "incomeBeforeTaxRatio": 0.1433691756,
    "incomeTaxExpense": 39000000,
    "netIncome": 81000000,
    "netIncomeRatio": 0.0967741935,
    "eps": 0.16,
    "epsdiluted": 0.16,
    "weightedAverageShsOut": 519000000,
    "weightedAverageShsOutDil": 519000000,
    "link": "https://www.sec.gov/Archives/edgar/data/1120193/000119312512077518/0001193125-12-077518-index.htm",
    "finalLink": "https://www.sec.gov/Archives/edgar/data/1120193/000119312512077518/d259668d10k.htm"
  },
  {
    "date": "2011-09-30",
    "symbol": "NDAQ",
    "reportedCurrency": "USD",
    "cik": "0001120193",
    "fillingDate": "2011-11-04",
    "acceptedDate": "2011-11-04 13:25:49",
    "calendarYear": "2011",
    "period": "Q3",
    "revenue": 944000000,
    "costOfRevenue": 508000000,
    "grossProfit": 436000000,
    "grossProfitRatio": 0.4618644068,
    "researchAndDevelopmentExpenses": 0,
    "generalAndAdministrativeExpenses": 206000000,
    "sellingAndMarketingExpenses": 4000000,
    "sellingGeneralAndAdministrativeExpenses": 210000000,
    "otherExpenses": 31000000,
    "operatingExpenses": 241000000,
    "costAndExpenses": 749000000,
    "interestIncome": 3000000,
    "interestExpense": 30000000,
    "depreciationAndAmortization": 28000000,
    "ebitda": 228000000,
    "ebitdaratio": 0.2415254237,
    "operatingIncome": 195000000,
    "operatingIncomeRatio": 0.2065677966,
    "totalOtherIncomeExpensesNet": -25000000,
    "incomeBeforeTax": 170000000,
    "incomeBeforeTaxRatio": 0.1800847458,
    "incomeTaxExpense": 61000000,
    "netIncome": 110000000,
    "netIncomeRatio": 0.1165254237,
    "eps": 0.21,
    "epsdiluted": 0.2,
    "weightedAverageShsOut": 531291843,
    "weightedAverageShsOutDil": 542773326,
    "link": "https://www.sec.gov/Archives/edgar/data/1120193/000119312511297029/0001193125-11-297029-index.htm",
    "finalLink": "https://www.sec.gov/Archives/edgar/data/1120193/000119312511297029/d222777d10q.htm"
  },
  {
    "date": "2011-06-30",
    "symbol": "NDAQ",
    "reportedCurrency": "USD",
    "cik": "0001120193",
    "fillingDate": "2011-08-04",
    "acceptedDate": "2011-08-04 09:37:28",
    "calendarYear": "2011",
    "period": "Q2",
    "revenue": 837000000,
    "costOfRevenue": 422000000,
    "grossProfit": 415000000,
    "grossProfitRatio": 0.495818399,
    "researchAndDevelopmentExpenses": 0,
    "generalAndAdministrativeExpenses": 197000000,
    "sellingAndMarketingExpenses": 5000000,
    "sellingGeneralAndAdministrativeExpenses": 202000000,
    "otherExpenses": 55000000,
    "operatingExpenses": 257000000,
    "costAndExpenses": 679000000,
    "interestIncome": 3000000,
    "interestExpense": 31000000,
    "depreciationAndAmortization": 26000000,
    "ebitda": 188000000,
    "ebitdaratio": 0.2246117085,
    "operatingIncome": 158000000,
    "operatingIncomeRatio": 0.1887694146,
    "totalOtherIncomeExpensesNet": -27000000,
    "incomeBeforeTax": 131000000,
    "incomeBeforeTaxRatio": 0.1565113501,
    "incomeTaxExpense": 40000000,
    "netIncome": 92000000,
    "netIncomeRatio": 0.109916368,
    "eps": 0.17,
    "epsdiluted": 0.17,
    "weightedAverageShsOut": 531000000,
    "weightedAverageShsOutDil": 543000000,
    "link": "https://www.sec.gov/Archives/edgar/data/1120193/000119312511209461/0001193125-11-209461-index.htm",
    "finalLink": "https://www.sec.gov/Archives/edgar/data/1120193/000119312511209461/d10q.htm"
  },
  {
    "date": "2011-03-31",
    "symbol": "NDAQ",
    "reportedCurrency": "USD",
    "cik": "0001120193",
    "fillingDate": "2011-05-05",
    "acceptedDate": "2011-05-05 13:39:35",
    "calendarYear": "2011",
    "period": "Q1",
    "revenue": 815000000,
    "costOfRevenue": 402000000,
    "grossProfit": 413000000,
    "grossProfitRatio": 0.5067484663,
    "researchAndDevelopmentExpenses": 0,
    "generalAndAdministrativeExpenses": 193000000,
    "sellingAndMarketingExpenses": 5000000,
    "sellingGeneralAndAdministrativeExpenses": 198000000,
    "otherExpenses": 32000000,
    "operatingExpenses": 230000000,
    "costAndExpenses": 632000000,
    "interestIncome": 2000000,
    "interestExpense": 32000000,
    "depreciationAndAmortization": 27000000,
    "ebitda": 211000000,
    "ebitdaratio": 0.2588957055,
    "operatingIncome": 183000000,
    "operatingIncomeRatio": 0.2245398773,
    "totalOtherIncomeExpensesNet": -31000000,
    "incomeBeforeTax": 152000000,
    "incomeBeforeTaxRatio": 0.1865030675,
    "incomeTaxExpense": 49000000,
    "netIncome": 104000000,
    "netIncomeRatio": 0.127607362,
    "eps": 0.2,
    "epsdiluted": 0.19,
    "weightedAverageShsOut": 528000000,
    "weightedAverageShsOutDil": 543000000,
    "link": "https://www.sec.gov/Archives/edgar/data/1120193/000119312511128092/0001193125-11-128092-index.htm",
    "finalLink": "https://www.sec.gov/Archives/edgar/data/1120193/000119312511128092/d10q.htm"
  },
  {
    "date": "2010-12-31",
    "symbol": "NDAQ",
    "reportedCurrency": "USD",
    "cik": "0001120193",
    "fillingDate": "2011-02-24",
    "acceptedDate": "2011-02-24 16:16:05",
    "calendarYear": "2010",
    "period": "Q4",
    "revenue": 806000000,
    "costOfRevenue": 405000000,
    "grossProfit": 401000000,
    "grossProfitRatio": 0.4975186104,
    "researchAndDevelopmentExpenses": 0,
    "generalAndAdministrativeExpenses": 216000000,
    "sellingAndMarketingExpenses": 6000000,
    "sellingGeneralAndAdministrativeExpenses": 222000000,
    "otherExpenses": 4000000,
    "operatingExpenses": 226000000,
    "costAndExpenses": 631000000,
    "interestIncome": 2000000,
    "interestExpense": 26000000,
    "depreciationAndAmortization": 17000000,
    "ebitda": 202000000,
    "ebitdaratio": 0.2506203474,
    "operatingIncome": 175000000,
    "operatingIncomeRatio": 0.2171215881,
    "totalOtherIncomeExpensesNet": -27000000,
    "incomeBeforeTax": 148000000,
    "incomeBeforeTaxRatio": 0.1836228288,
    "incomeTaxExpense": 13000000,
    "netIncome": 137000000,
    "netIncomeRatio": 0.1699751861,
    "eps": 0.26,
    "epsdiluted": 0.26,
    "weightedAverageShsOut": 528000000,
    "weightedAverageShsOutDil": 528000000,
    "link": "https://www.sec.gov/Archives/edgar/data/1120193/000119312511045348/0001193125-11-045348-index.htm",
    "finalLink": "https://www.sec.gov/Archives/edgar/data/1120193/000119312511045348/d10k.htm"
  },
  {
    "date": "2010-09-30",
    "symbol": "NDAQ",
    "reportedCurrency": "USD",
    "cik": "0001120193",
    "fillingDate": "2010-11-03",
    "acceptedDate": "2010-11-03 10:19:05",
    "calendarYear": "2010",
    "period": "Q3",
    "revenue": 757000000,
    "costOfRevenue": 385000000,
    "grossProfit": 372000000,
    "grossProfitRatio": 0.4914134742,
    "researchAndDevelopmentExpenses": 0,
    "generalAndAdministrativeExpenses": 176000000,
    "sellingAndMarketingExpenses": 5000000,
    "sellingGeneralAndAdministrativeExpenses": 181000000,
    "otherExpenses": 26000000,
    "operatingExpenses": 207000000,
    "costAndExpenses": 592000000,
    "interestIncome": 2000000,
    "interestExpense": 25000000,
    "depreciationAndAmortization": 25000000,
    "ebitda": 193000000,
    "ebitdaratio": 0.2549537649,
    "operatingIncome": 165000000,
    "operatingIncomeRatio": 0.2179656539,
    "totalOtherIncomeExpensesNet": -22000000,
    "incomeBeforeTax": 143000000,
    "incomeBeforeTaxRatio": 0.1889035667,
    "incomeTaxExpense": 43000000,
    "netIncome": 101000000,
    "netIncomeRatio": 0.1334214003,
    "eps": 0.17,
    "epsdiluted": 0.17,
    "weightedAverageShsOut": 600346449,
    "weightedAverageShsOutDil": 612218673,
    "link": "https://www.sec.gov/Archives/edgar/data/1120193/000119312510245538/0001193125-10-245538-index.htm",
    "finalLink": "https://www.sec.gov/Archives/edgar/data/1120193/000119312510245538/d10q.htm"
  },
  {
    "date": "2010-06-30",
    "symbol": "NDAQ",
    "reportedCurrency": "USD",
    "cik": "0001120193",
    "fillingDate": "2010-08-04",
    "acceptedDate": "2010-08-04 11:25:53",
    "calendarYear": "2010",
    "period": "Q2",
    "revenue": 886000000,
    "costOfRevenue": 496000000,
    "grossProfit": 390000000,
    "grossProfitRatio": 0.4401805869,
    "researchAndDevelopmentExpenses": 0,
    "generalAndAdministrativeExpenses": 180000000,
    "sellingAndMarketingExpenses": 5000000,
    "sellingGeneralAndAdministrativeExpenses": 185000000,
    "otherExpenses": 26000000,
    "operatingExpenses": 211000000,
    "costAndExpenses": 707000000,
    "interestIncome": 2000000,
    "interestExpense": 26000000,
    "depreciationAndAmortization": 25000000,
    "ebitda": 197000000,
    "ebitdaratio": 0.2223476298,
    "operatingIncome": 179000000,
    "operatingIncomeRatio": 0.2020316027,
    "totalOtherIncomeExpensesNet": -33000000,
    "incomeBeforeTax": 146000000,
    "incomeBeforeTaxRatio": 0.164785553,
    "incomeTaxExpense": 51000000,
    "netIncome": 96000000,
    "netIncomeRatio": 0.1083521445,
    "eps": 0.15,
    "epsdiluted": 0.15,
    "weightedAverageShsOut": 618000000,
    "weightedAverageShsOutDil": 627000000,
    "link": "https://www.sec.gov/Archives/edgar/data/1120193/000119312510176575/0001193125-10-176575-index.htm",
    "finalLink": "https://www.sec.gov/Archives/edgar/data/1120193/000119312510176575/d10q.htm"
  },
  {
    "date": "2010-03-31",
    "symbol": "NDAQ",
    "reportedCurrency": "USD",
    "cik": "0001120193",
    "fillingDate": "2010-05-05",
    "acceptedDate": "2010-05-05 13:35:05",
    "calendarYear": "2010",
    "period": "Q1",
    "revenue": 771000000,
    "costOfRevenue": 411000000,
    "grossProfit": 360000000,
    "grossProfitRatio": 0.46692607,
    "researchAndDevelopmentExpenses": 0,
    "generalAndAdministrativeExpenses": 219000000,
    "sellingAndMarketingExpenses": 4000000,
    "sellingGeneralAndAdministrativeExpenses": 223000000,
    "otherExpenses": 25000000,
    "operatingExpenses": 248000000,
    "costAndExpenses": 659000000,
    "interestIncome": 2000000,
    "interestExpense": 25000000,
    "depreciationAndAmortization": 25000000,
    "ebitda": 139000000,
    "ebitdaratio": 0.1802853437,
    "operatingIncome": 112000000,
    "operatingIncomeRatio": 0.1452658885,
    "totalOtherIncomeExpensesNet": -23000000,
    "incomeBeforeTax": 89000000,
    "incomeBeforeTaxRatio": 0.1154345006,
    "incomeTaxExpense": 29000000,
    "netIncome": 61000000,
    "netIncomeRatio": 0.0791180285,
    "eps": 0.0967,
    "epsdiluted": 0.0933,
    "weightedAverageShsOut": 633496014,
    "weightedAverageShsOutDil": 644284071,
    "link": "https://www.sec.gov/Archives/edgar/data/1120193/000119312510108415/0001193125-10-108415-index.htm",
    "finalLink": "https://www.sec.gov/Archives/edgar/data/1120193/000119312510108415/d10q.htm"
  },
  {
    "date": "2009-12-31",
    "symbol": "NDAQ",
    "reportedCurrency": "USD",
    "cik": "0001120193",
    "fillingDate": "2010-02-18",
    "acceptedDate": "2010-02-18 17:30:13",
    "calendarYear": "2009",
    "period": "Q4",
    "revenue": 816000000,
    "costOfRevenue": 447000000,
    "grossProfit": 369000000,
    "grossProfitRatio": 0.4522058824,
    "researchAndDevelopmentExpenses": 0,
    "generalAndAdministrativeExpenses": 183000000,
    "sellingAndMarketingExpenses": 8000000,
    "sellingGeneralAndAdministrativeExpenses": 191000000,
    "otherExpenses": 30000000,
    "operatingExpenses": 221000000,
    "costAndExpenses": 668000000,
    "interestIncome": 3000000,
    "interestExpense": 25000000,
    "depreciationAndAmortization": 16000000,
    "ebitda": 102000000,
    "ebitdaratio": 0.125,
    "operatingIncome": 148000000,
    "operatingIncomeRatio": 0.181372549,
    "totalOtherIncomeExpensesNet": -97000000,
    "incomeBeforeTax": 51000000,
    "incomeBeforeTaxRatio": 0.0625,
    "incomeTaxExpense": 9000000,
    "netIncome": 43000000,
    "netIncomeRatio": 0.0526960784,
    "eps": 0.0679,
    "epsdiluted": 0.0679,
    "weightedAverageShsOut": 633496014,
    "weightedAverageShsOutDil": 633496014,
    "link": "https://www.sec.gov/Archives/edgar/data/1120193/000119312510034340/0001193125-10-034340-index.htm",
    "finalLink": "https://www.sec.gov/Archives/edgar/data/1120193/000119312510034340/d10k.htm"
  },
  {
    "date": "2009-09-30",
    "symbol": "NDAQ",
    "reportedCurrency": "USD",
    "cik": "0001120193",
    "fillingDate": "2009-11-06",
    "acceptedDate": "2009-11-06 11:20:42",
    "calendarYear": "2009",
    "period": "Q3",
    "revenue": 810000000,
    "costOfRevenue": 461000000,
    "grossProfit": 349000000,
    "grossProfitRatio": 0.4308641975,
    "researchAndDevelopmentExpenses": 0,
    "generalAndAdministrativeExpenses": 173000000,
    "sellingAndMarketingExpenses": 3000000,
    "sellingGeneralAndAdministrativeExpenses": 176000000,
    "otherExpenses": 42000000,
    "operatingExpenses": 218000000,
    "costAndExpenses": 679000000,
    "interestIncome": 3000000,
    "interestExpense": 26000000,
    "depreciationAndAmortization": 38000000,
    "ebitda": 148000000,
    "ebitdaratio": 0.1827160494,
    "operatingIncome": 131000000,
    "operatingIncomeRatio": 0.1617283951,
    "totalOtherIncomeExpensesNet": -47000000,
    "incomeBeforeTax": 84000000,
    "incomeBeforeTaxRatio": 0.1037037037,
    "incomeTaxExpense": 25000000,
    "netIncome": 60000000,
    "netIncomeRatio": 0.0740740741,
    "eps": 0.1,
    "epsdiluted": 0.0933,
    "weightedAverageShsOut": 609934002,
    "weightedAverageShsOutDil": 645093180,
    "link": "https://www.sec.gov/Archives/edgar/data/1120193/000119312509226871/0001193125-09-226871-index.htm",
    "finalLink": "https://www.sec.gov/Archives/edgar/data/1120193/000119312509226871/d10q.htm"
  },
  {
    "date": "2009-06-30",
    "symbol": "NDAQ",
    "reportedCurrency": "USD",
    "cik": "0001120193",
    "fillingDate": "2009-08-07",
    "acceptedDate": "2009-08-07 12:02:28",
    "calendarYear": "2009",
    "period": "Q2",
    "revenue": 889000000,
    "costOfRevenue": 522000000,
    "grossProfit": 367000000,
    "grossProfitRatio": 0.4128233971,
    "researchAndDevelopmentExpenses": 0,
    "generalAndAdministrativeExpenses": 165000000,
    "sellingAndMarketingExpenses": 3000000,
    "sellingGeneralAndAdministrativeExpenses": 168000000,
    "otherExpenses": 40000000,
    "operatingExpenses": 208000000,
    "costAndExpenses": 730000000,
    "interestIncome": 2000000,
    "interestExpense": 25000000,
    "depreciationAndAmortization": 26000000,
    "ebitda": 166000000,
    "ebitdaratio": 0.1867266592,
    "operatingIncome": 159000000,
    "operatingIncomeRatio": 0.1788526434,
    "totalOtherIncomeExpensesNet": -45000000,
    "incomeBeforeTax": 114000000,
    "incomeBeforeTaxRatio": 0.1282339708,
    "incomeTaxExpense": 46000000,
    "netIncome": 69000000,
    "netIncomeRatio": 0.0776152981,
    "eps": 0.11,
    "epsdiluted": 0.11,
    "weightedAverageShsOut": 606000000,
    "weightedAverageShsOutDil": 642000000,
    "link": "https://www.sec.gov/Archives/edgar/data/1120193/000119312509168612/0001193125-09-168612-index.htm",
    "finalLink": "https://www.sec.gov/Archives/edgar/data/1120193/000119312509168612/d10q.htm"
  },
  {
    "date": "2009-03-31",
    "symbol": "NDAQ",
    "reportedCurrency": "USD",
    "cik": "0001120193",
    "fillingDate": "2009-05-08",
    "acceptedDate": "2009-05-08 14:18:20",
    "calendarYear": "2009",
    "period": "Q1",
    "revenue": 895000000,
    "costOfRevenue": 526000000,
    "grossProfit": 369000000,
    "grossProfitRatio": 0.4122905028,
    "researchAndDevelopmentExpenses": 0,
    "generalAndAdministrativeExpenses": 160000000,
    "sellingAndMarketingExpenses": 2000000,
    "sellingGeneralAndAdministrativeExpenses": 162000000,
    "otherExpenses": 41000000,
    "operatingExpenses": 203000000,
    "costAndExpenses": 729000000,
    "interestIncome": 5000000,
    "interestExpense": 27000000,
    "depreciationAndAmortization": 24000000,
    "ebitda": 193000000,
    "ebitdaratio": 0.2156424581,
    "operatingIncome": 166000000,
    "operatingIncomeRatio": 0.1854748603,
    "totalOtherIncomeExpensesNet": -24000000,
    "incomeBeforeTax": 142000000,
    "incomeBeforeTaxRatio": 0.1586592179,
    "incomeTaxExpense": 48000000,
    "netIncome": 94000000,
    "netIncomeRatio": 0.105027933,
    "eps": 0.16,
    "epsdiluted": 0.15,
    "weightedAverageShsOut": 605835618,
    "weightedAverageShsOutDil": 642859122,
    "link": "https://www.sec.gov/Archives/edgar/data/1120193/000119312509105110/0001193125-09-105110-index.htm",
    "finalLink": "https://www.sec.gov/Archives/edgar/data/1120193/000119312509105110/d10q.htm"
  },
  {
    "date": "2008-12-31",
    "symbol": "NDAQ",
    "reportedCurrency": "USD",
    "cik": "0001120193",
    "fillingDate": "2009-02-27",
    "acceptedDate": "2009-02-26 18:33:09",
    "calendarYear": "2008",
    "period": "Q4",
    "revenue": 1023009000,
    "costOfRevenue": 620454000,
    "grossProfit": 402555000,
    "grossProfitRatio": 0.3935009369,
    "researchAndDevelopmentExpenses": 0,
    "generalAndAdministrativeExpenses": 173235000,
    "sellingAndMarketingExpenses": 5688000,
    "sellingGeneralAndAdministrativeExpenses": 178923000,
    "otherExpenses": 36344000,
    "operatingExpenses": 215267000,
    "costAndExpenses": 835721000,
    "interestIncome": 0,
    "interestExpense": 0,
    "depreciationAndAmortization": 26849000,
    "ebitda": 223632000,
    "ebitdaratio": 0.2186021824,
    "operatingIncome": 187288000,
    "operatingIncomeRatio": 0.1830756132,
    "totalOtherIncomeExpensesNet": -110771000,
    "incomeBeforeTax": 76517000,
    "incomeBeforeTaxRatio": 0.0747960184,
    "incomeTaxExpense": 39753000,
    "netIncome": 36764000,
    "netIncomeRatio": 0.0359371227,
    "eps": 0.0607,
    "epsdiluted": 0.0607,
    "weightedAverageShsOut": 601889235,
    "weightedAverageShsOutDil": 605835618,
    "link": "https://www.sec.gov/Archives/edgar/data/1120193/000119312509039333/0001193125-09-039333-index.htm",
    "finalLink": "https://www.sec.gov/Archives/edgar/data/1120193/000119312509039333/d10k.htm"
  },
  {
    "date": "2008-09-30",
    "symbol": "NDAQ",
    "reportedCurrency": "USD",
    "cik": "0001120193",
    "fillingDate": "2008-11-07",
    "acceptedDate": "2008-11-07 16:04:50",
    "calendarYear": "2008",
    "period": "Q3",
    "revenue": 990000000,
    "costOfRevenue": 591000000,
    "grossProfit": 399000000,
    "grossProfitRatio": 0.403030303,
    "researchAndDevelopmentExpenses": 0,
    "generalAndAdministrativeExpenses": 176000000,
    "sellingAndMarketingExpenses": 7000000,
    "sellingGeneralAndAdministrativeExpenses": 183000000,
    "otherExpenses": 44000000,
    "operatingExpenses": 227000000,
    "costAndExpenses": 818000000,
    "interestIncome": 9000000,
    "interestExpense": 29000000,
    "depreciationAndAmortization": 36000000,
    "ebitda": 161000000,
    "ebitdaratio": 0.1626262626,
    "operatingIncome": 172000000,
    "operatingIncomeRatio": 0.1737373737,
    "totalOtherIncomeExpensesNet": -76000000,
    "incomeBeforeTax": 96000000,
    "incomeBeforeTaxRatio": 0.096969697,
    "incomeTaxExpense": 38000000,
    "netIncome": 58000000,
    "netIncomeRatio": 0.0585858586,
    "eps": 0.0967,
    "epsdiluted": 0.09,
    "weightedAverageShsOut": 599931975,
    "weightedAverageShsOutDil": 642455259,
    "link": "https://www.sec.gov/Archives/edgar/data/1120193/000119312508229993/0001193125-08-229993-index.htm",
    "finalLink": "https://www.sec.gov/Archives/edgar/data/1120193/000119312508229993/d10q.htm"
  },
  {
    "date": "2008-06-30",
    "symbol": "NDAQ",
    "reportedCurrency": "USD",
    "cik": "0001120193",
    "fillingDate": "2008-08-08",
    "acceptedDate": "2008-08-08 14:16:30",
    "calendarYear": "2008",
    "period": "Q2",
    "revenue": 822000000,
    "costOfRevenue": 442000000,
    "grossProfit": 380000000,
    "grossProfitRatio": 0.4622871046,
    "researchAndDevelopmentExpenses": 0,
    "generalAndAdministrativeExpenses": 186000000,
    "sellingAndMarketingExpenses": 4000000,
    "sellingGeneralAndAdministrativeExpenses": 190000000,
    "otherExpenses": 35000000,
    "operatingExpenses": 225000000,
    "costAndExpenses": 667000000,
    "interestIncome": 8000000,
    "interestExpense": 24000000,
    "depreciationAndAmortization": 22000000,
    "ebitda": 194000000,
    "ebitdaratio": 0.2360097324,
    "operatingIncome": 155000000,
    "operatingIncomeRatio": 0.1885644769,
    "totalOtherIncomeExpensesNet": -7000000,
    "incomeBeforeTax": 148000000,
    "incomeBeforeTaxRatio": 0.1800486618,
    "incomeTaxExpense": 47000000,
    "netIncome": 100000000,
    "netIncomeRatio": 0.1216545012,
    "eps": 0.17,
    "epsdiluted": 0.16,
    "weightedAverageShsOut": 599164272,
    "weightedAverageShsOutDil": 643232040,
    "link": "https://www.sec.gov/Archives/edgar/data/1120193/000119312508171672/0001193125-08-171672-index.htm",
    "finalLink": "https://www.sec.gov/Archives/edgar/data/1120193/000119312508171672/d10q.htm"
  },
  {
    "date": "2008-03-31",
    "symbol": "NDAQ",
    "reportedCurrency": "USD",
    "cik": "0001120193",
    "fillingDate": "2008-05-09",
    "acceptedDate": "2008-05-09 15:34:21",
    "calendarYear": "2008",
    "period": "Q1",
    "revenue": 814000000,
    "costOfRevenue": 536000000,
    "grossProfit": 278000000,
    "grossProfitRatio": 0.3415233415,
    "researchAndDevelopmentExpenses": 0,
    "generalAndAdministrativeExpenses": 118000000,
    "sellingAndMarketingExpenses": 2000000,
    "sellingGeneralAndAdministrativeExpenses": 120000000,
    "otherExpenses": 25000000,
    "operatingExpenses": 145000000,
    "costAndExpenses": 681000000,
    "interestIncome": 10000000,
    "interestExpense": 10000000,
    "depreciationAndAmortization": 16000000,
    "ebitda": 221000000,
    "ebitdaratio": 0.2714987715,
    "operatingIncome": 133000000,
    "operatingIncomeRatio": 0.1633906634,
    "totalOtherIncomeExpensesNet": 62000000,
    "incomeBeforeTax": 195000000,
    "incomeBeforeTaxRatio": 0.2395577396,
    "incomeTaxExpense": 74000000,
    "netIncome": 121000000,
    "netIncomeRatio": 0.1486486486,
    "eps": 0.25,
    "epsdiluted": 0.23,
    "weightedAverageShsOut": 482935989,
    "weightedAverageShsOutDil": 528551637,
    "link": "https://www.sec.gov/Archives/edgar/data/1120193/000119312508109671/0001193125-08-109671-index.htm",
    "finalLink": "https://www.sec.gov/Archives/edgar/data/1120193/000119312508109671/d10q.htm"
  },
  {
    "date": "2007-12-31",
    "symbol": "NDAQ",
    "reportedCurrency": "USD",
    "cik": "0001120193",
    "fillingDate": "2008-02-25",
    "acceptedDate": "2008-02-25 15:17:14",
    "calendarYear": "2007",
    "period": "Q4",
    "revenue": 664486000,
    "costOfRevenue": 452936000,
    "grossProfit": 211550000,
    "grossProfitRatio": 0.3183663764,
    "researchAndDevelopmentExpenses": 0,
    "generalAndAdministrativeExpenses": 92867000,
    "sellingAndMarketingExpenses": 7575000,
    "sellingGeneralAndAdministrativeExpenses": 100442000,
    "otherExpenses": 9594000,
    "operatingExpenses": 110036000,
    "costAndExpenses": 562972000,
    "interestIncome": 0,
    "interestExpense": 0,
    "depreciationAndAmortization": 9594000,
    "ebitda": 111108000,
    "ebitdaratio": 0.1672089404,
    "operatingIncome": 101514000,
    "operatingIncomeRatio": 0.152770713,
    "totalOtherIncomeExpensesNet": 30627000,
    "incomeBeforeTax": 132141000,
    "incomeBeforeTaxRatio": 0.1988619775,
    "incomeTaxExpense": 53178000,
    "netIncome": 78963000,
    "netIncomeRatio": 0.1188332034,
    "eps": 0.16,
    "epsdiluted": 0.16,
    "weightedAverageShsOut": 485451999,
    "weightedAverageShsOutDil": 485451999,
    "link": "https://www.sec.gov/Archives/edgar/data/1120193/000119312508037364/0001193125-08-037364-index.htm",
    "finalLink": "https://www.sec.gov/Archives/edgar/data/1120193/000119312508037364/d10k.htm"
  },
  {
    "date": "2007-09-30",
    "symbol": "NDAQ",
    "reportedCurrency": "USD",
    "cik": "0001120193",
    "fillingDate": "2007-11-09",
    "acceptedDate": "2007-11-09 16:11:33",
    "calendarYear": "2007",
    "period": "Q3",
    "revenue": 651961000,
    "costOfRevenue": 442017000,
    "grossProfit": 209944000,
    "grossProfitRatio": 0.3220192619,
    "researchAndDevelopmentExpenses": 0,
    "generalAndAdministrativeExpenses": 112288000,
    "sellingAndMarketingExpenses": 4146000,
    "sellingGeneralAndAdministrativeExpenses": 116434000,
    "otherExpenses": 9662000,
    "operatingExpenses": 126096000,
    "costAndExpenses": 568113000,
    "interestIncome": 0,
    "interestExpense": 0,
    "depreciationAndAmortization": 9661000,
    "ebitda": 93510000,
    "ebitdaratio": 0.1434288247,
    "operatingIncome": 83848000,
    "operatingIncomeRatio": 0.1286089199,
    "totalOtherIncomeExpensesNet": 452733000,
    "incomeBeforeTax": 536581000,
    "incomeBeforeTaxRatio": 0.823026224,
    "incomeTaxExpense": 171588000,
    "netIncome": 364993000,
    "netIncomeRatio": 0.559838702,
    "eps": 1.08,
    "epsdiluted": 0.8,
    "weightedAverageShsOut": 380126000,
    "weightedAverageShsOutDil": 429490385,
    "link": "https://www.sec.gov/Archives/edgar/data/1120193/000119312507242445/0001193125-07-242445-index.htm",
    "finalLink": "https://www.sec.gov/Archives/edgar/data/1120193/000119312507242445/d10q.htm"
  },
  {
    "date": "2007-06-30",
    "symbol": "NDAQ",
    "reportedCurrency": "USD",
    "cik": "0001120193",
    "fillingDate": "2007-08-01",
    "acceptedDate": "2007-08-01 17:28:04",
    "calendarYear": "2007",
    "period": "Q2",
    "revenue": 558201000,
    "costOfRevenue": 359521000,
    "grossProfit": 198680000,
    "grossProfitRatio": 0.3559291366,
    "researchAndDevelopmentExpenses": 0,
    "generalAndAdministrativeExpenses": 85721000,
    "sellingAndMarketingExpenses": 4227000,
    "sellingGeneralAndAdministrativeExpenses": 89948000,
    "otherExpenses": 9796000,
    "operatingExpenses": 99744000,
    "costAndExpenses": 459265000,
    "interestIncome": 0,
    "interestExpense": 0,
    "depreciationAndAmortization": 9796000,
    "ebitda": 108732000,
    "ebitdaratio": 0.1947900487,
    "operatingIncome": 98936000,
    "operatingIncomeRatio": 0.1772408147,
    "totalOtherIncomeExpensesNet": -4603000,
    "incomeBeforeTax": 94333000,
    "incomeBeforeTaxRatio": 0.1689946811,
    "incomeTaxExpense": 38205000,
    "netIncome": 56128000,
    "netIncomeRatio": 0.1005515934,
    "eps": 0.17,
    "epsdiluted": 0.13,
    "weightedAverageShsOut": 380126000,
    "weightedAverageShsOutDil": 431753846,
    "link": "https://www.sec.gov/Archives/edgar/data/1120193/000119312507168236/0001193125-07-168236-index.htm",
    "finalLink": "https://www.sec.gov/Archives/edgar/data/1120193/000119312507168236/d10q.htm"
  },
  {
    "date": "2007-03-31",
    "symbol": "NDAQ",
    "reportedCurrency": "USD",
    "cik": "0001120193",
    "fillingDate": "2007-05-09",
    "acceptedDate": "2007-05-09 10:55:11",
    "calendarYear": "2007",
    "period": "Q1",
    "revenue": 561947000,
    "costOfRevenue": 369880000,
    "grossProfit": 192067000,
    "grossProfitRatio": 0.3417884605,
    "researchAndDevelopmentExpenses": 0,
    "generalAndAdministrativeExpenses": 95989000,
    "sellingAndMarketingExpenses": 4875000,
    "sellingGeneralAndAdministrativeExpenses": 100864000,
    "otherExpenses": 9839000,
    "operatingExpenses": 110703000,
    "costAndExpenses": 480583000,
    "interestIncome": 0,
    "interestExpense": 0,
    "depreciationAndAmortization": 9839000,
    "ebitda": 91203000,
    "ebitdaratio": 0.1622982239,
    "operatingIncome": 81364000,
    "operatingIncomeRatio": 0.1447894552,
    "totalOtherIncomeExpensesNet": -50516000,
    "incomeBeforeTax": 30848000,
    "incomeBeforeTaxRatio": 0.0548948566,
    "incomeTaxExpense": 12532000,
    "netIncome": 18316000,
    "netIncomeRatio": 0.0325938211,
    "eps": 0.0533,
    "epsdiluted": 0.0467,
    "weightedAverageShsOut": 380126000,
    "weightedAverageShsOutDil": 392485714,
    "link": "https://www.sec.gov/Archives/edgar/data/1120193/000119312507107563/0001193125-07-107563-index.htm",
    "finalLink": "https://www.sec.gov/Archives/edgar/data/1120193/000119312507107563/d10q.htm"
  },
  {
    "date": "2006-12-31",
    "symbol": "NDAQ",
    "reportedCurrency": "USD",
    "cik": "0001120193",
    "fillingDate": "2007-02-28",
    "acceptedDate": "2007-02-28 17:12:28",
    "calendarYear": "2006",
    "period": "Q4",
    "revenue": 447440000,
    "costOfRevenue": 264390000,
    "grossProfit": 183050000,
    "grossProfitRatio": 0.4091051314,
    "researchAndDevelopmentExpenses": 0,
    "generalAndAdministrativeExpenses": 121980000,
    "sellingAndMarketingExpenses": 8184000,
    "sellingGeneralAndAdministrativeExpenses": 130164000,
    "otherExpenses": -15205000,
    "operatingExpenses": 114959000,
    "costAndExpenses": 379349000,
    "interestIncome": 0,
    "interestExpense": 0,
    "depreciationAndAmortization": 10584000,
    "ebitda": 78675000,
    "ebitdaratio": 0.1758336313,
    "operatingIncome": 68091000,
    "operatingIncomeRatio": 0.1521790631,
    "totalOtherIncomeExpensesNet": 37431000,
    "incomeBeforeTax": 105522000,
    "incomeBeforeTaxRatio": 0.2358349723,
    "incomeTaxExpense": 42487000,
    "netIncome": 63125000,
    "netIncomeRatio": 0.1410803683,
    "eps": 0.18,
    "epsdiluted": 0.18,
    "weightedAverageShsOut": 380126000,
    "weightedAverageShsOutDil": 343425000,
    "link": "https://www.sec.gov/Archives/edgar/data/1120193/000119312507042803/0001193125-07-042803-index.htm",
    "finalLink": "https://www.sec.gov/Archives/edgar/data/1120193/000119312507042803/d10k.htm"
  },
  {
    "date": "2006-09-30",
    "symbol": "NDAQ",
    "reportedCurrency": "USD",
    "cik": "0001120193",
    "fillingDate": "2006-11-08",
    "acceptedDate": "2006-11-08 15:51:49",
    "calendarYear": "2006",
    "period": "Q3",
    "revenue": 402859000,
    "costOfRevenue": 231709000,
    "grossProfit": 171150000,
    "grossProfitRatio": 0.4248384671,
    "researchAndDevelopmentExpenses": 0,
    "generalAndAdministrativeExpenses": 76925000,
    "sellingAndMarketingExpenses": 3487000,
    "sellingGeneralAndAdministrativeExpenses": 80412000,
    "otherExpenses": 22879000,
    "operatingExpenses": 103291000,
    "costAndExpenses": 335000000,
    "interestIncome": 0,
    "interestExpense": 0,
    "depreciationAndAmortization": 14313000,
    "ebitda": 82172000,
    "ebitdaratio": 0.2039721093,
    "operatingIncome": 67859000,
    "operatingIncomeRatio": 0.1684435497,
    "totalOtherIncomeExpensesNet": -17955000,
    "incomeBeforeTax": 49904000,
    "incomeBeforeTaxRatio": 0.1238746063,
    "incomeTaxExpense": 19678000,
    "netIncome": 30226000,
    "netIncomeRatio": 0.0750287321,
    "eps": 0.09,
    "epsdiluted": 0.0733,
    "weightedAverageShsOut": 380126000,
    "weightedAverageShsOutDil": 412172727,
    "link": "https://www.sec.gov/Archives/edgar/data/1120193/000119312506228280/0001193125-06-228280-index.htm",
    "finalLink": "https://www.sec.gov/Archives/edgar/data/1120193/000119312506228280/d10q.htm"
  },
  {
    "date": "2006-06-30",
    "symbol": "NDAQ",
    "reportedCurrency": "USD",
    "cik": "0001120193",
    "fillingDate": "2006-08-08",
    "acceptedDate": "2006-08-08 15:26:08",
    "calendarYear": "2006",
    "period": "Q2",
    "revenue": 411032000,
    "costOfRevenue": 239881000,
    "grossProfit": 171151000,
    "grossProfitRatio": 0.4163933708,
    "researchAndDevelopmentExpenses": 0,
    "generalAndAdministrativeExpenses": 100425000,
    "sellingAndMarketingExpenses": 3820000,
    "sellingGeneralAndAdministrativeExpenses": 104245000,
    "otherExpenses": 30576000,
    "operatingExpenses": 134821000,
    "costAndExpenses": 374702000,
    "interestIncome": 0,
    "interestExpense": 0,
    "depreciationAndAmortization": 21470000,
    "ebitda": 57801000,
    "ebitdaratio": 0.1406240877,
    "operatingIncome": 36330000,
    "operatingIncomeRatio": 0.0883872788,
    "totalOtherIncomeExpensesNet": -8591000,
    "incomeBeforeTax": 27739000,
    "incomeBeforeTaxRatio": 0.0674862298,
    "incomeTaxExpense": 11095000,
    "netIncome": 16644000,
    "netIncomeRatio": 0.0404931976,
    "eps": 0.0533,
    "epsdiluted": 0.0433,
    "weightedAverageShsOut": 380126000,
    "weightedAverageShsOutDil": 384092308,
    "link": "https://www.sec.gov/Archives/edgar/data/1120193/000119312506165568/0001193125-06-165568-index.htm",
    "finalLink": "https://www.sec.gov/Archives/edgar/data/1120193/000119312506165568/d10q.htm"
  },
  {
    "date": "2006-03-31",
    "symbol": "NDAQ",
    "reportedCurrency": "USD",
    "cik": "0001120193",
    "fillingDate": "2006-05-10",
    "acceptedDate": "2006-05-10 16:14:06",
    "calendarYear": "2006",
    "period": "Q1",
    "revenue": 396239000,
    "costOfRevenue": 234221000,
    "grossProfit": 162018000,
    "grossProfitRatio": 0.4088895843,
    "researchAndDevelopmentExpenses": 0,
    "generalAndAdministrativeExpenses": 82510000,
    "sellingAndMarketingExpenses": 5031000,
    "sellingGeneralAndAdministrativeExpenses": 87541000,
    "otherExpenses": 32666000,
    "operatingExpenses": 120207000,
    "costAndExpenses": 354428000,
    "interestIncome": 0,
    "interestExpense": 0,
    "depreciationAndAmortization": 24549000,
    "ebitda": 66360000,
    "ebitdaratio": 0.1674746807,
    "operatingIncome": 41811000,
    "operatingIncomeRatio": 0.1055196485,
    "totalOtherIncomeExpensesNet": -11831000,
    "incomeBeforeTax": 29980000,
    "incomeBeforeTaxRatio": 0.0756614064,
    "incomeTaxExpense": 11992000,
    "netIncome": 17298000,
    "netIncomeRatio": 0.0436554706,
    "eps": 0.0455,
    "epsdiluted": 0.0533,
    "weightedAverageShsOut": 380126000,
    "weightedAverageShsOutDil": 324337500,
    "link": "https://www.sec.gov/Archives/edgar/data/1120193/000119312506107632/0001193125-06-107632-index.htm",
    "finalLink": "https://www.sec.gov/Archives/edgar/data/1120193/000119312506107632/d10q.htm"
  },
  {
    "date": "2005-12-31",
    "symbol": "NDAQ",
    "reportedCurrency": "USD",
    "cik": "0001120193",
    "fillingDate": "2006-03-15",
    "acceptedDate": "2006-03-15 15:23:24",
    "calendarYear": "2005",
    "period": "Q4",
    "revenue": 259575000,
    "costOfRevenue": 120947000,
    "grossProfit": 138628000,
    "grossProfitRatio": 0.5340575941,
    "researchAndDevelopmentExpenses": 0,
    "generalAndAdministrativeExpenses": 70525000,
    "sellingAndMarketingExpenses": 4194000,
    "sellingGeneralAndAdministrativeExpenses": 74719000,
    "otherExpenses": 30689000,
    "operatingExpenses": 105408000,
    "costAndExpenses": 226355000,
    "interestIncome": 0,
    "interestExpense": 0,
    "depreciationAndAmortization": 20267000,
    "ebitda": 53487000,
    "ebitdaratio": 0.2060560532,
    "operatingIncome": 33220000,
    "operatingIncomeRatio": 0.1279784263,
    "totalOtherIncomeExpensesNet": -3758000,
    "incomeBeforeTax": 29462000,
    "incomeBeforeTaxRatio": 0.113500915,
    "incomeTaxExpense": 12316000,
    "netIncome": 16102000,
    "netIncomeRatio": 0.062032168,
    "eps": 0.0424,
    "epsdiluted": 0.0661,
    "weightedAverageShsOut": 380126000,
    "weightedAverageShsOutDil": 259470000,
    "link": "https://www.sec.gov/Archives/edgar/data/1120193/000119312506054916/0001193125-06-054916-index.htm",
    "finalLink": "https://www.sec.gov/Archives/edgar/data/1120193/000119312506054916/d10k.htm"
  },
  {
    "date": "2005-09-30",
    "symbol": "NDAQ",
    "reportedCurrency": "USD",
    "cik": "0001120193",
    "fillingDate": "2005-11-08",
    "acceptedDate": "2005-11-08 15:42:05",
    "calendarYear": "2005",
    "period": "Q3",
    "revenue": 220465000,
    "costOfRevenue": 89821000,
    "grossProfit": 130644000,
    "grossProfitRatio": 0.5925838568,
    "researchAndDevelopmentExpenses": 0,
    "generalAndAdministrativeExpenses": 73674000,
    "sellingAndMarketingExpenses": 1470000,
    "sellingGeneralAndAdministrativeExpenses": 75144000,
    "otherExpenses": 24138000,
    "operatingExpenses": 99282000,
    "costAndExpenses": 189103000,
    "interestIncome": 0,
    "interestExpense": 0,
    "depreciationAndAmortization": 14951000,
    "ebitda": 46313000,
    "ebitdaratio": 0.2100696256,
    "operatingIncome": 31362000,
    "operatingIncomeRatio": 0.1422538725,
    "totalOtherIncomeExpensesNet": -669000,
    "incomeBeforeTax": 30693000,
    "incomeBeforeTaxRatio": 0.1392193772,
    "incomeTaxExpense": 12891000,
    "netIncome": 16426000,
    "netIncomeRatio": 0.0745061574,
    "eps": 0.0432,
    "epsdiluted": 0.0533,
    "weightedAverageShsOut": 380126000,
    "weightedAverageShsOutDil": 307987500,
    "link": "https://www.sec.gov/Archives/edgar/data/1120193/000119312505219734/0001193125-05-219734-index.htm",
    "finalLink": "https://www.sec.gov/Archives/edgar/data/1120193/000119312505219734/d10q.htm"
  },
  {
    "date": "2005-06-30",
    "symbol": "NDAQ",
    "reportedCurrency": "USD",
    "cik": "0001120193",
    "fillingDate": "2005-08-09",
    "acceptedDate": "2005-08-09 16:10:01",
    "calendarYear": "2005",
    "period": "Q2",
    "revenue": 219686000,
    "costOfRevenue": 89225000,
    "grossProfit": 130461000,
    "grossProfitRatio": 0.5938521344,
    "researchAndDevelopmentExpenses": 0,
    "generalAndAdministrativeExpenses": 76738000,
    "sellingAndMarketingExpenses": 2026000,
    "sellingGeneralAndAdministrativeExpenses": 78764000,
    "otherExpenses": 25374000,
    "operatingExpenses": 104138000,
    "costAndExpenses": 193363000,
    "interestIncome": 0,
    "interestExpense": 0,
    "depreciationAndAmortization": 14616000,
    "ebitda": 41256000,
    "ebitdaratio": 0.1877953078,
    "operatingIncome": 26323000,
    "operatingIncomeRatio": 0.1198210173,
    "totalOtherIncomeExpensesNet": -1537000,
    "incomeBeforeTax": 24786000,
    "incomeBeforeTaxRatio": 0.1128246679,
    "incomeTaxExpense": 10815000,
    "netIncome": 11727000,
    "netIncomeRatio": 0.0533807343,
    "eps": 0.0309,
    "epsdiluted": 0.0433,
    "weightedAverageShsOut": 380126000,
    "weightedAverageShsOutDil": 270623077,
    "link": "https://www.sec.gov/Archives/edgar/data/1120193/000119312505162592/0001193125-05-162592-index.htm",
    "finalLink": "https://www.sec.gov/Archives/edgar/data/1120193/000119312505162592/d10q.htm"
  },
  {
    "date": "2005-03-31",
    "symbol": "NDAQ",
    "reportedCurrency": "USD",
    "cik": "0001120193",
    "fillingDate": "2005-05-10",
    "acceptedDate": "2005-05-10 16:55:51",
    "calendarYear": "2005",
    "period": "Q1",
    "revenue": 180193000,
    "costOfRevenue": 53915000,
    "grossProfit": 126278000,
    "grossProfitRatio": 0.7007930386,
    "researchAndDevelopmentExpenses": 0,
    "generalAndAdministrativeExpenses": 73609000,
    "sellingAndMarketingExpenses": 1346000,
    "sellingGeneralAndAdministrativeExpenses": 74955000,
    "otherExpenses": 28565000,
    "operatingExpenses": 103520000,
    "costAndExpenses": 157435000,
    "interestIncome": 0,
    "interestExpense": 0,
    "depreciationAndAmortization": 18510000,
    "ebitda": 41268000,
    "ebitdaratio": 0.2290211051,
    "operatingIncome": 22758000,
    "operatingIncomeRatio": 0.1262979139,
    "totalOtherIncomeExpensesNet": -1437000,
    "incomeBeforeTax": 21321000,
    "incomeBeforeTaxRatio": 0.1183231313,
    "incomeTaxExpense": 8550000,
    "netIncome": 10844000,
    "netIncomeRatio": 0.0601799182,
    "eps": 0.0285,
    "epsdiluted": 0.0433,
    "weightedAverageShsOut": 380126000,
    "weightedAverageShsOutDil": 250246154,
    "link": "https://www.sec.gov/Archives/edgar/data/1120193/000119312505102923/0001193125-05-102923-index.htm",
    "finalLink": "https://www.sec.gov/Archives/edgar/data/1120193/000119312505102923/d10q.htm"
  },
  {
    "date": "2004-12-31",
    "symbol": "NDAQ",
    "reportedCurrency": "USD",
    "cik": "0001120193",
    "fillingDate": "2005-03-14",
    "acceptedDate": "2005-03-11 17:32:05",
    "calendarYear": "2004",
    "period": "Q4",
    "revenue": 168054000,
    "costOfRevenue": 46668000,
    "grossProfit": 121386000,
    "grossProfitRatio": 0.7223035453,
    "researchAndDevelopmentExpenses": 0,
    "generalAndAdministrativeExpenses": 84976000,
    "sellingAndMarketingExpenses": 3794000,
    "sellingGeneralAndAdministrativeExpenses": 88770000,
    "otherExpenses": 32634000,
    "operatingExpenses": 121404000,
    "costAndExpenses": 168072000,
    "interestIncome": 0,
    "interestExpense": 0,
    "depreciationAndAmortization": 21471000,
    "ebitda": 21453000,
    "ebitdaratio": 0.1276553965,
    "operatingIncome": -18000,
    "operatingIncomeRatio": -0.0001071084,
    "totalOtherIncomeExpensesNet": -1595000,
    "incomeBeforeTax": -1613000,
    "incomeBeforeTaxRatio": -0.0095981054,
    "incomeTaxExpense": 514000,
    "netIncome": 7431000,
    "netIncomeRatio": 0.04421793,
    "eps": 0.0195,
    "epsdiluted": 0.032,
    "weightedAverageShsOut": 380126000,
    "weightedAverageShsOutDil": 232371429,
    "link": "https://www.sec.gov/Archives/edgar/data/1120193/000119312505048077/0001193125-05-048077-index.htm",
    "finalLink": "https://www.sec.gov/Archives/edgar/data/1120193/000119312505048077/d10k.htm"
  },
  {
    "date": "2004-09-30",
    "symbol": "NDAQ",
    "reportedCurrency": "USD",
    "cik": "0001120193",
    "fillingDate": "2004-11-05",
    "acceptedDate": "2004-11-05 16:42:35",
    "calendarYear": "2004",
    "period": "Q3",
    "revenue": 123970000,
    "costOfRevenue": 9177000,
    "grossProfit": 114793000,
    "grossProfitRatio": 0.925974026,
    "researchAndDevelopmentExpenses": 0,
    "generalAndAdministrativeExpenses": 90949000,
    "sellingAndMarketingExpenses": 2819000,
    "sellingGeneralAndAdministrativeExpenses": 93768000,
    "otherExpenses": 29991000,
    "operatingExpenses": 123759000,
    "costAndExpenses": 132936000,
    "interestIncome": 0,
    "interestExpense": 0,
    "depreciationAndAmortization": 19053000,
    "ebitda": 10087000,
    "ebitdaratio": 0.0813664596,
    "operatingIncome": -8966000,
    "operatingIncomeRatio": -0.0723239493,
    "totalOtherIncomeExpensesNet": -1354000,
    "incomeBeforeTax": -10320000,
    "incomeBeforeTaxRatio": -0.0832459466,
    "incomeTaxExpense": -4835000,
    "netIncome": -5485000,
    "netIncomeRatio": -0.0442445753,
    "eps": -0.0144,
    "epsdiluted": -0.0225,
    "weightedAverageShsOut": 380126000,
    "weightedAverageShsOutDil": 243337500,
    "link": "https://www.sec.gov/Archives/edgar/data/1120193/000110465904033942/0001104659-04-033942-index.htm",
    "finalLink": "https://www.sec.gov/Archives/edgar/data/1120193/000110465904033942/a04-12471_110q.htm"
  },
  {
    "date": "2004-06-30",
    "symbol": "NDAQ",
    "reportedCurrency": "USD",
    "cik": "0001120193",
    "fillingDate": "2004-08-06",
    "acceptedDate": "2004-08-06 13:04:30",
    "calendarYear": "2004",
    "period": "Q2",
    "revenue": 120013000,
    "costOfRevenue": 0,
    "grossProfit": 120013000,
    "grossProfitRatio": 1,
    "researchAndDevelopmentExpenses": 0,
    "generalAndAdministrativeExpenses": 79639000,
    "sellingAndMarketingExpenses": 3537000,
    "sellingGeneralAndAdministrativeExpenses": 83176000,
    "otherExpenses": 28274000,
    "operatingExpenses": 111450000,
    "costAndExpenses": 111450000,
    "interestIncome": 0,
    "interestExpense": 0,
    "depreciationAndAmortization": 16821000,
    "ebitda": 25384000,
    "ebitdaratio": 0.2115104197,
    "operatingIncome": 8563000,
    "operatingIncomeRatio": 0.0713506037,
    "totalOtherIncomeExpensesNet": -1202000,
    "incomeBeforeTax": 7361000,
    "incomeBeforeTaxRatio": 0.061335022,
    "incomeTaxExpense": 2576000,
    "netIncome": 4785000,
    "netIncomeRatio": 0.0398706807,
    "eps": 0.0126,
    "epsdiluted": 0.0258,
    "weightedAverageShsOut": 380126000,
    "weightedAverageShsOutDil": 185700000,
    "link": "https://www.sec.gov/Archives/edgar/data/1120193/000110465904022914/0001104659-04-022914-index.htm",
    "finalLink": "https://www.sec.gov/Archives/edgar/data/1120193/000110465904022914/a04-8833_110q.htm"
  },
  {
    "date": "2004-03-31",
    "symbol": "NDAQ",
    "reportedCurrency": "USD",
    "cik": "0001120193",
    "fillingDate": "2004-05-10",
    "acceptedDate": "2004-05-07 18:53:58",
    "calendarYear": "2004",
    "period": "Q1",
    "revenue": 128404000,
    "costOfRevenue": 0,
    "grossProfit": 128404000,
    "grossProfitRatio": 1,
    "researchAndDevelopmentExpenses": 0,
    "generalAndAdministrativeExpenses": 86135000,
    "sellingAndMarketingExpenses": 2640000,
    "sellingGeneralAndAdministrativeExpenses": 88775000,
    "otherExpenses": 31025000,
    "operatingExpenses": 119800000,
    "costAndExpenses": 119800000,
    "interestIncome": 0,
    "interestExpense": 0,
    "depreciationAndAmortization": 19532000,
    "ebitda": 28220000,
    "ebitdaratio": 0.2197750849,
    "operatingIncome": 8604000,
    "operatingIncomeRatio": 0.0670072583,
    "totalOtherIncomeExpensesNet": -1479000,
    "incomeBeforeTax": 7125000,
    "incomeBeforeTaxRatio": 0.0554889256,
    "incomeTaxExpense": 2494000,
    "netIncome": 4631000,
    "netIncomeRatio": 0.0360658546,
    "eps": 0.0169,
    "epsdiluted": 0.0169,
    "weightedAverageShsOut": 274800000,
    "weightedAverageShsOutDil": 274800000,
    "link": "https://www.sec.gov/Archives/edgar/data/1120193/000110465904013296/0001104659-04-013296-index.htm",
    "finalLink": "https://www.sec.gov/Archives/edgar/data/1120193/000110465904013296/a04-5305_110q.htm"
  },
  {
    "date": "2003-12-31",
    "symbol": "NDAQ",
    "reportedCurrency": "USD",
    "cik": "0001120193",
    "fillingDate": "2004-03-15",
    "acceptedDate": "2004-03-15 17:04:40",
    "calendarYear": "2003",
    "period": "Q4",
    "revenue": 127777000,
    "costOfRevenue": 0,
    "grossProfit": 127777000,
    "grossProfitRatio": 1,
    "researchAndDevelopmentExpenses": 0,
    "generalAndAdministrativeExpenses": 72872000,
    "sellingAndMarketingExpenses": 4909000,
    "sellingGeneralAndAdministrativeExpenses": 77781000,
    "otherExpenses": 235000,
    "operatingExpenses": 78016000,
    "costAndExpenses": 78016000,
    "interestIncome": 0,
    "interestExpense": 0,
    "depreciationAndAmortization": 11632000,
    "ebitda": 61565000,
    "ebitdaratio": 0.4818159763,
    "operatingIncome": 49761000,
    "operatingIncomeRatio": 0.3894362835,
    "totalOtherIncomeExpensesNet": -12346000,
    "incomeBeforeTax": 37415000,
    "incomeBeforeTaxRatio": 0.2928148258,
    "incomeTaxExpense": -1923000,
    "netIncome": -20997000,
    "netIncomeRatio": -0.1643253481,
    "eps": -0.0764,
    "epsdiluted": -0.0764,
    "weightedAverageShsOut": 274800000,
    "weightedAverageShsOutDil": 274800000,
    "link": "https://www.sec.gov/Archives/edgar/data/1120193/000110465904007461/0001104659-04-007461-index.htm",
    "finalLink": "https://www.sec.gov/Archives/edgar/data/1120193/000110465904007461/a04-3218_110k.htm"
  },
  {
    "date": "2003-09-30",
    "symbol": "NDAQ",
    "reportedCurrency": "USD",
    "cik": "0001120193",
    "fillingDate": "2003-11-14",
    "acceptedDate": "2003-11-14 15:40:36",
    "calendarYear": "2003",
    "period": "Q3",
    "revenue": 141900000,
    "costOfRevenue": 0,
    "grossProfit": 141900000,
    "grossProfitRatio": 1,
    "researchAndDevelopmentExpenses": 0,
    "generalAndAdministrativeExpenses": 90749000,
    "sellingAndMarketingExpenses": 3549000,
    "sellingGeneralAndAdministrativeExpenses": 94298000,
    "otherExpenses": 60409000,
    "operatingExpenses": 154707000,
    "costAndExpenses": 154707000,
    "interestIncome": 0,
    "interestExpense": 0,
    "depreciationAndAmortization": 20991000,
    "ebitda": 8351000,
    "ebitdaratio": 0.0588513037,
    "operatingIncome": -12807000,
    "operatingIncomeRatio": -0.0902536998,
    "totalOtherIncomeExpensesNet": -2694000,
    "incomeBeforeTax": -15501000,
    "incomeBeforeTaxRatio": -0.1092389006,
    "incomeTaxExpense": -7758000,
    "netIncome": -38008000,
    "netIncomeRatio": -0.267850599,
    "eps": -0.16,
    "epsdiluted": -0.16,
    "weightedAverageShsOut": 233942308,
    "weightedAverageShsOutDil": 236361905,
    "link": "https://www.sec.gov/Archives/edgar/data/1120193/000104746903037495/0001047469-03-037495-index.htm",
    "finalLink": "https://www.sec.gov/Archives/edgar/data/1120193/000104746903037495/a2122640z10-q.htm"
  },
  {
    "date": "2003-06-30",
    "symbol": "NDAQ",
    "reportedCurrency": "USD",
    "cik": "0001120193",
    "fillingDate": "2003-08-14",
    "acceptedDate": "2003-08-14 16:28:08",
    "calendarYear": "2003",
    "period": "Q2",
    "revenue": 147574000,
    "costOfRevenue": 0,
    "grossProfit": 147574000,
    "grossProfitRatio": 1,
    "researchAndDevelopmentExpenses": 0,
    "generalAndAdministrativeExpenses": 102535000,
    "sellingAndMarketingExpenses": 5352000,
    "sellingGeneralAndAdministrativeExpenses": 107887000,
    "otherExpenses": 81635000,
    "operatingExpenses": 189522000,
    "costAndExpenses": 189522000,
    "interestIncome": 0,
    "interestExpense": 0,
    "depreciationAndAmortization": 24830000,
    "ebitda": -16837000,
    "ebitdaratio": -0.1140919132,
    "operatingIncome": -41948000,
    "operatingIncomeRatio": -0.2842506133,
    "totalOtherIncomeExpensesNet": -2616000,
    "incomeBeforeTax": -44564000,
    "incomeBeforeTaxRatio": -0.3019773131,
    "incomeTaxExpense": -12182000,
    "netIncome": -49008000,
    "netIncomeRatio": -0.3320910187,
    "eps": -0.21,
    "epsdiluted": -0.21,
    "weightedAverageShsOut": 234327273,
    "weightedAverageShsOutDil": 234327273,
    "link": "https://www.sec.gov/Archives/edgar/data/1120193/000104746903027763/0001047469-03-027763-index.htm",
    "finalLink": "https://www.sec.gov/Archives/edgar/data/1120193/000104746903027763/a2116700z10-q.htm"
  },
  {
    "date": "2003-03-31",
    "symbol": "NDAQ",
    "reportedCurrency": "USD",
    "cik": "0001120193",
    "fillingDate": "2003-05-09",
    "acceptedDate": "2003-05-09 17:04:53",
    "calendarYear": "2003",
    "period": "Q1",
    "revenue": 162361000,
    "costOfRevenue": 0,
    "grossProfit": 162361000,
    "grossProfitRatio": 1,
    "researchAndDevelopmentExpenses": 0,
    "generalAndAdministrativeExpenses": 107380000,
    "sellingAndMarketingExpenses": 4919000,
    "sellingGeneralAndAdministrativeExpenses": 112299000,
    "otherExpenses": 39970000,
    "operatingExpenses": 152269000,
    "costAndExpenses": 152269000,
    "interestIncome": 0,
    "interestExpense": 0,
    "depreciationAndAmortization": 23346000,
    "ebitda": 33438000,
    "ebitdaratio": 0.2059484728,
    "operatingIncome": 10092000,
    "operatingIncomeRatio": 0.0621577842,
    "totalOtherIncomeExpensesNet": -2464000,
    "incomeBeforeTax": 7628000,
    "incomeBeforeTaxRatio": 0.0469817259,
    "incomeTaxExpense": 1808000,
    "netIncome": 2566000,
    "netIncomeRatio": 0.015804288,
    "eps": 0.0089,
    "epsdiluted": 0.0089,
    "weightedAverageShsOut": 287400000,
    "weightedAverageShsOutDil": 287400000,
    "link": "https://www.sec.gov/Archives/edgar/data/1120193/000104746903017768/0001047469-03-017768-index.htm",
    "finalLink": "https://www.sec.gov/Archives/edgar/data/1120193/000104746903017768/a2110525z10-q.htm"
  },
  {
    "date": "2002-12-31",
    "symbol": "NDAQ",
    "reportedCurrency": "USD",
    "cik": "0001120193",
    "fillingDate": "2003-03-31",
    "acceptedDate": "2003-03-31 16:31:41",
    "calendarYear": "2002",
    "period": "Q4",
    "revenue": 212369000,
    "costOfRevenue": 0,
    "grossProfit": 212369000,
    "grossProfitRatio": 1,
    "researchAndDevelopmentExpenses": 0,
    "generalAndAdministrativeExpenses": 134167000,
    "sellingAndMarketingExpenses": 12952000,
    "sellingGeneralAndAdministrativeExpenses": 147119000,
    "otherExpenses": 65259000,
    "operatingExpenses": 212378000,
    "costAndExpenses": 212378000,
    "interestIncome": 0,
    "interestExpense": 0,
    "depreciationAndAmortization": 22996000,
    "ebitda": 22987000,
    "ebitdaratio": 0.1082408449,
    "operatingIncome": -9000,
    "operatingIncomeRatio": -0.0000423791,
    "totalOtherIncomeExpensesNet": 637000,
    "incomeBeforeTax": 628000,
    "incomeBeforeTaxRatio": 0.0029571171,
    "incomeTaxExpense": 308000,
    "netIncome": 320000,
    "netIncomeRatio": 0.0015068113,
    "eps": 0.0014,
    "epsdiluted": 0.0014,
    "weightedAverageShsOut": 235020798,
    "weightedAverageShsOutDil": 235020798,
    "link": "https://www.sec.gov/Archives/edgar/data/1120193/000104746903011291/0001047469-03-011291-index.htm",
    "finalLink": "https://www.sec.gov/Archives/edgar/data/1120193/000104746903011291/a2106487z10-k.htm"
  },
  {
    "date": "2002-09-30",
    "symbol": "NDAQ",
    "reportedCurrency": "USD",
    "cik": "0001120193",
    "fillingDate": "2002-11-14",
    "acceptedDate": "2002-11-14 17:19:21",
    "calendarYear": "2002",
    "period": "Q3",
    "revenue": 187194000,
    "costOfRevenue": 0,
    "grossProfit": 187194000,
    "grossProfitRatio": 1,
    "researchAndDevelopmentExpenses": 0,
    "generalAndAdministrativeExpenses": 119236000,
    "sellingAndMarketingExpenses": 6121000,
    "sellingGeneralAndAdministrativeExpenses": 125357000,
    "otherExpenses": 36363000,
    "operatingExpenses": 161720000,
    "costAndExpenses": 161720000,
    "interestIncome": 0,
    "interestExpense": 0,
    "depreciationAndAmortization": 25606000,
    "ebitda": 51080000,
    "ebitdaratio": 0.2728719938,
    "operatingIncome": 25474000,
    "operatingIncomeRatio": 0.1360834215,
    "totalOtherIncomeExpensesNet": -537000,
    "incomeBeforeTax": 24937000,
    "incomeBeforeTaxRatio": 0.1332147398,
    "incomeTaxExpense": 12226000,
    "netIncome": 10270000,
    "netIncomeRatio": 0.0548628695,
    "eps": 0.0433,
    "epsdiluted": 0.0433,
    "weightedAverageShsOut": 237000000,
    "weightedAverageShsOutDil": 237000000,
    "link": "https://www.sec.gov/Archives/edgar/data/1120193/000110465902006220/0001104659-02-006220-index.htm",
    "finalLink": "https://www.sec.gov/Archives/edgar/data/1120193/000110465902006220/j5373_10q.htm"
  },
  {
    "date": "2002-06-30",
    "symbol": "NDAQ",
    "reportedCurrency": "USD",
    "cik": "0001120193",
    "fillingDate": "2002-08-14",
    "acceptedDate": "2002-08-14 18:09:02",
    "calendarYear": "2002",
    "period": "Q2",
    "revenue": 205137000,
    "costOfRevenue": 0,
    "grossProfit": 205137000,
    "grossProfitRatio": 1,
    "researchAndDevelopmentExpenses": 0,
    "generalAndAdministrativeExpenses": 128163000,
    "sellingAndMarketingExpenses": 4216000,
    "sellingGeneralAndAdministrativeExpenses": 132379000,
    "otherExpenses": 24795000,
    "operatingExpenses": 157174000,
    "costAndExpenses": 157174000,
    "interestIncome": 0,
    "interestExpense": 0,
    "depreciationAndAmortization": 25852000,
    "ebitda": 73815000,
    "ebitdaratio": 0.3598326972,
    "operatingIncome": 47963000,
    "operatingIncomeRatio": 0.2338096004,
    "totalOtherIncomeExpensesNet": -30885000,
    "incomeBeforeTax": 17078000,
    "incomeBeforeTaxRatio": 0.0832516806,
    "incomeTaxExpense": 8308000,
    "netIncome": 8770000,
    "netIncomeRatio": 0.042751917,
    "eps": 0.037,
    "epsdiluted": 0.037,
    "weightedAverageShsOut": 237337500,
    "weightedAverageShsOutDil": 237337500,
    "link": "https://www.sec.gov/Archives/edgar/data/1120193/000110465902004211/0001104659-02-004211-index.htm",
    "finalLink": "https://www.sec.gov/Archives/edgar/data/1120193/000110465902004211/j4699_10q.htm"
  },
  {
    "date": "2002-03-31",
    "symbol": "NDAQ",
    "reportedCurrency": "USD",
    "cik": "0001120193",
    "fillingDate": "2002-05-15",
    "acceptedDate": "2002-05-15 16:30:01",
    "calendarYear": "2002",
    "period": "Q1",
    "revenue": 211332000,
    "costOfRevenue": 0,
    "grossProfit": 211332000,
    "grossProfitRatio": 1,
    "researchAndDevelopmentExpenses": 0,
    "generalAndAdministrativeExpenses": 125544000,
    "sellingAndMarketingExpenses": 3822000,
    "sellingGeneralAndAdministrativeExpenses": 129366000,
    "otherExpenses": 25303000,
    "operatingExpenses": 154669000,
    "costAndExpenses": 154669000,
    "interestIncome": 0,
    "interestExpense": 0,
    "depreciationAndAmortization": 26612000,
    "ebitda": 83275000,
    "ebitdaratio": 0.3940482274,
    "operatingIncome": 56663000,
    "operatingIncomeRatio": 0.2681231427,
    "totalOtherIncomeExpensesNet": -15129000,
    "incomeBeforeTax": 41534000,
    "incomeBeforeTaxRatio": 0.196534363,
    "incomeTaxExpense": 20207000,
    "netIncome": 21327000,
    "netIncomeRatio": 0.1009170405,
    "eps": 0.0633,
    "epsdiluted": 0.06,
    "weightedAverageShsOut": 234116739,
    "weightedAverageShsOutDil": 234116739,
    "link": "https://www.sec.gov/Archives/edgar/data/1120193/000091205702020801/0000912057-02-020801-index.htm",
    "finalLink": "https://www.sec.gov/Archives/edgar/data/1120193/000091205702020801/a2079900z10-q.htm"
  },
  {
    "date": "2001-12-31",
    "symbol": "NDAQ",
    "reportedCurrency": "USD",
    "cik": "0001120193",
    "fillingDate": "2002-03-28",
    "acceptedDate": "2002-03-28 00:00:00",
    "calendarYear": "2001",
    "period": "Q4",
    "revenue": 215451000,
    "costOfRevenue": 0,
    "grossProfit": 215451000,
    "grossProfitRatio": 1,
    "researchAndDevelopmentExpenses": 0,
    "generalAndAdministrativeExpenses": 0,
    "sellingAndMarketingExpenses": 0,
    "sellingGeneralAndAdministrativeExpenses": 0,
    "otherExpenses": 236897000,
    "operatingExpenses": 236897000,
    "costAndExpenses": 236897000,
    "interestIncome": 0,
    "interestExpense": 0,
    "depreciationAndAmortization": 34725000,
    "ebitda": 45687000,
    "ebitdaratio": 0.2120528566,
    "operatingIncome": -21446000,
    "operatingIncomeRatio": -0.0995400346,
    "totalOtherIncomeExpensesNet": 2224000,
    "incomeBeforeTax": -19222000,
    "incomeBeforeTaxRatio": -0.0892175019,
    "incomeTaxExpense": -5965000,
    "netIncome": -13257000,
    "netIncomeRatio": -0.0615313923,
    "eps": -0.0566,
    "epsdiluted": -0.0566,
    "weightedAverageShsOut": 234116739,
    "weightedAverageShsOutDil": 234116739,
    "link": "https://www.sec.gov/Archives/edgar/data/1120193/000091205702012206/0000912057-02-012206-index.htm",
    "finalLink": "https://www.sec.gov/Archives/edgar/data/1120193/000091205702012206/a2074352z10-k.htm"
  },
  {
    "date": "2001-09-30",
    "symbol": "NDAQ",
    "reportedCurrency": "USD",
    "cik": "0001120193",
    "fillingDate": "2001-11-14",
    "acceptedDate": "2001-11-14 00:00:00",
    "calendarYear": "2001",
    "period": "Q3",
    "revenue": 197708000,
    "costOfRevenue": 166541000,
    "grossProfit": 31167000,
    "grossProfitRatio": 0.1576415724,
    "researchAndDevelopmentExpenses": 0,
    "generalAndAdministrativeExpenses": 0,
    "sellingAndMarketingExpenses": 5948000,
    "sellingGeneralAndAdministrativeExpenses": 5948000,
    "otherExpenses": 18465000,
    "operatingExpenses": 24413000,
    "costAndExpenses": 190954000,
    "interestIncome": 0,
    "interestExpense": 0,
    "depreciationAndAmortization": 22894000,
    "ebitda": 29648000,
    "ebitdaratio": 0.1499585247,
    "operatingIncome": 6754000,
    "operatingIncomeRatio": 0.0341614907,
    "totalOtherIncomeExpensesNet": 6927000,
    "incomeBeforeTax": 13681000,
    "incomeBeforeTaxRatio": 0.0691980092,
    "incomeTaxExpense": 5736000,
    "netIncome": 7945000,
    "netIncomeRatio": 0.0401855261,
    "eps": 0.0233,
    "epsdiluted": 0.0233,
    "weightedAverageShsOut": 340500000,
    "weightedAverageShsOutDil": 340500000,
    "link": "https://www.sec.gov/Archives/edgar/data/1120193/000095017201501137/0000950172-01-501137-index.htm",
    "finalLink": "https://www.sec.gov/Archives/edgar/data/1120193/000095017201501137/s566685.txt"
  },
  {
    "date": "2001-06-30",
    "symbol": "NDAQ",
    "reportedCurrency": "USD",
    "cik": "0001120193",
    "fillingDate": "2001-08-20",
    "acceptedDate": "2001-08-20 00:00:00",
    "calendarYear": "2001",
    "period": "Q2",
    "revenue": 221306000,
    "costOfRevenue": 163276000,
    "grossProfit": 58030000,
    "grossProfitRatio": 0.2622161171,
    "researchAndDevelopmentExpenses": 0,
    "generalAndAdministrativeExpenses": 0,
    "sellingAndMarketingExpenses": 4947000,
    "sellingGeneralAndAdministrativeExpenses": 4947000,
    "otherExpenses": 20350000,
    "operatingExpenses": 25297000,
    "costAndExpenses": 188573000,
    "interestIncome": 0,
    "interestExpense": 0,
    "depreciationAndAmortization": 21887000,
    "ebitda": 54620000,
    "ebitdaratio": 0.2468075877,
    "operatingIncome": 32733000,
    "operatingIncomeRatio": 0.147908326,
    "totalOtherIncomeExpensesNet": 3602000,
    "incomeBeforeTax": 36335000,
    "incomeBeforeTaxRatio": 0.1641844324,
    "incomeTaxExpense": 16753000,
    "netIncome": 19582000,
    "netIncomeRatio": 0.0884838188,
    "eps": 0.0567,
    "epsdiluted": 0.0533,
    "weightedAverageShsOut": 345564706,
    "weightedAverageShsOutDil": 367162500,
    "link": "https://www.sec.gov/Archives/edgar/data/1120193/000095017201500707/0000950172-01-500707-index.htm",
    "finalLink": "https://www.sec.gov/Archives/edgar/data/1120193/000095017201500707/june3010q.txt"
  },
  {
    "date": "2001-03-31",
    "symbol": "NDAQ",
    "reportedCurrency": "USD",
    "cik": "0001120193",
    "fillingDate": "2001-08-20",
    "acceptedDate": "2001-08-20 00:00:00",
    "calendarYear": "2001",
    "period": "Q1",
    "revenue": 222767000,
    "costOfRevenue": 154262000,
    "grossProfit": 68505000,
    "grossProfitRatio": 0.3075186181,
    "researchAndDevelopmentExpenses": 0,
    "generalAndAdministrativeExpenses": 0,
    "sellingAndMarketingExpenses": 6702000,
    "sellingGeneralAndAdministrativeExpenses": 6702000,
    "otherExpenses": 19709000,
    "operatingExpenses": 26411000,
    "costAndExpenses": 180673000,
    "interestIncome": 0,
    "interestExpense": 0,
    "depreciationAndAmortization": 20777000,
    "ebitda": 62871000,
    "ebitdaratio": 0.282227619,
    "operatingIncome": 42094000,
    "operatingIncomeRatio": 0.1889597651,
    "totalOtherIncomeExpensesNet": 5907000,
    "incomeBeforeTax": 48001000,
    "incomeBeforeTaxRatio": 0.2154762599,
    "incomeTaxExpense": 21808000,
    "netIncome": 26193000,
    "netIncomeRatio": 0.117580252,
    "eps": 0.07,
    "epsdiluted": 0.07,
    "weightedAverageShsOut": 374185714,
    "weightedAverageShsOutDil": 374185714,
    "link": "https://www.sec.gov/Archives/edgar/data/1120193/000095017201500706/0000950172-01-500706-index.htm",
    "finalLink": "https://www.sec.gov/Archives/edgar/data/1120193/000095017201500706/mar3110q.txt"
  },
  {
    "date": "2000-12-31",
    "symbol": "NDAQ",
    "reportedCurrency": "USD",
    "cik": "0001120193",
    "fillingDate": "2000-12-31",
    "acceptedDate": "2000-12-31 00:00:00",
    "calendarYear": "2000",
    "period": "Q4",
    "revenue": 211472000,
    "costOfRevenue": 0,
    "grossProfit": 211472000,
    "grossProfitRatio": 1,
    "researchAndDevelopmentExpenses": 0,
    "generalAndAdministrativeExpenses": 0,
    "sellingAndMarketingExpenses": 0,
    "sellingGeneralAndAdministrativeExpenses": 0,
    "otherExpenses": 203871000,
    "operatingExpenses": 203871000,
    "costAndExpenses": 203871000,
    "interestIncome": 0,
    "interestExpense": 0,
    "depreciationAndAmortization": 20031000,
    "ebitda": 27632000,
    "ebitdaratio": 0.1306650526,
    "operatingIncome": 7601000,
    "operatingIncomeRatio": 0.0359432927,
    "totalOtherIncomeExpensesNet": 9606000,
    "incomeBeforeTax": 17207000,
    "incomeBeforeTaxRatio": 0.0813677461,
    "incomeTaxExpense": 6489000,
    "netIncome": 10718000,
    "netIncomeRatio": 0.0506828327,
    "eps": 0.0292,
    "epsdiluted": 0.0292,
    "weightedAverageShsOut": 367149999,
    "weightedAverageShsOutDil": 367149999,
    "link": null,
    "finalLink": null
  },
  {
    "date": "2000-09-30",
    "symbol": "NDAQ",
    "reportedCurrency": "USD",
    "cik": "0001120193",
    "fillingDate": "2000-09-30",
    "acceptedDate": "2000-09-29 20:00:00",
    "calendarYear": "2000",
    "period": "Q3",
    "revenue": 202720000,
    "costOfRevenue": 0,
    "grossProfit": 202720000,
    "grossProfitRatio": 1,
    "researchAndDevelopmentExpenses": 0,
    "generalAndAdministrativeExpenses": 0,
    "sellingAndMarketingExpenses": 9161000,
    "sellingGeneralAndAdministrativeExpenses": 9161000,
    "otherExpenses": 152682000,
    "operatingExpenses": 161843000,
    "costAndExpenses": 161843000,
    "interestIncome": 0,
    "interestExpense": 0,
    "depreciationAndAmortization": 17076000,
    "ebitda": 57953000,
    "ebitdaratio": 0.2858770718,
    "operatingIncome": 40877000,
    "operatingIncomeRatio": 0.2016426598,
    "totalOtherIncomeExpensesNet": 4801000,
    "incomeBeforeTax": 45678000,
    "incomeBeforeTaxRatio": 0.2253255722,
    "incomeTaxExpense": 23649000,
    "netIncome": 22029000,
    "netIncomeRatio": 0.1086671271,
    "eps": 0.06,
    "epsdiluted": 0.06,
    "weightedAverageShsOut": 367150000,
    "weightedAverageShsOutDil": 367150000,
    "link": "",
    "finalLink": ""
  },
  {
    "date": "2000-06-30",
    "symbol": "NDAQ",
    "reportedCurrency": "USD",
    "cik": "0001120193",
    "fillingDate": "2000-06-30",
    "acceptedDate": "2000-06-29 20:00:00",
    "calendarYear": "2000",
    "period": "Q2",
    "revenue": 211504000,
    "costOfRevenue": 0,
    "grossProfit": 211504000,
    "grossProfitRatio": 1,
    "researchAndDevelopmentExpenses": 0,
    "generalAndAdministrativeExpenses": 0,
    "sellingAndMarketingExpenses": 5615000,
    "sellingGeneralAndAdministrativeExpenses": 5615000,
    "otherExpenses": 134138000,
    "operatingExpenses": 139753000,
    "costAndExpenses": 139753000,
    "interestIncome": 0,
    "interestExpense": 0,
    "depreciationAndAmortization": 15264000,
    "ebitda": 87438000,
    "ebitdaratio": 0.4134106211,
    "operatingIncome": 71751000,
    "operatingIncomeRatio": 0.339241811,
    "totalOtherIncomeExpensesNet": 2659000,
    "incomeBeforeTax": 74410000,
    "incomeBeforeTaxRatio": 0.3518136773,
    "incomeTaxExpense": 29181000,
    "netIncome": 45299000,
    "netIncomeRatio": 0.2141756184,
    "eps": 0.15,
    "epsdiluted": 0.15,
    "weightedAverageShsOut": 301993333,
    "weightedAverageShsOutDil": 301993333,
    "link": "",
    "finalLink": ""
  },
  {
    "date": "2000-03-31",
    "symbol": "NDAQ",
    "reportedCurrency": "USD",
    "cik": "0001120193",
    "fillingDate": "2000-03-31",
    "acceptedDate": "2000-03-30 19:00:00",
    "calendarYear": "2000",
    "period": "Q1",
    "revenue": 207015000,
    "costOfRevenue": 0,
    "grossProfit": 207015000,
    "grossProfitRatio": 1,
    "researchAndDevelopmentExpenses": 0,
    "generalAndAdministrativeExpenses": 0,
    "sellingAndMarketingExpenses": 17258000,
    "sellingGeneralAndAdministrativeExpenses": 17258000,
    "otherExpenses": 113966000,
    "operatingExpenses": 131224000,
    "costAndExpenses": 131224000,
    "interestIncome": 0,
    "interestExpense": 0,
    "depreciationAndAmortization": 13274000,
    "ebitda": 89065000,
    "ebitdaratio": 0.4302345241,
    "operatingIncome": 75791000,
    "operatingIncomeRatio": 0.3661135666,
    "totalOtherIncomeExpensesNet": -29441000,
    "incomeBeforeTax": 46350000,
    "incomeBeforeTaxRatio": 0.2238968191,
    "incomeTaxExpense": 31158000,
    "netIncome": -54740000,
    "netIncomeRatio": -0.2644252832,
    "eps": -0.18,
    "epsdiluted": -0.18,
    "weightedAverageShsOut": 298581818,
    "weightedAverageShsOutDil": 298581818,
    "link": "",
    "finalLink": ""
  }
]