[
  {
    "date": "2024-12-31",
    "symbol": "NDAQ",
    "reportedCurrency": "USD",
    "cik": "0001120193",
    "fillingDate": "2025-02-21",
    "acceptedDate": "2025-02-21 16:56:38",
    "calendarYear": "2024",
    "period": "FY",
    "revenue": 7400000000,
    "costOfRevenue": 4411000000,
    "grossProfit": 2989000000,
    "grossProfitRatio": 0.4039189189,
    "researchAndDevelopmentExpenses": 0,
    "generalAndAdministrativeExpenses": 373000000,
    "sellingAndMarketingExpenses": 54000000,
    "sellingGeneralAndAdministrativeExpenses": 427000000,
    "otherExpenses": 764000000,
    "operatingExpenses": 1191000000,
    "costAndExpenses": 5602000000,
    "interestIncome": 28000000,
    "interestExpense": 0,
    "depreciationAndAmortization": 613000000,
    "ebitda": 2460000000,
    "ebitdaratio": 0.3324324324,
    "operatingIncome": 1798000000,
    "operatingIncomeRatio": 0.242972973,
    "totalOtherIncomeExpensesNet": -349000000,
    "incomeBeforeTax": 1449000000,
    "incomeBeforeTaxRatio": 0.1958108108,
    "incomeTaxExpense": 334000000,
    "netIncome": 1117000000,
    "netIncomeRatio": 0.1509459459,
    "eps": 1.94,
    "epsdiluted": 1.93,
    "weightedAverageShsOut": 575121000,
    "weightedAverageShsOutDil": 579200000,
    "link": "https://www.sec.gov/Archives/edgar/data/1120193/000112019325000008/0001120193-25-000008-index.htm",
    "finalLink": "https://www.sec.gov/Archives/edgar/data/1120193/000112019325000008/ndaq-20241231.htm"
  },
  {
    "date": "2023-12-31",
    "symbol": "NDAQ",
    "reportedCurrency": "USD",
    "cik": "0001120193",
    "fillingDate": "2024-02-21",
    "acceptedDate": "2024-02-21 17:03:01",
    "calendarYear": "2023",
    "period": "FY",
    "revenue": 6064000000,
    "costOfRevenue": 3518000000,
    "grossProfit": 2546000000,
    "grossProfitRatio": 0.4198548813,
    "researchAndDevelopmentExpenses": 0,
    "generalAndAdministrativeExpenses": 370000000,
    "sellingAndMarketingExpenses": 47000000,
    "sellingGeneralAndAdministrativeExpenses": 417000000,
    "otherExpenses": 551000000,
    "operatingExpenses": 968000000,
    "costAndExpenses": 4486000000,
    "interestIncome": 115000000,
    "interestExpense": 0,
    "depreciationAndAmortization": 323000000,
    "ebitda": 1996000000,
    "ebitdaratio": 0.3291556728,
    "operatingIncome": 1578000000,
    "operatingIncomeRatio": 0.2602242744,
    "totalOtherIncomeExpensesNet": -177000000,
    "incomeBeforeTax": 1401000000,
    "incomeBeforeTaxRatio": 0.2310356201,
    "incomeTaxExpense": 344000000,
    "netIncome": 1059000000,
    "netIncomeRatio": 0.1746372032,
    "eps": 2.1,
    "epsdiluted": 2.08,
    "weightedAverageShsOut": 508392982,
    "weightedAverageShsOutDil": 508392982,
    "link": "https://www.sec.gov/Archives/edgar/data/1120193/000112019324000006/0001120193-24-000006-index.htm",
    "finalLink": "https://www.sec.gov/Archives/edgar/data/1120193/000112019324000006/ndaq-20231231.htm"
  },
  {
    "date": "2022-12-31",
    "symbol": "NDAQ",
    "reportedCurrency": "USD",
    "cik": "0001120193",
    "fillingDate": "2023-02-23",
    "acceptedDate": "2023-02-23 16:16:55",
    "calendarYear": "2022",
    "period": "FY",
    "revenue": 6226000000,
    "costOfRevenue": 3887000000,
    "grossProfit": 2339000000,
    "grossProfitRatio": 0.3756826213,
    "researchAndDevelopmentExpenses": 0,
    "generalAndAdministrativeExpenses": 369000000,
    "sellingAndMarketingExpenses": 51000000,
    "sellingGeneralAndAdministrativeExpenses": 420000000,
    "otherExpenses": 355000000,
    "operatingExpenses": 775000000,
    "costAndExpenses": 4662000000,
    "interestIncome": 7000000,
    "interestExpense": 0,
    "depreciationAndAmortization": 258000000,
    "ebitda": 1853000000,
    "ebitdaratio": 0.2976228718,
    "operatingIncome": 1564000000,
    "operatingIncomeRatio": 0.2512046258,
    "totalOtherIncomeExpensesNet": -89000000,
    "incomeBeforeTax": 1475000000,
    "incomeBeforeTaxRatio": 0.2369097334,
    "incomeTaxExpense": 352000000,
    "netIncome": 1125000000,
    "netIncomeRatio": 0.1806938644,
    "eps": 2.28,
    "epsdiluted": 2.26,
    "weightedAverageShsOut": 492420787,
    "weightedAverageShsOutDil": 497857565,
    "link": "https://www.sec.gov/Archives/edgar/data/1120193/000112019323000014/0001120193-23-000014-index.htm",
    "finalLink": "https://www.sec.gov/Archives/edgar/data/1120193/000112019323000014/ndaq-20221231.htm"
  },
  {
    "date": "2021-12-31",
    "symbol": "NDAQ",
    "reportedCurrency": "USD",
    "cik": "0001120193",
    "fillingDate": "2022-02-23",
    "acceptedDate": "2022-02-23 13:58:10",
    "calendarYear": "2021",
    "period": "FY",
    "revenue": 5886000000,
    "costOfRevenue": 3654000000,
    "grossProfit": 2232000000,
    "grossProfitRatio": 0.379204893,
    "researchAndDevelopmentExpenses": 0,
    "generalAndAdministrativeExpenses": 338000000,
    "sellingAndMarketingExpenses": 57000000,
    "sellingGeneralAndAdministrativeExpenses": 395000000,
    "otherExpenses": 396000000,
    "operatingExpenses": 791000000,
    "costAndExpenses": 4445000000,
    "interestIncome": 1000000,
    "interestExpense": 0,
    "depreciationAndAmortization": 278000000,
    "ebitda": 1927000000,
    "ebitdaratio": 0.32738702,
    "operatingIncome": 1441000000,
    "operatingIncomeRatio": 0.2448182127,
    "totalOtherIncomeExpensesNet": 93000000,
    "incomeBeforeTax": 1534000000,
    "incomeBeforeTaxRatio": 0.2606184166,
    "incomeTaxExpense": 347000000,
    "netIncome": 1187000000,
    "netIncomeRatio": 0.2016649677,
    "eps": 2.38,
    "epsdiluted": 2.35,
    "weightedAverageShsOut": 497698367,
    "weightedAverageShsOutDil": 505087555,
    "link": "https://www.sec.gov/Archives/edgar/data/1120193/000112019322000007/0001120193-22-000007-index.htm",
    "finalLink": "https://www.sec.gov/Archives/edgar/data/1120193/000112019322000007/ndaq-20211231.htm"
  },
  {
    "date": "2020-12-31",
    "symbol": "NDAQ",
    "reportedCurrency": "USD",
    "cik": "0001120193",
    "fillingDate": "2021-02-23",
    "acceptedDate": "2021-02-23 16:49:38",
    "calendarYear": "2020",
    "period": "FY",
    "revenue": 5625000000,
    "costOfRevenue": 3683000000,
    "grossProfit": 1942000000,
    "grossProfitRatio": 0.3452444444,
    "researchAndDevelopmentExpenses": 0,
    "generalAndAdministrativeExpenses": 386000000,
    "sellingAndMarketingExpenses": 39000000,
    "sellingGeneralAndAdministrativeExpenses": 425000000,
    "otherExpenses": 283000000,
    "operatingExpenses": 708000000,
    "costAndExpenses": 4391000000,
    "interestIncome": 4000000,
    "interestExpense": 0,
    "depreciationAndAmortization": 202000000,
    "ebitda": 1507000000,
    "ebitdaratio": 0.2679111111,
    "operatingIncome": 1234000000,
    "operatingIncomeRatio": 0.2193777778,
    "totalOtherIncomeExpensesNet": -22000000,
    "incomeBeforeTax": 1212000000,
    "incomeBeforeTaxRatio": 0.2154666667,
    "incomeTaxExpense": 279000000,
    "netIncome": 933000000,
    "netIncomeRatio": 0.1658666667,
    "eps": 1.89,
    "epsdiluted": 1.86,
    "weightedAverageShsOut": 493245563,
    "weightedAverageShsOutDil": 500711812,
    "link": "https://www.sec.gov/Archives/edgar/data/1120193/000112019321000011/0001120193-21-000011-index.htm",
    "finalLink": "https://www.sec.gov/Archives/edgar/data/1120193/000112019321000011/ndaq-20201231.htm"
  },
  {
    "date": "2019-12-31",
    "symbol": "NDAQ",
    "reportedCurrency": "USD",
    "cik": "0001120193",
    "fillingDate": "2020-02-25",
    "acceptedDate": "2020-02-25 12:31:28",
    "calendarYear": "2019",
    "period": "FY",
    "revenue": 4258000000,
    "costOfRevenue": 2594000000,
    "grossProfit": 1664000000,
    "grossProfitRatio": 0.3907937999,
    "researchAndDevelopmentExpenses": 0,
    "generalAndAdministrativeExpenses": 349000000,
    "sellingAndMarketingExpenses": 39000000,
    "sellingGeneralAndAdministrativeExpenses": 388000000,
    "otherExpenses": 259000000,
    "operatingExpenses": 647000000,
    "costAndExpenses": 3241000000,
    "interestIncome": 15000000,
    "interestExpense": 0,
    "depreciationAndAmortization": 190000000,
    "ebitda": 1324000000,
    "ebitdaratio": 0.3109441052,
    "operatingIncome": 1017000000,
    "operatingIncomeRatio": 0.2388445279,
    "totalOtherIncomeExpensesNet": 2000000,
    "incomeBeforeTax": 1019000000,
    "incomeBeforeTaxRatio": 0.239314232,
    "incomeTaxExpense": 245000000,
    "netIncome": 774000000,
    "netIncomeRatio": 0.1817754814,
    "eps": 1.56,
    "epsdiluted": 1.55,
    "weightedAverageShsOut": 494794874,
    "weightedAverageShsOutDil": 500910472,
    "link": "https://www.sec.gov/Archives/edgar/data/1120193/000112019320000004/0001120193-20-000004-index.htm",
    "finalLink": "https://www.sec.gov/Archives/edgar/data/1120193/000112019320000004/ndaq1231201910-k.htm"
  },
  {
    "date": "2018-12-31",
    "symbol": "NDAQ",
    "reportedCurrency": "USD",
    "cik": "0001120193",
    "fillingDate": "2019-02-22",
    "acceptedDate": "2019-02-22 12:32:43",
    "calendarYear": "2018",
    "period": "FY",
    "revenue": 4277000000,
    "costOfRevenue": 2622000000,
    "grossProfit": 1655000000,
    "grossProfitRatio": 0.3869534721,
    "researchAndDevelopmentExpenses": 0,
    "generalAndAdministrativeExpenses": 359000000,
    "sellingAndMarketingExpenses": 37000000,
    "sellingGeneralAndAdministrativeExpenses": 396000000,
    "otherExpenses": 231000000,
    "operatingExpenses": 627000000,
    "costAndExpenses": 3249000000,
    "interestIncome": 17000000,
    "interestExpense": 0,
    "depreciationAndAmortization": 210000000,
    "ebitda": 1414000000,
    "ebitdaratio": 0.3306055646,
    "operatingIncome": 1028000000,
    "operatingIncomeRatio": 0.2403553893,
    "totalOtherIncomeExpensesNet": 36000000,
    "incomeBeforeTax": 1064000000,
    "incomeBeforeTaxRatio": 0.2487725041,
    "incomeTaxExpense": 606000000,
    "netIncome": 458000000,
    "netIncomeRatio": 0.107084405,
    "eps": 0.92,
    "epsdiluted": 0.91,
    "weightedAverageShsOut": 495900000,
    "weightedAverageShsOutDil": 503100000,
    "link": "https://www.sec.gov/Archives/edgar/data/1120193/000112019319000002/0001120193-19-000002-index.htm",
    "finalLink": "https://www.sec.gov/Archives/edgar/data/1120193/000112019319000002/ndaq1231201810-k.htm"
  },
  {
    "date": "2017-12-31",
    "symbol": "NDAQ",
    "reportedCurrency": "USD",
    "cik": "0001120193",
    "fillingDate": "2018-02-28",
    "acceptedDate": "2018-02-28 15:28:32",
    "calendarYear": "2017",
    "period": "FY",
    "revenue": 3948000000,
    "costOfRevenue": 2365000000,
    "grossProfit": 1583000000,
    "grossProfitRatio": 0.4009625127,
    "researchAndDevelopmentExpenses": 0,
    "generalAndAdministrativeExpenses": 329000000,
    "sellingAndMarketingExpenses": 31000000,
    "sellingGeneralAndAdministrativeExpenses": 360000000,
    "otherExpenses": 232000000,
    "operatingExpenses": 592000000,
    "costAndExpenses": 2957000000,
    "interestIncome": 9000000,
    "interestExpense": 0,
    "depreciationAndAmortization": 188000000,
    "ebitda": 1195000000,
    "ebitdaratio": 0.3026849037,
    "operatingIncome": 991000000,
    "operatingIncomeRatio": 0.2510131712,
    "totalOtherIncomeExpensesNet": -119000000,
    "incomeBeforeTax": 872000000,
    "incomeBeforeTaxRatio": 0.2208713273,
    "incomeTaxExpense": 143000000,
    "netIncome": 734000000,
    "netIncomeRatio": 0.18591692,
    "eps": 1.47,
    "epsdiluted": 1.44,
    "weightedAverageShsOut": 499200000,
    "weightedAverageShsOutDil": 508800000,
    "link": "https://www.sec.gov/Archives/edgar/data/1120193/000112019318000003/0001120193-18-000003-index.htm",
    "finalLink": "https://www.sec.gov/Archives/edgar/data/1120193/000112019318000003/ndaq1231201710-k.htm"
  },
  {
    "date": "2016-12-31",
    "symbol": "NDAQ",
    "reportedCurrency": "USD",
    "cik": "0001120193",
    "fillingDate": "2017-03-01",
    "acceptedDate": "2017-03-01 12:03:02",
    "calendarYear": "2016",
    "period": "FY",
    "revenue": 3704000000,
    "costOfRevenue": 2239000000,
    "grossProfit": 1465000000,
    "grossProfitRatio": 0.3955183585,
    "researchAndDevelopmentExpenses": 0,
    "generalAndAdministrativeExpenses": 312000000,
    "sellingAndMarketingExpenses": 30000000,
    "sellingGeneralAndAdministrativeExpenses": 342000000,
    "otherExpenses": 287000000,
    "operatingExpenses": 629000000,
    "costAndExpenses": 2868000000,
    "interestIncome": 8000000,
    "interestExpense": 0,
    "depreciationAndAmortization": 170000000,
    "ebitda": 432000000,
    "ebitdaratio": 0.1166306695,
    "operatingIncome": 836000000,
    "operatingIncomeRatio": 0.2257019438,
    "totalOtherIncomeExpensesNet": -703000000,
    "incomeBeforeTax": 133000000,
    "incomeBeforeTaxRatio": 0.0359071274,
    "incomeTaxExpense": 27000000,
    "netIncome": 108000000,
    "netIncomeRatio": 0.0291576674,
    "eps": 0.22,
    "epsdiluted": 0.21,
    "weightedAverageShsOut": 495600000,
    "weightedAverageShsOutDil": 506400000,
    "link": "https://www.sec.gov/Archives/edgar/data/1120193/000112019317000003/0001120193-17-000003-index.htm",
    "finalLink": "https://www.sec.gov/Archives/edgar/data/1120193/000112019317000003/ndaq1231201610-k.htm"
  },
  {
    "date": "2015-12-31",
    "symbol": "NDAQ",
    "reportedCurrency": "USD",
    "cik": "0001120193",
    "fillingDate": "2016-02-26",
    "acceptedDate": "2016-02-26 11:07:40",
    "calendarYear": "2015",
    "period": "FY",
    "revenue": 3403000000,
    "costOfRevenue": 2037000000,
    "grossProfit": 1366000000,
    "grossProfitRatio": 0.4014105201,
    "researchAndDevelopmentExpenses": 0,
    "generalAndAdministrativeExpenses": 298000000,
    "sellingAndMarketingExpenses": 28000000,
    "sellingGeneralAndAdministrativeExpenses": 326000000,
    "otherExpenses": 320000000,
    "operatingExpenses": 646000000,
    "costAndExpenses": 2683000000,
    "interestIncome": 4000000,
    "interestExpense": 0,
    "depreciationAndAmortization": 138000000,
    "ebitda": 874000000,
    "ebitdaratio": 0.2568322069,
    "operatingIncome": 720000000,
    "operatingIncomeRatio": 0.2115780194,
    "totalOtherIncomeExpensesNet": -90000000,
    "incomeBeforeTax": 630000000,
    "incomeBeforeTaxRatio": 0.185130767,
    "incomeTaxExpense": 203000000,
    "netIncome": 428000000,
    "netIncomeRatio": 0.1257713782,
    "eps": 0.85,
    "epsdiluted": 0.83,
    "weightedAverageShsOut": 501900000,
    "weightedAverageShsOutDil": 513900000,
    "link": "https://www.sec.gov/Archives/edgar/data/1120193/000112019316000020/0001120193-16-000020-index.htm",
    "finalLink": "https://www.sec.gov/Archives/edgar/data/1120193/000112019316000020/ndaq-20151231x10k.htm"
  },
  {
    "date": "2014-12-31",
    "symbol": "NDAQ",
    "reportedCurrency": "USD",
    "cik": "0001120193",
    "fillingDate": "2015-02-17",
    "acceptedDate": "2015-02-17 15:34:58",
    "calendarYear": "2014",
    "period": "FY",
    "revenue": 3500000000,
    "costOfRevenue": 2140000000,
    "grossProfit": 1360000000,
    "grossProfitRatio": 0.3885714286,
    "researchAndDevelopmentExpenses": 0,
    "generalAndAdministrativeExpenses": 356000000,
    "sellingAndMarketingExpenses": 32000000,
    "sellingGeneralAndAdministrativeExpenses": 388000000,
    "otherExpenses": 218000000,
    "operatingExpenses": 606000000,
    "costAndExpenses": 2746000000,
    "interestIncome": 6000000,
    "interestExpense": 0,
    "depreciationAndAmortization": 137000000,
    "ebitda": 841000000,
    "ebitdaratio": 0.2402857143,
    "operatingIncome": 754000000,
    "operatingIncomeRatio": 0.2154285714,
    "totalOtherIncomeExpensesNet": -160000000,
    "incomeBeforeTax": 594000000,
    "incomeBeforeTaxRatio": 0.1697142857,
    "incomeTaxExpense": 181000000,
    "netIncome": 414000000,
    "netIncomeRatio": 0.1182857143,
    "eps": 0.82,
    "epsdiluted": 0.8,
    "weightedAverageShsOut": 506700000,
    "weightedAverageShsOutDil": 519000000,
    "link": "https://www.sec.gov/Archives/edgar/data/1120193/000112019315000003/0001120193-15-000003-index.htm",
    "finalLink": "https://www.sec.gov/Archives/edgar/data/1120193/000112019315000003/ndaq-20141231x10k.htm"
  },
  {
    "date": "2013-12-31",
    "symbol": "NDAQ",
    "reportedCurrency": "USD",
    "cik": "0001120193",
    "fillingDate": "2014-02-24",
    "acceptedDate": "2014-02-24 10:57:50",
    "calendarYear": "2013",
    "period": "FY",
    "revenue": 3211000000,
    "costOfRevenue": 1967000000,
    "grossProfit": 1244000000,
    "grossProfitRatio": 0.3874182498,
    "researchAndDevelopmentExpenses": 0,
    "generalAndAdministrativeExpenses": 329000000,
    "sellingAndMarketingExpenses": 30000000,
    "sellingGeneralAndAdministrativeExpenses": 359000000,
    "otherExpenses": 197000000,
    "operatingExpenses": 556000000,
    "costAndExpenses": 2523000000,
    "interestIncome": 9000000,
    "interestExpense": 0,
    "depreciationAndAmortization": 122000000,
    "ebitda": 823000000,
    "ebitdaratio": 0.2563064466,
    "operatingIncome": 688000000,
    "operatingIncomeRatio": 0.2142634693,
    "totalOtherIncomeExpensesNet": -88000000,
    "incomeBeforeTax": 600000000,
    "incomeBeforeTaxRatio": 0.1868576767,
    "incomeTaxExpense": 216000000,
    "netIncome": 385000000,
    "netIncomeRatio": 0.1199003426,
    "eps": 0.77,
    "epsdiluted": 0.75,
    "weightedAverageShsOut": 500700000,
    "weightedAverageShsOutDil": 513900000,
    "link": "https://www.sec.gov/Archives/edgar/data/1120193/000112019314000002/0001120193-14-000002-index.htm",
    "finalLink": "https://www.sec.gov/Archives/edgar/data/1120193/000112019314000002/ndaq-20131231x10k.htm"
  },
  {
    "date": "2012-12-31",
    "symbol": "NDAQ",
    "reportedCurrency": "USD",
    "cik": "0001120193",
    "fillingDate": "2013-02-21",
    "acceptedDate": "2013-02-21 16:24:51",
    "calendarYear": "2012",
    "period": "FY",
    "revenue": 3120000000,
    "costOfRevenue": 1994000000,
    "grossProfit": 1126000000,
    "grossProfitRatio": 0.3608974359,
    "researchAndDevelopmentExpenses": 0,
    "generalAndAdministrativeExpenses": 258000000,
    "sellingAndMarketingExpenses": 26000000,
    "sellingGeneralAndAdministrativeExpenses": 284000000,
    "otherExpenses": 152000000,
    "operatingExpenses": 436000000,
    "costAndExpenses": 2430000000,
    "interestIncome": 10000000,
    "interestExpense": 0,
    "depreciationAndAmortization": 104000000,
    "ebitda": 749000000,
    "ebitdaratio": 0.2400641026,
    "operatingIncome": 690000000,
    "operatingIncomeRatio": 0.2211538462,
    "totalOtherIncomeExpensesNet": -142000000,
    "incomeBeforeTax": 548000000,
    "incomeBeforeTaxRatio": 0.1756410256,
    "incomeTaxExpense": 199000000,
    "netIncome": 352000000,
    "netIncomeRatio": 0.1128205128,
    "eps": 0.7,
    "epsdiluted": 0.68,
    "weightedAverageShsOut": 504900000,
    "weightedAverageShsOutDil": 517800000,
    "link": "https://www.sec.gov/Archives/edgar/data/1120193/000119312513069357/0001193125-13-069357-index.htm",
    "finalLink": "https://www.sec.gov/Archives/edgar/data/1120193/000119312513069357/d445717d10k.htm"
  },
  {
    "date": "2011-12-31",
    "symbol": "NDAQ",
    "reportedCurrency": "USD",
    "cik": "0001120193",
    "fillingDate": "2012-02-24",
    "acceptedDate": "2012-02-24 13:15:31",
    "calendarYear": "2011",
    "period": "FY",
    "revenue": 3438000000,
    "costOfRevenue": 2306000000,
    "grossProfit": 1132000000,
    "grossProfitRatio": 0.3292611984,
    "researchAndDevelopmentExpenses": 0,
    "generalAndAdministrativeExpenses": 265000000,
    "sellingAndMarketingExpenses": 24000000,
    "sellingGeneralAndAdministrativeExpenses": 289000000,
    "otherExpenses": 147000000,
    "operatingExpenses": 436000000,
    "costAndExpenses": 2742000000,
    "interestIncome": 11000000,
    "interestExpense": 0,
    "depreciationAndAmortization": 109000000,
    "ebitda": 801000000,
    "ebitdaratio": 0.2329842932,
    "operatingIncome": 696000000,
    "operatingIncomeRatio": 0.202443281,
    "totalOtherIncomeExpensesNet": -123000000,
    "incomeBeforeTax": 573000000,
    "incomeBeforeTaxRatio": 0.1666666667,
    "incomeTaxExpense": 190000000,
    "netIncome": 387000000,
    "netIncomeRatio": 0.112565445,
    "eps": 0.73,
    "epsdiluted": 0.72,
    "weightedAverageShsOut": 528000000,
    "weightedAverageShsOutDil": 540000000,
    "link": "https://www.sec.gov/Archives/edgar/data/1120193/000119312512077518/0001193125-12-077518-index.htm",
    "finalLink": "https://www.sec.gov/Archives/edgar/data/1120193/000119312512077518/d259668d10k.htm"
  },
  {
    "date": "2010-12-31",
    "symbol": "NDAQ",
    "reportedCurrency": "USD",
    "cik": "0001120193",
    "fillingDate": "2011-02-24",
    "acceptedDate": "2011-02-24 16:16:05",
    "calendarYear": "2010",
    "period": "FY",
    "revenue": 3191000000,
    "costOfRevenue": 2180000000,
    "grossProfit": 1011000000,
    "grossProfitRatio": 0.3168285804,
    "researchAndDevelopmentExpenses": 0,
    "generalAndAdministrativeExpenses": 253000000,
    "sellingAndMarketingExpenses": 20000000,
    "sellingGeneralAndAdministrativeExpenses": 273000000,
    "otherExpenses": 107000000,
    "operatingExpenses": 380000000,
    "costAndExpenses": 2560000000,
    "interestIncome": 9000000,
    "interestExpense": 0,
    "depreciationAndAmortization": 103000000,
    "ebitda": 731000000,
    "ebitdaratio": 0.2290817925,
    "operatingIncome": 631000000,
    "operatingIncomeRatio": 0.197743654,
    "totalOtherIncomeExpensesNet": -105000000,
    "incomeBeforeTax": 526000000,
    "incomeBeforeTaxRatio": 0.1648386086,
    "incomeTaxExpense": 137000000,
    "netIncome": 395000000,
    "netIncomeRatio": 0.1237856471,
    "eps": 0.65,
    "epsdiluted": 0.64,
    "weightedAverageShsOut": 609000000,
    "weightedAverageShsOutDil": 621000000,
    "link": "https://www.sec.gov/Archives/edgar/data/1120193/000119312511045348/0001193125-11-045348-index.htm",
    "finalLink": "https://www.sec.gov/Archives/edgar/data/1120193/000119312511045348/d10k.htm"
  },
  {
    "date": "2009-12-31",
    "symbol": "NDAQ",
    "reportedCurrency": "USD",
    "cik": "0001120193",
    "fillingDate": "2010-02-18",
    "acceptedDate": "2010-02-18 17:30:13",
    "calendarYear": "2009",
    "period": "FY",
    "revenue": 3411000000,
    "costOfRevenue": 1958000000,
    "grossProfit": 1453000000,
    "grossProfitRatio": 0.4259747875,
    "researchAndDevelopmentExpenses": 0,
    "generalAndAdministrativeExpenses": 714000000,
    "sellingAndMarketingExpenses": 15000000,
    "sellingGeneralAndAdministrativeExpenses": 729000000,
    "otherExpenses": 121000000,
    "operatingExpenses": 850000000,
    "costAndExpenses": 2808000000,
    "interestIncome": 13000000,
    "interestExpense": 0,
    "depreciationAndAmortization": 104000000,
    "ebitda": 597000000,
    "ebitdaratio": 0.1750219877,
    "operatingIncome": 603000000,
    "operatingIncomeRatio": 0.1767810026,
    "totalOtherIncomeExpensesNet": -212000000,
    "incomeBeforeTax": 391000000,
    "incomeBeforeTaxRatio": 0.114629141,
    "incomeTaxExpense": 128000000,
    "netIncome": 266000000,
    "netIncomeRatio": 0.0779829962,
    "eps": 0.43,
    "epsdiluted": 0.42,
    "weightedAverageShsOut": 615000000,
    "weightedAverageShsOutDil": 645000000,
    "link": "https://www.sec.gov/Archives/edgar/data/1120193/000119312510034340/0001193125-10-034340-index.htm",
    "finalLink": "https://www.sec.gov/Archives/edgar/data/1120193/000119312510034340/d10k.htm"
  },
  {
    "date": "2008-12-31",
    "symbol": "NDAQ",
    "reportedCurrency": "USD",
    "cik": "0001120193",
    "fillingDate": "2009-02-27",
    "acceptedDate": "2009-02-26 18:33:09",
    "calendarYear": "2008",
    "period": "FY",
    "revenue": 3650000000,
    "costOfRevenue": 2190000000,
    "grossProfit": 1460000000,
    "grossProfitRatio": 0.4,
    "researchAndDevelopmentExpenses": 0,
    "generalAndAdministrativeExpenses": 654000000,
    "sellingAndMarketingExpenses": 19000000,
    "sellingGeneralAndAdministrativeExpenses": 673000000,
    "otherExpenses": 147000000,
    "operatingExpenses": 820000000,
    "costAndExpenses": 3010000000,
    "interestIncome": 35000000,
    "interestExpense": 0,
    "depreciationAndAmortization": 93000000,
    "ebitda": 703000000,
    "ebitdaratio": 0.1926027397,
    "operatingIncome": 640000000,
    "operatingIncomeRatio": 0.1753424658,
    "totalOtherIncomeExpensesNet": -127000000,
    "incomeBeforeTax": 513000000,
    "incomeBeforeTaxRatio": 0.1405479452,
    "incomeTaxExpense": 198000000,
    "netIncome": 319880000,
    "netIncomeRatio": 0.0876383562,
    "eps": 0.55,
    "epsdiluted": 0.52,
    "weightedAverageShsOut": 571087815,
    "weightedAverageShsOutDil": 613544586,
    "link": "https://www.sec.gov/Archives/edgar/data/1120193/000119312509039333/0001193125-09-039333-index.htm",
    "finalLink": "https://www.sec.gov/Archives/edgar/data/1120193/000119312509039333/d10k.htm"
  },
  {
    "date": "2007-12-31",
    "symbol": "NDAQ",
    "reportedCurrency": "USD",
    "cik": "0001120193",
    "fillingDate": "2008-02-25",
    "acceptedDate": "2008-02-25 15:17:14",
    "calendarYear": "2007",
    "period": "FY",
    "revenue": 2436592000,
    "costOfRevenue": 1624353000,
    "grossProfit": 812239000,
    "grossProfitRatio": 0.3333504337,
    "researchAndDevelopmentExpenses": 0,
    "generalAndAdministrativeExpenses": 386865000,
    "sellingAndMarketingExpenses": 20822000,
    "sellingGeneralAndAdministrativeExpenses": 407687000,
    "otherExpenses": 38890000,
    "operatingExpenses": 446577000,
    "costAndExpenses": 2070930000,
    "interestIncome": 0,
    "interestExpense": 0,
    "depreciationAndAmortization": 38890000,
    "ebitda": 404552000,
    "ebitdaratio": 0.1660319003,
    "operatingIncome": 365662000,
    "operatingIncomeRatio": 0.1500710829,
    "totalOtherIncomeExpensesNet": 428241000,
    "incomeBeforeTax": 793903000,
    "incomeBeforeTaxRatio": 0.3258251689,
    "incomeTaxExpense": 275502000,
    "netIncome": 518401000,
    "netIncomeRatio": 0.2127565879,
    "eps": 1.49,
    "epsdiluted": 1.15,
    "weightedAverageShsOut": 347920134,
    "weightedAverageShsOutDil": 449480636,
    "link": "https://www.sec.gov/Archives/edgar/data/1120193/000119312508037364/0001193125-08-037364-index.htm",
    "finalLink": "https://www.sec.gov/Archives/edgar/data/1120193/000119312508037364/d10k.htm"
  },
  {
    "date": "2006-12-31",
    "symbol": "NDAQ",
    "reportedCurrency": "USD",
    "cik": "0001120193",
    "fillingDate": "2007-02-28",
    "acceptedDate": "2007-02-28 17:12:28",
    "calendarYear": "2006",
    "period": "FY",
    "revenue": 1657776000,
    "costOfRevenue": 970381000,
    "grossProfit": 687395000,
    "grossProfitRatio": 0.4146489031,
    "researchAndDevelopmentExpenses": 0,
    "generalAndAdministrativeExpenses": 381868000,
    "sellingAndMarketingExpenses": 20522000,
    "sellingGeneralAndAdministrativeExpenses": 402390000,
    "otherExpenses": 70916000,
    "operatingExpenses": 473306000,
    "costAndExpenses": 1443687000,
    "interestIncome": 0,
    "interestExpense": 0,
    "depreciationAndAmortization": 70916000,
    "ebitda": 285005000,
    "ebitdaratio": 0.1719200905,
    "operatingIncome": 214089000,
    "operatingIncomeRatio": 0.1291422967,
    "totalOtherIncomeExpensesNet": -944000,
    "incomeBeforeTax": 213145000,
    "incomeBeforeTaxRatio": 0.1285728591,
    "incomeTaxExpense": 85252000,
    "netIncome": 127893000,
    "netIncomeRatio": 0.0771473347,
    "eps": 0.41,
    "epsdiluted": 0.32,
    "weightedAverageShsOut": 380126000,
    "weightedAverageShsOutDil": 383040000,
    "link": "https://www.sec.gov/Archives/edgar/data/1120193/000119312507042803/0001193125-07-042803-index.htm",
    "finalLink": "https://www.sec.gov/Archives/edgar/data/1120193/000119312507042803/d10k.htm"
  },
  {
    "date": "2005-12-31",
    "symbol": "NDAQ",
    "reportedCurrency": "USD",
    "cik": "0001120193",
    "fillingDate": "2006-03-15",
    "acceptedDate": "2006-03-15 15:23:24",
    "calendarYear": "2005",
    "period": "FY",
    "revenue": 879919000,
    "costOfRevenue": 353908000,
    "grossProfit": 526011000,
    "grossProfitRatio": 0.597794797,
    "researchAndDevelopmentExpenses": 0,
    "generalAndAdministrativeExpenses": 294547000,
    "sellingAndMarketingExpenses": 9036000,
    "sellingGeneralAndAdministrativeExpenses": 303583000,
    "otherExpenses": 108765000,
    "operatingExpenses": 412348000,
    "costAndExpenses": 766256000,
    "interestIncome": 0,
    "interestExpense": 0,
    "depreciationAndAmortization": 68344000,
    "ebitda": 182007000,
    "ebitdaratio": 0.2068451755,
    "operatingIncome": 113663000,
    "operatingIncomeRatio": 0.1291743899,
    "totalOtherIncomeExpensesNet": -7401000,
    "incomeBeforeTax": 106262000,
    "incomeBeforeTaxRatio": 0.1207633884,
    "incomeTaxExpense": 44572000,
    "netIncome": 61690000,
    "netIncomeRatio": 0.0701087259,
    "eps": 0.16,
    "epsdiluted": 0.19,
    "weightedAverageShsOut": 380126000,
    "weightedAverageShsOutDil": 289963158,
    "link": "https://www.sec.gov/Archives/edgar/data/1120193/000119312506054916/0001193125-06-054916-index.htm",
    "finalLink": "https://www.sec.gov/Archives/edgar/data/1120193/000119312506054916/d10k.htm"
  },
  {
    "date": "2004-12-31",
    "symbol": "NDAQ",
    "reportedCurrency": "USD",
    "cik": "0001120193",
    "fillingDate": "2005-03-14",
    "acceptedDate": "2005-03-11 17:32:05",
    "calendarYear": "2004",
    "period": "FY",
    "revenue": 540441000,
    "costOfRevenue": 55845000,
    "grossProfit": 484596000,
    "grossProfitRatio": 0.8966677214,
    "researchAndDevelopmentExpenses": 0,
    "generalAndAdministrativeExpenses": 341699000,
    "sellingAndMarketingExpenses": 12790000,
    "sellingGeneralAndAdministrativeExpenses": 354489000,
    "otherExpenses": 121924000,
    "operatingExpenses": 476413000,
    "costAndExpenses": 532258000,
    "interestIncome": 0,
    "interestExpense": 0,
    "depreciationAndAmortization": 76336000,
    "ebitda": 84519000,
    "ebitdaratio": 0.156388949,
    "operatingIncome": 8183000,
    "operatingIncomeRatio": 0.0151413383,
    "totalOtherIncomeExpensesNet": -5630000,
    "incomeBeforeTax": 2553000,
    "incomeBeforeTaxRatio": 0.0047239199,
    "incomeTaxExpense": 749000,
    "netIncome": 11362000,
    "netIncomeRatio": 0.0210235715,
    "eps": 0.0299,
    "epsdiluted": -0.0067,
    "weightedAverageShsOut": 380126000,
    "weightedAverageShsOutDil": 273900000,
    "link": "https://www.sec.gov/Archives/edgar/data/1120193/000119312505048077/0001193125-05-048077-index.htm",
    "finalLink": "https://www.sec.gov/Archives/edgar/data/1120193/000119312505048077/d10k.htm"
  },
  {
    "date": "2003-12-31",
    "symbol": "NDAQ",
    "reportedCurrency": "USD",
    "cik": "0001120193",
    "fillingDate": "2004-03-15",
    "acceptedDate": "2004-03-15 17:04:40",
    "calendarYear": "2003",
    "period": "FY",
    "revenue": 589845000,
    "costOfRevenue": 0,
    "grossProfit": 589845000,
    "grossProfitRatio": 1,
    "researchAndDevelopmentExpenses": 0,
    "generalAndAdministrativeExpenses": 383247000,
    "sellingAndMarketingExpenses": 19515000,
    "sellingGeneralAndAdministrativeExpenses": 402762000,
    "otherExpenses": 244397000,
    "operatingExpenses": 647159000,
    "costAndExpenses": 647159000,
    "interestIncome": 0,
    "interestExpense": 0,
    "depreciationAndAmortization": 89933000,
    "ebitda": 32669000,
    "ebitdaratio": 0.0553857369,
    "operatingIncome": -57314000,
    "operatingIncomeRatio": -0.0971679,
    "totalOtherIncomeExpensesNet": -9038000,
    "incomeBeforeTax": -66352000,
    "incomeBeforeTaxRatio": -0.1124905696,
    "incomeTaxExpense": -21240000,
    "netIncome": -105447000,
    "netIncomeRatio": -0.178770694,
    "eps": -0.45,
    "epsdiluted": -0.45,
    "weightedAverageShsOut": 235295172,
    "weightedAverageShsOutDil": 235295172,
    "link": "https://www.sec.gov/Archives/edgar/data/1120193/000110465904007461/0001104659-04-007461-index.htm",
    "finalLink": "https://www.sec.gov/Archives/edgar/data/1120193/000110465904007461/a04-3218_110k.htm"
  },
  {
    "date": "2002-12-31",
    "symbol": "NDAQ",
    "reportedCurrency": "USD",
    "cik": "0001120193",
    "fillingDate": "2003-03-31",
    "acceptedDate": "2003-03-31 16:31:41",
    "calendarYear": "2002",
    "period": "FY",
    "revenue": 787154000,
    "costOfRevenue": 0,
    "grossProfit": 787154000,
    "grossProfitRatio": 1,
    "researchAndDevelopmentExpenses": 0,
    "generalAndAdministrativeExpenses": 469698000,
    "sellingAndMarketingExpenses": 26931000,
    "sellingGeneralAndAdministrativeExpenses": 496629000,
    "otherExpenses": 178678000,
    "operatingExpenses": 675307000,
    "costAndExpenses": 675307000,
    "interestIncome": 0,
    "interestExpense": 0,
    "depreciationAndAmortization": 91657000,
    "ebitda": 203504000,
    "ebitdaratio": 0.2585313674,
    "operatingIncome": 111847000,
    "operatingIncomeRatio": 0.1420903661,
    "totalOtherIncomeExpensesNet": -5905000,
    "incomeBeforeTax": 105942000,
    "incomeBeforeTaxRatio": 0.1345886574,
    "incomeTaxExpense": 40921000,
    "netIncome": 43128000,
    "netIncomeRatio": 0.054789787,
    "eps": 0.13,
    "epsdiluted": 0.13,
    "weightedAverageShsOut": 250222500,
    "weightedAverageShsOutDil": 250222500,
    "link": "https://www.sec.gov/Archives/edgar/data/1120193/000104746903011291/0001047469-03-011291-index.htm",
    "finalLink": "https://www.sec.gov/Archives/edgar/data/1120193/000104746903011291/a2106487z10-k.htm"
  },
  {
    "date": "2001-12-31",
    "symbol": "NDAQ",
    "reportedCurrency": "USD",
    "cik": "0001120193",
    "fillingDate": "2002-03-28",
    "acceptedDate": "2002-03-28 00:00:00",
    "calendarYear": "2001",
    "period": "FY",
    "revenue": 857232000,
    "costOfRevenue": 0,
    "grossProfit": 857232000,
    "grossProfitRatio": 1,
    "researchAndDevelopmentExpenses": 0,
    "generalAndAdministrativeExpenses": 572885000,
    "sellingAndMarketingExpenses": 28017000,
    "sellingGeneralAndAdministrativeExpenses": 600902000,
    "otherExpenses": 195199000,
    "operatingExpenses": 796101000,
    "costAndExpenses": 796101000,
    "interestIncome": 0,
    "interestExpense": 0,
    "depreciationAndAmortization": 100283000,
    "ebitda": 161414000,
    "ebitdaratio": 0.1882967505,
    "operatingIncome": 61131000,
    "operatingIncomeRatio": 0.0713120835,
    "totalOtherIncomeExpensesNet": 17664000,
    "incomeBeforeTax": 78795000,
    "incomeBeforeTaxRatio": 0.0919179405,
    "incomeTaxExpense": 38332000,
    "netIncome": 40463000,
    "netIncomeRatio": 0.0472019243,
    "eps": 0.12,
    "epsdiluted": 0.12,
    "weightedAverageShsOut": 358133333,
    "weightedAverageShsOutDil": 366272727,
    "link": "https://www.sec.gov/Archives/edgar/data/1120193/000091205702012206/0000912057-02-012206-index.htm",
    "finalLink": "https://www.sec.gov/Archives/edgar/data/1120193/000091205702012206/a2074352z10-k.htm"
  },
  {
    "date": "2000-12-31",
    "symbol": "NDAQ",
    "reportedCurrency": "USD",
    "cik": "0001120193",
    "fillingDate": "2000-12-31",
    "acceptedDate": "2000-12-31 00:00:00",
    "calendarYear": "2000",
    "period": "FY",
    "revenue": 832711000,
    "costOfRevenue": 0,
    "grossProfit": 832711000,
    "grossProfitRatio": 1,
    "researchAndDevelopmentExpenses": 0,
    "generalAndAdministrativeExpenses": 0,
    "sellingAndMarketingExpenses": 45908000,
    "sellingGeneralAndAdministrativeExpenses": 45908000,
    "otherExpenses": 590783000,
    "operatingExpenses": 636691000,
    "costAndExpenses": 636691000,
    "interestIncome": 0,
    "interestExpense": 0,
    "depreciationAndAmortization": 65645000,
    "ebitda": 261665000,
    "ebitdaratio": 0.314232669,
    "operatingIncome": 196020000,
    "operatingIncomeRatio": 0.2353997966,
    "totalOtherIncomeExpensesNet": 18853000,
    "incomeBeforeTax": 214873000,
    "incomeBeforeTaxRatio": 0.2580403045,
    "incomeTaxExpense": 90477000,
    "netIncome": 23306000,
    "netIncomeRatio": 0.0279881015,
    "eps": 0.07,
    "epsdiluted": 0.07,
    "weightedAverageShsOut": 332942857,
    "weightedAverageShsOutDil": 332942857,
    "link": null,
    "finalLink": null
  },
  {
    "date": "1999-12-31",
    "symbol": "NDAQ",
    "reportedCurrency": "USD",
    "cik": "0001120193",
    "fillingDate": "1999-12-31",
    "acceptedDate": "1999-12-30 19:00:00",
    "calendarYear": "1999",
    "period": "FY",
    "revenue": 634248000,
    "costOfRevenue": 0,
    "grossProfit": 634248000,
    "grossProfitRatio": 1,
    "researchAndDevelopmentExpenses": 0,
    "generalAndAdministrativeExpenses": 0,
    "sellingAndMarketingExpenses": 0,
    "sellingGeneralAndAdministrativeExpenses": 0,
    "otherExpenses": 499736000,
    "operatingExpenses": 499736000,
    "costAndExpenses": 499736000,
    "interestIncome": 0,
    "interestExpense": 0,
    "depreciationAndAmortization": 0,
    "ebitda": 134512000,
    "ebitdaratio": 0.2120810787,
    "operatingIncome": 134512000,
    "operatingIncomeRatio": 0.2120810787,
    "totalOtherIncomeExpensesNet": -134512000,
    "incomeBeforeTax": 0,
    "incomeBeforeTaxRatio": 0,
    "incomeTaxExpense": 0,
    "netIncome": 86149000,
    "netIncomeRatio": 0.1358285718,
    "eps": 0.29,
    "epsdiluted": 0.29,
    "weightedAverageShsOut": 300519767,
    "weightedAverageShsOutDil": 300519767,
    "link": "",
    "finalLink": ""
  },
  {
    "date": "1998-12-31",
    "symbol": "NDAQ",
    "reportedCurrency": "USD",
    "cik": "0001120193",
    "fillingDate": "1998-12-31",
    "acceptedDate": "1998-12-30 19:00:00",
    "calendarYear": "1998",
    "period": "FY",
    "revenue": 450823000,
    "costOfRevenue": 0,
    "grossProfit": 450823000,
    "grossProfitRatio": 1,
    "researchAndDevelopmentExpenses": 0,
    "generalAndAdministrativeExpenses": 0,
    "sellingAndMarketingExpenses": 0,
    "sellingGeneralAndAdministrativeExpenses": 0,
    "otherExpenses": 397165000,
    "operatingExpenses": 397165000,
    "costAndExpenses": 397165000,
    "interestIncome": 0,
    "interestExpense": 0,
    "depreciationAndAmortization": 0,
    "ebitda": 53658000,
    "ebitdaratio": 0.1190223214,
    "operatingIncome": 53658000,
    "operatingIncomeRatio": 0.1190223214,
    "totalOtherIncomeExpensesNet": -53658000,
    "incomeBeforeTax": 0,
    "incomeBeforeTaxRatio": 0,
    "incomeTaxExpense": 0,
    "netIncome": 34955000,
    "netIncomeRatio": 0.0775359731,
    "eps": 0.12,
    "epsdiluted": 0.12,
    "weightedAverageShsOut": 299614286,
    "weightedAverageShsOutDil": 299614286,
    "link": "",
    "finalLink": ""
  }
]