[
  {
    "date": "2025-07-31",
    "symbol": "NDSN",
    "reportedCurrency": "USD",
    "cik": "0000072331",
    "fillingDate": "2025-08-21",
    "acceptedDate": "2025-08-21 13:36:47",
    "calendarYear": "2025",
    "period": "Q3",
    "revenue": 741509000,
    "costOfRevenue": 334992000,
    "grossProfit": 406517000,
    "grossProfitRatio": 0.5482293539,
    "researchAndDevelopmentExpenses": 0,
    "generalAndAdministrativeExpenses": 0,
    "sellingAndMarketingExpenses": 0,
    "sellingGeneralAndAdministrativeExpenses": 206539000,
    "otherExpenses": 12211000,
    "operatingExpenses": 218750000,
    "costAndExpenses": 553742000,
    "interestIncome": 560000,
    "interestExpense": 26258000,
    "depreciationAndAmortization": 37846000,
    "ebitda": 223228000,
    "ebitdaratio": 0.3010455706,
    "operatingIncome": 187767000,
    "operatingIncomeRatio": 0.25322282,
    "totalOtherIncomeExpensesNet": -28643000,
    "incomeBeforeTax": 159124000,
    "incomeBeforeTaxRatio": 0.214594833,
    "incomeTaxExpense": 33340000,
    "netIncome": 125784000,
    "netIncomeRatio": 0.1696324657,
    "eps": 2.22,
    "epsdiluted": 2.21,
    "weightedAverageShsOut": 56785000,
    "weightedAverageShsOutDil": 57038000,
    "link": "https://www.sec.gov/Archives/edgar/data/72331/000007233125000114/0000072331-25-000114-index.htm",
    "finalLink": "https://www.sec.gov/Archives/edgar/data/72331/000007233125000114/ndsn-20250731.htm"
  },
  {
    "date": "2025-04-30",
    "symbol": "NDSN",
    "reportedCurrency": "USD",
    "cik": "0000072331",
    "fillingDate": "2025-05-29",
    "acceptedDate": "2025-05-29 14:06:30",
    "calendarYear": "2025",
    "period": "Q2",
    "revenue": 682938000,
    "costOfRevenue": 309034000,
    "grossProfit": 373904000,
    "grossProfitRatio": 0.5474933303,
    "researchAndDevelopmentExpenses": 0,
    "generalAndAdministrativeExpenses": 0,
    "sellingAndMarketingExpenses": 0,
    "sellingGeneralAndAdministrativeExpenses": 205154000,
    "otherExpenses": 0,
    "operatingExpenses": 205154000,
    "costAndExpenses": 514188000,
    "interestIncome": 553000,
    "interestExpense": 26572000,
    "depreciationAndAmortization": 37577000,
    "ebitda": 202919000,
    "ebitdaratio": 0.2971265327,
    "operatingIncome": 168750000,
    "operatingIncomeRatio": 0.2470941725,
    "totalOtherIncomeExpensesNet": -29980000,
    "incomeBeforeTax": 138770000,
    "incomeBeforeTaxRatio": 0.2031956049,
    "incomeTaxExpense": 26366000,
    "netIncome": 112404000,
    "netIncomeRatio": 0.1645888792,
    "eps": 1.98,
    "epsdiluted": 1.97,
    "weightedAverageShsOut": 56785000,
    "weightedAverageShsOutDil": 57038000,
    "link": "https://www.sec.gov/Archives/edgar/data/72331/000007233125000057/0000072331-25-000057-index.htm",
    "finalLink": "https://www.sec.gov/Archives/edgar/data/72331/000007233125000057/ndsn-20250430.htm"
  },
  {
    "date": "2025-01-31",
    "symbol": "NDSN",
    "reportedCurrency": "USD",
    "cik": "0000072331",
    "fillingDate": "2025-02-20",
    "acceptedDate": "2025-02-20 13:27:56",
    "calendarYear": "2025",
    "period": "Q1",
    "revenue": 615420000,
    "costOfRevenue": 279524000,
    "grossProfit": 335896000,
    "grossProfitRatio": 0.5457996165,
    "researchAndDevelopmentExpenses": 0,
    "generalAndAdministrativeExpenses": 0,
    "sellingAndMarketingExpenses": 0,
    "sellingGeneralAndAdministrativeExpenses": 194949000,
    "otherExpenses": 0,
    "operatingExpenses": 194949000,
    "costAndExpenses": 474473000,
    "interestIncome": 941000,
    "interestExpense": 26559000,
    "depreciationAndAmortization": 37031000,
    "ebitda": 180445000,
    "ebitdaratio": 0.2932062656,
    "operatingIncome": 140947000,
    "operatingIncomeRatio": 0.229025706,
    "totalOtherIncomeExpensesNet": -24092000,
    "incomeBeforeTax": 116855000,
    "incomeBeforeTaxRatio": 0.189878457,
    "incomeTaxExpense": 22203000,
    "netIncome": 94652000,
    "netIncomeRatio": 0.1538006565,
    "eps": 1.66,
    "epsdiluted": 1.65,
    "weightedAverageShsOut": 57129000,
    "weightedAverageShsOutDil": 57486000,
    "link": "https://www.sec.gov/Archives/edgar/data/72331/000007233125000032/0000072331-25-000032-index.htm",
    "finalLink": "https://www.sec.gov/Archives/edgar/data/72331/000007233125000032/ndsn-20250131.htm"
  },
  {
    "date": "2024-10-31",
    "symbol": "NDSN",
    "reportedCurrency": "USD",
    "cik": "0000072331",
    "fillingDate": "2024-12-18",
    "acceptedDate": "2024-12-18 17:04:14",
    "calendarYear": "2024",
    "period": "Q4",
    "revenue": 744482000,
    "costOfRevenue": 341658000,
    "grossProfit": 402824000,
    "grossProfitRatio": 0.5410795694,
    "researchAndDevelopmentExpenses": 0,
    "generalAndAdministrativeExpenses": 0,
    "sellingAndMarketingExpenses": 0,
    "sellingGeneralAndAdministrativeExpenses": 223932000,
    "otherExpenses": 0,
    "operatingExpenses": 223932000,
    "costAndExpenses": 565590000,
    "interestIncome": 1288000,
    "interestExpense": 28570000,
    "depreciationAndAmortization": 36529000,
    "ebitda": 213171000,
    "ebitdaratio": 0.2863346595,
    "operatingIncome": 178892000,
    "operatingIncomeRatio": 0.2402905644,
    "totalOtherIncomeExpensesNet": -30820000,
    "incomeBeforeTax": 148072000,
    "incomeBeforeTaxRatio": 0.1988926529,
    "incomeTaxExpense": 25904000,
    "netIncome": 122168000,
    "netIncomeRatio": 0.1640979903,
    "eps": 2.12,
    "epsdiluted": 2.12,
    "weightedAverageShsOut": 57603000,
    "weightedAverageShsOutDil": 57603000,
    "link": "https://www.sec.gov/Archives/edgar/data/72331/000007233124000177/0000072331-24-000177-index.htm",
    "finalLink": "https://www.sec.gov/Archives/edgar/data/72331/000007233124000177/ndsn-20241031.htm"
  },
  {
    "date": "2024-07-31",
    "symbol": "NDSN",
    "reportedCurrency": "USD",
    "cik": "0000072331",
    "fillingDate": "2024-08-22",
    "acceptedDate": "2024-08-22 13:42:47",
    "calendarYear": "2024",
    "period": "Q3",
    "revenue": 661604000,
    "costOfRevenue": 292603000,
    "grossProfit": 369001000,
    "grossProfitRatio": 0.5577369544,
    "researchAndDevelopmentExpenses": 0,
    "generalAndAdministrativeExpenses": 0,
    "sellingAndMarketingExpenses": 0,
    "sellingGeneralAndAdministrativeExpenses": 201943000,
    "otherExpenses": 0,
    "operatingExpenses": 201943000,
    "costAndExpenses": 494546000,
    "interestIncome": 1027000,
    "interestExpense": 18803000,
    "depreciationAndAmortization": 33382000,
    "ebitda": 201619000,
    "ebitdaratio": 0.3047427162,
    "operatingIncome": 167058000,
    "operatingIncomeRatio": 0.2525045193,
    "totalOtherIncomeExpensesNet": -17624000,
    "incomeBeforeTax": 149434000,
    "incomeBeforeTaxRatio": 0.2258662281,
    "incomeTaxExpense": 32107000,
    "netIncome": 117327000,
    "netIncomeRatio": 0.1773371987,
    "eps": 2.05,
    "epsdiluted": 2.04,
    "weightedAverageShsOut": 57229000,
    "weightedAverageShsOutDil": 57624000,
    "link": "https://www.sec.gov/Archives/edgar/data/72331/000007233124000111/0000072331-24-000111-index.htm",
    "finalLink": "https://www.sec.gov/Archives/edgar/data/72331/000007233124000111/ndsn-20240731.htm"
  },
  {
    "date": "2024-04-30",
    "symbol": "NDSN",
    "reportedCurrency": "USD",
    "cik": "0000072331",
    "fillingDate": "2024-05-23",
    "acceptedDate": "2024-05-23 13:12:45",
    "calendarYear": "2024",
    "period": "Q2",
    "revenue": 650642000,
    "costOfRevenue": 284765000,
    "grossProfit": 365877000,
    "grossProfitRatio": 0.562332281,
    "researchAndDevelopmentExpenses": 0,
    "generalAndAdministrativeExpenses": 0,
    "sellingAndMarketingExpenses": 0,
    "sellingGeneralAndAdministrativeExpenses": 197261000,
    "otherExpenses": 0,
    "operatingExpenses": 197261000,
    "costAndExpenses": 482026000,
    "interestIncome": 1554000,
    "interestExpense": 20109000,
    "depreciationAndAmortization": 32720000,
    "ebitda": 202105000,
    "ebitdaratio": 0.3106239683,
    "operatingIncome": 168616000,
    "operatingIncomeRatio": 0.2591532671,
    "totalOtherIncomeExpensesNet": -19340000,
    "incomeBeforeTax": 149276000,
    "incomeBeforeTaxRatio": 0.2294287796,
    "incomeTaxExpense": 31059000,
    "netIncome": 118217000,
    "netIncomeRatio": 0.1816928511,
    "eps": 2.07,
    "epsdiluted": 2.05,
    "weightedAverageShsOut": 57222000,
    "weightedAverageShsOutDil": 57681000,
    "link": "https://www.sec.gov/Archives/edgar/data/72331/000007233124000075/0000072331-24-000075-index.htm",
    "finalLink": "https://www.sec.gov/Archives/edgar/data/72331/000007233124000075/ndsn-20240430.htm"
  },
  {
    "date": "2024-01-31",
    "symbol": "NDSN",
    "reportedCurrency": "USD",
    "cik": "0000072331",
    "fillingDate": "2024-02-22",
    "acceptedDate": "2024-02-22 12:02:05",
    "calendarYear": "2024",
    "period": "Q1",
    "revenue": 633193000,
    "costOfRevenue": 284766000,
    "grossProfit": 348427000,
    "grossProfitRatio": 0.5502698229,
    "researchAndDevelopmentExpenses": 0,
    "generalAndAdministrativeExpenses": 187967000,
    "sellingAndMarketingExpenses": 1025000,
    "sellingGeneralAndAdministrativeExpenses": 188992000,
    "otherExpenses": 0,
    "operatingExpenses": 188992000,
    "costAndExpenses": 473758000,
    "interestIncome": 1044000,
    "interestExpense": 21442000,
    "depreciationAndAmortization": 33544000,
    "ebitda": 193685000,
    "ebitdaratio": 0.305886199,
    "operatingIncome": 159435000,
    "operatingIncomeRatio": 0.2517952662,
    "totalOtherIncomeExpensesNet": -20736000,
    "incomeBeforeTax": 138699000,
    "incomeBeforeTaxRatio": 0.2190469572,
    "incomeTaxExpense": 29127000,
    "netIncome": 109572000,
    "netIncomeRatio": 0.1730467646,
    "eps": 1.92,
    "epsdiluted": 1.9,
    "weightedAverageShsOut": 57064000,
    "weightedAverageShsOutDil": 57555000,
    "link": "https://www.sec.gov/Archives/edgar/data/72331/000007233124000041/0000072331-24-000041-index.htm",
    "finalLink": "https://www.sec.gov/Archives/edgar/data/72331/000007233124000041/ndsn-20240131.htm"
  },
  {
    "date": "2023-10-31",
    "symbol": "NDSN",
    "reportedCurrency": "USD",
    "cik": "0000072331",
    "fillingDate": "2023-12-20",
    "acceptedDate": "2023-12-20 17:04:04",
    "calendarYear": "2023",
    "period": "Q4",
    "revenue": 719313000,
    "costOfRevenue": 335220000,
    "grossProfit": 384093000,
    "grossProfitRatio": 0.5339719983,
    "researchAndDevelopmentExpenses": 0,
    "generalAndAdministrativeExpenses": 0,
    "sellingAndMarketingExpenses": 0,
    "sellingGeneralAndAdministrativeExpenses": 199054000,
    "otherExpenses": 0,
    "operatingExpenses": 199054000,
    "costAndExpenses": 534274000,
    "interestIncome": 1052000,
    "interestExpense": 26973000,
    "depreciationAndAmortization": 31261000,
    "ebitda": 218814000,
    "ebitdaratio": 0.3041985895,
    "operatingIncome": 185039000,
    "operatingIncomeRatio": 0.2572440648,
    "totalOtherIncomeExpensesNet": -24459000,
    "incomeBeforeTax": 160580000,
    "incomeBeforeTaxRatio": 0.2232407867,
    "incomeTaxExpense": 32802000,
    "netIncome": 127778000,
    "netIncomeRatio": 0.1776389416,
    "eps": 2.24,
    "epsdiluted": 2.22,
    "weightedAverageShsOut": 57020000,
    "weightedAverageShsOutDil": 57552000,
    "link": "https://www.sec.gov/Archives/edgar/data/72331/000007233123000242/0000072331-23-000242-index.htm",
    "finalLink": "https://www.sec.gov/Archives/edgar/data/72331/000007233123000242/ndsn-20231031.htm"
  },
  {
    "date": "2023-07-31",
    "symbol": "NDSN",
    "reportedCurrency": "USD",
    "cik": "0000072331",
    "fillingDate": "2023-08-24",
    "acceptedDate": "2023-08-24 16:22:16",
    "calendarYear": "2023",
    "period": "Q3",
    "revenue": 648677000,
    "costOfRevenue": 288357000,
    "grossProfit": 360320000,
    "grossProfitRatio": 0.5554690547,
    "researchAndDevelopmentExpenses": 0,
    "generalAndAdministrativeExpenses": 0,
    "sellingAndMarketingExpenses": 0,
    "sellingGeneralAndAdministrativeExpenses": 189324000,
    "otherExpenses": 0,
    "operatingExpenses": 189324000,
    "costAndExpenses": 477681000,
    "interestIncome": 603000,
    "interestExpense": 12089000,
    "depreciationAndAmortization": 27102000,
    "ebitda": 201243000,
    "ebitdaratio": 0.3102360651,
    "operatingIncome": 170996000,
    "operatingIncomeRatio": 0.2636073115,
    "totalOtherIncomeExpensesNet": -8944000,
    "incomeBeforeTax": 162052000,
    "incomeBeforeTaxRatio": 0.2498192475,
    "incomeTaxExpense": 34161000,
    "netIncome": 127891000,
    "netIncomeRatio": 0.1971566743,
    "eps": 2.24,
    "epsdiluted": 2.22,
    "weightedAverageShsOut": 56989000,
    "weightedAverageShsOutDil": 57530000,
    "link": "https://www.sec.gov/Archives/edgar/data/72331/000007233123000148/0000072331-23-000148-index.htm",
    "finalLink": "https://www.sec.gov/Archives/edgar/data/72331/000007233123000148/ndsn-20230731.htm"
  },
  {
    "date": "2023-04-30",
    "symbol": "NDSN",
    "reportedCurrency": "USD",
    "cik": "0000072331",
    "fillingDate": "2023-05-25",
    "acceptedDate": "2023-05-25 12:46:52",
    "calendarYear": "2023",
    "period": "Q2",
    "revenue": 650165000,
    "costOfRevenue": 298040000,
    "grossProfit": 352125000,
    "grossProfitRatio": 0.5415932879,
    "researchAndDevelopmentExpenses": 0,
    "generalAndAdministrativeExpenses": 0,
    "sellingAndMarketingExpenses": 0,
    "sellingGeneralAndAdministrativeExpenses": 179618000,
    "otherExpenses": 0,
    "operatingExpenses": 179618000,
    "costAndExpenses": 477658000,
    "interestIncome": 438000,
    "interestExpense": 9913000,
    "depreciationAndAmortization": 27101000,
    "ebitda": 198641000,
    "ebitdaratio": 0.3055239824,
    "operatingIncome": 172507000,
    "operatingIncomeRatio": 0.2653280321,
    "totalOtherIncomeExpensesNet": -10880000,
    "incomeBeforeTax": 161627000,
    "incomeBeforeTaxRatio": 0.2485938185,
    "incomeTaxExpense": 34064000,
    "netIncome": 127563000,
    "netIncomeRatio": 0.1962009644,
    "eps": 2.23,
    "epsdiluted": 2.21,
    "weightedAverageShsOut": 57184000,
    "weightedAverageShsOutDil": 57680000,
    "link": "https://www.sec.gov/Archives/edgar/data/72331/000007233123000099/0000072331-23-000099-index.htm",
    "finalLink": "https://www.sec.gov/Archives/edgar/data/72331/000007233123000099/ndsn-20230430.htm"
  },
  {
    "date": "2023-01-31",
    "symbol": "NDSN",
    "reportedCurrency": "USD",
    "cik": "0000072331",
    "fillingDate": "2023-02-23",
    "acceptedDate": "2023-02-23 13:04:47",
    "calendarYear": "2023",
    "period": "Q1",
    "revenue": 610477000,
    "costOfRevenue": 281610000,
    "grossProfit": 328867000,
    "grossProfitRatio": 0.5387049799,
    "researchAndDevelopmentExpenses": 0,
    "generalAndAdministrativeExpenses": 183279000,
    "sellingAndMarketingExpenses": 1369000,
    "sellingGeneralAndAdministrativeExpenses": 184648000,
    "otherExpenses": 0,
    "operatingExpenses": 184648000,
    "costAndExpenses": 466258000,
    "interestIncome": 587000,
    "interestExpense": 10530000,
    "depreciationAndAmortization": 26434000,
    "ebitda": 168044000,
    "ebitdaratio": 0.2752667177,
    "operatingIncome": 144219000,
    "operatingIncomeRatio": 0.2362398583,
    "totalOtherIncomeExpensesNet": -13139000,
    "incomeBeforeTax": 131080000,
    "incomeBeforeTaxRatio": 0.214717344,
    "incomeTaxExpense": 26819000,
    "netIncome": 104261000,
    "netIncomeRatio": 0.170786123,
    "eps": 1.82,
    "epsdiluted": 1.81,
    "weightedAverageShsOut": 57170000,
    "weightedAverageShsOutDil": 57762000,
    "link": "https://www.sec.gov/Archives/edgar/data/72331/000007233123000045/0000072331-23-000045-index.htm",
    "finalLink": "https://www.sec.gov/Archives/edgar/data/72331/000007233123000045/ndsn-20230131.htm"
  },
  {
    "date": "2022-10-31",
    "symbol": "NDSN",
    "reportedCurrency": "USD",
    "cik": "0000072331",
    "fillingDate": "2022-12-19",
    "acceptedDate": "2022-12-19 08:12:18",
    "calendarYear": "2022",
    "period": "Q4",
    "revenue": 683581000,
    "costOfRevenue": 320398000,
    "grossProfit": 363183000,
    "grossProfitRatio": 0.5312947551,
    "researchAndDevelopmentExpenses": 0,
    "generalAndAdministrativeExpenses": 0,
    "sellingAndMarketingExpenses": 0,
    "sellingGeneralAndAdministrativeExpenses": 185574000,
    "otherExpenses": 0,
    "operatingExpenses": 185574000,
    "costAndExpenses": 505972000,
    "interestIncome": 570000,
    "interestExpense": 5665000,
    "depreciationAndAmortization": 24681000,
    "ebitda": 207886000,
    "ebitdaratio": 0.3041131921,
    "operatingIncome": 177609000,
    "operatingIncomeRatio": 0.2598214403,
    "totalOtherIncomeExpensesNet": -69000,
    "incomeBeforeTax": 177540000,
    "incomeBeforeTaxRatio": 0.2597205013,
    "incomeTaxExpense": 36291000,
    "netIncome": 141249000,
    "netIncomeRatio": 0.2066309625,
    "eps": 2.47,
    "epsdiluted": 2.44,
    "weightedAverageShsOut": 57170000,
    "weightedAverageShsOutDil": 57823000,
    "link": "https://www.sec.gov/Archives/edgar/data/72331/000007233122000185/0000072331-22-000185-index.htm",
    "finalLink": "https://www.sec.gov/Archives/edgar/data/72331/000007233122000185/ndsn-20221031.htm"
  },
  {
    "date": "2022-07-31",
    "symbol": "NDSN",
    "reportedCurrency": "USD",
    "cik": "0000072331",
    "fillingDate": "2022-08-26",
    "acceptedDate": "2022-08-26 13:48:50",
    "calendarYear": "2022",
    "period": "Q3",
    "revenue": 662128000,
    "costOfRevenue": 296544000,
    "grossProfit": 365584000,
    "grossProfitRatio": 0.5521349346,
    "researchAndDevelopmentExpenses": 0,
    "generalAndAdministrativeExpenses": 0,
    "sellingAndMarketingExpenses": 0,
    "sellingGeneralAndAdministrativeExpenses": 180666000,
    "otherExpenses": 0,
    "operatingExpenses": 180666000,
    "costAndExpenses": 477210000,
    "interestIncome": 572000,
    "interestExpense": 5737000,
    "depreciationAndAmortization": 24887000,
    "ebitda": 211129000,
    "ebitdaratio": 0.3188643283,
    "operatingIncome": 184918000,
    "operatingIncomeRatio": 0.2792783268,
    "totalOtherIncomeExpensesNet": -4413000,
    "incomeBeforeTax": 180505000,
    "incomeBeforeTaxRatio": 0.2726134524,
    "incomeTaxExpense": 38694000,
    "netIncome": 141811000,
    "netIncomeRatio": 0.2141746007,
    "eps": 2.47,
    "epsdiluted": 2.45,
    "weightedAverageShsOut": 57409000,
    "weightedAverageShsOutDil": 57969000,
    "link": "https://www.sec.gov/Archives/edgar/data/72331/000007233122000083/0000072331-22-000083-index.htm",
    "finalLink": "https://www.sec.gov/Archives/edgar/data/72331/000007233122000083/ndsn-20220731.htm"
  },
  {
    "date": "2022-04-30",
    "symbol": "NDSN",
    "reportedCurrency": "USD",
    "cik": "0000072331",
    "fillingDate": "2022-05-27",
    "acceptedDate": "2022-05-27 13:12:06",
    "calendarYear": "2022",
    "period": "Q2",
    "revenue": 635403000,
    "costOfRevenue": 277768000,
    "grossProfit": 357635000,
    "grossProfitRatio": 0.5628475157,
    "researchAndDevelopmentExpenses": 0,
    "generalAndAdministrativeExpenses": 0,
    "sellingAndMarketingExpenses": 0,
    "sellingGeneralAndAdministrativeExpenses": 173662000,
    "otherExpenses": 0,
    "operatingExpenses": 173662000,
    "costAndExpenses": 451430000,
    "interestIncome": 419000,
    "interestExpense": 5361000,
    "depreciationAndAmortization": 24965000,
    "ebitda": 169593000,
    "ebitdaratio": 0.2669061997,
    "operatingIncome": 183973000,
    "operatingIncomeRatio": 0.2895375061,
    "totalOtherIncomeExpensesNet": -44706000,
    "incomeBeforeTax": 139267000,
    "incomeBeforeTaxRatio": 0.2191790092,
    "incomeTaxExpense": 29633000,
    "netIncome": 109634000,
    "netIncomeRatio": 0.1725424652,
    "eps": 1.9,
    "epsdiluted": 1.88,
    "weightedAverageShsOut": 57784000,
    "weightedAverageShsOutDil": 58382000,
    "link": "https://www.sec.gov/Archives/edgar/data/72331/000007233122000038/0000072331-22-000038-index.htm",
    "finalLink": "https://www.sec.gov/Archives/edgar/data/72331/000007233122000038/ndsn-20220430.htm"
  },
  {
    "date": "2022-01-31",
    "symbol": "NDSN",
    "reportedCurrency": "USD",
    "cik": "0000072331",
    "fillingDate": "2022-02-25",
    "acceptedDate": "2022-02-25 15:31:38",
    "calendarYear": "2022",
    "period": "Q1",
    "revenue": 609166000,
    "costOfRevenue": 269032000,
    "grossProfit": 340134000,
    "grossProfitRatio": 0.5583601186,
    "researchAndDevelopmentExpenses": 0,
    "generalAndAdministrativeExpenses": 0,
    "sellingAndMarketingExpenses": 0,
    "sellingGeneralAndAdministrativeExpenses": 184274000,
    "otherExpenses": 0,
    "operatingExpenses": 184274000,
    "costAndExpenses": 453306000,
    "interestIncome": 465000,
    "interestExpense": 5650000,
    "depreciationAndAmortization": 25390000,
    "ebitda": 183007000,
    "ebitdaratio": 0.3004222166,
    "operatingIncome": 155860000,
    "operatingIncomeRatio": 0.2558580091,
    "totalOtherIncomeExpensesNet": -3893000,
    "incomeBeforeTax": 151967000,
    "incomeBeforeTaxRatio": 0.2494673045,
    "incomeTaxExpense": 31558000,
    "netIncome": 120409000,
    "netIncomeRatio": 0.1976620494,
    "eps": 2.07,
    "epsdiluted": 2.05,
    "weightedAverageShsOut": 58152000,
    "weightedAverageShsOutDil": 58819000,
    "link": "https://www.sec.gov/Archives/edgar/data/72331/000007233122000016/0000072331-22-000016-index.htm",
    "finalLink": "https://www.sec.gov/Archives/edgar/data/72331/000007233122000016/ndsn-20220131.htm"
  },
  {
    "date": "2021-10-31",
    "symbol": "NDSN",
    "reportedCurrency": "USD",
    "cik": "0000072331",
    "fillingDate": "2021-12-17",
    "acceptedDate": "2021-12-17 13:40:34",
    "calendarYear": "2021",
    "period": "Q4",
    "revenue": 599247000,
    "costOfRevenue": 268097000,
    "grossProfit": 331150000,
    "grossProfitRatio": 0.5526101925,
    "researchAndDevelopmentExpenses": 0,
    "generalAndAdministrativeExpenses": 0,
    "sellingAndMarketingExpenses": 0,
    "sellingGeneralAndAdministrativeExpenses": 179715000,
    "otherExpenses": 0,
    "operatingExpenses": 179715000,
    "costAndExpenses": 447812000,
    "interestIncome": 829000,
    "interestExpense": 5281000,
    "depreciationAndAmortization": 25650000,
    "ebitda": 171040000,
    "ebitdaratio": 0.2854248749,
    "operatingIncome": 151435000,
    "operatingIncomeRatio": 0.2527088162,
    "totalOtherIncomeExpensesNet": -11326000,
    "incomeBeforeTax": 140109000,
    "incomeBeforeTaxRatio": 0.2338084296,
    "incomeTaxExpense": 29649000,
    "netIncome": 110460000,
    "netIncomeRatio": 0.1843313358,
    "eps": 1.9,
    "epsdiluted": 1.88,
    "weightedAverageShsOut": 58123000,
    "weightedAverageShsOutDil": 58792000,
    "link": "https://www.sec.gov/Archives/edgar/data/72331/000007233121000079/0000072331-21-000079-index.htm",
    "finalLink": "https://www.sec.gov/Archives/edgar/data/72331/000007233121000079/ndsn-20211031.htm"
  },
  {
    "date": "2021-07-31",
    "symbol": "NDSN",
    "reportedCurrency": "USD",
    "cik": "0000072331",
    "fillingDate": "2021-08-31",
    "acceptedDate": "2021-08-31 14:01:38",
    "calendarYear": "2021",
    "period": "Q3",
    "revenue": 646858000,
    "costOfRevenue": 281587000,
    "grossProfit": 365271000,
    "grossProfitRatio": 0.564684985,
    "researchAndDevelopmentExpenses": 0,
    "generalAndAdministrativeExpenses": 0,
    "sellingAndMarketingExpenses": 0,
    "sellingGeneralAndAdministrativeExpenses": 176995000,
    "otherExpenses": 0,
    "operatingExpenses": 176995000,
    "costAndExpenses": 458582000,
    "interestIncome": 492000,
    "interestExpense": 6139000,
    "depreciationAndAmortization": 26897000,
    "ebitda": 213433000,
    "ebitdaratio": 0.3299534055,
    "operatingIncome": 188276000,
    "operatingIncomeRatio": 0.2910623352,
    "totalOtherIncomeExpensesNet": -7879000,
    "incomeBeforeTax": 180397000,
    "incomeBeforeTaxRatio": 0.2788819184,
    "incomeTaxExpense": 38215000,
    "netIncome": 142182000,
    "netIncomeRatio": 0.2198040374,
    "eps": 2.45,
    "epsdiluted": 2.42,
    "weightedAverageShsOut": 58112000,
    "weightedAverageShsOutDil": 58735000,
    "link": "https://www.sec.gov/Archives/edgar/data/72331/000007233121000064/0000072331-21-000064-index.htm",
    "finalLink": "https://www.sec.gov/Archives/edgar/data/72331/000007233121000064/ndsn-20210731.htm"
  },
  {
    "date": "2021-04-30",
    "symbol": "NDSN",
    "reportedCurrency": "USD",
    "cik": "0000072331",
    "fillingDate": "2021-05-28",
    "acceptedDate": "2021-05-28 13:25:11",
    "calendarYear": "2021",
    "period": "Q2",
    "revenue": 589538000,
    "costOfRevenue": 251839000,
    "grossProfit": 337699000,
    "grossProfitRatio": 0.5728197334,
    "researchAndDevelopmentExpenses": 0,
    "generalAndAdministrativeExpenses": 0,
    "sellingAndMarketingExpenses": 0,
    "sellingGeneralAndAdministrativeExpenses": 171308000,
    "otherExpenses": 0,
    "operatingExpenses": 171308000,
    "costAndExpenses": 423147000,
    "interestIncome": 449000,
    "interestExpense": 7139000,
    "depreciationAndAmortization": 25316000,
    "ebitda": 188314000,
    "ebitdaratio": 0.3194263983,
    "operatingIncome": 166391000,
    "operatingIncomeRatio": 0.2822396521,
    "totalOtherIncomeExpensesNet": -10533000,
    "incomeBeforeTax": 155858000,
    "incomeBeforeTaxRatio": 0.2643731193,
    "incomeTaxExpense": 31714000,
    "netIncome": 124144000,
    "netIncomeRatio": 0.210578453,
    "eps": 2.14,
    "epsdiluted": 2.12,
    "weightedAverageShsOut": 58068000,
    "weightedAverageShsOutDil": 58652000,
    "link": "https://www.sec.gov/Archives/edgar/data/72331/000007233121000040/0000072331-21-000040-index.htm",
    "finalLink": "https://www.sec.gov/Archives/edgar/data/72331/000007233121000040/ndsn-20210430.htm"
  },
  {
    "date": "2021-01-31",
    "symbol": "NDSN",
    "reportedCurrency": "USD",
    "cik": "0000072331",
    "fillingDate": "2021-03-04",
    "acceptedDate": "2021-03-04 13:14:44",
    "calendarYear": "2021",
    "period": "Q1",
    "revenue": 526566000,
    "costOfRevenue": 236606000,
    "grossProfit": 289960000,
    "grossProfitRatio": 0.5506622152,
    "researchAndDevelopmentExpenses": 0,
    "generalAndAdministrativeExpenses": 0,
    "sellingAndMarketingExpenses": 0,
    "sellingGeneralAndAdministrativeExpenses": 180935000,
    "otherExpenses": 0,
    "operatingExpenses": 180935000,
    "costAndExpenses": 417541000,
    "interestIncome": 380000,
    "interestExpense": 6932000,
    "depreciationAndAmortization": 26020000,
    "ebitda": 130764000,
    "ebitdaratio": 0.2483335422,
    "operatingIncome": 109025000,
    "operatingIncomeRatio": 0.2070490689,
    "totalOtherIncomeExpensesNet": -11213000,
    "incomeBeforeTax": 97812000,
    "incomeBeforeTaxRatio": 0.1857544923,
    "incomeTaxExpense": 20230000,
    "netIncome": 77582000,
    "netIncomeRatio": 0.1473357566,
    "eps": 1.34,
    "epsdiluted": 1.32,
    "weightedAverageShsOut": 58059000,
    "weightedAverageShsOutDil": 58755000,
    "link": "https://www.sec.gov/Archives/edgar/data/72331/000007233121000023/0000072331-21-000023-index.htm",
    "finalLink": "https://www.sec.gov/Archives/edgar/data/72331/000007233121000023/ndsn-20210131.htm"
  },
  {
    "date": "2020-10-31",
    "symbol": "NDSN",
    "reportedCurrency": "USD",
    "cik": "0000072331",
    "fillingDate": "2020-12-18",
    "acceptedDate": "2020-12-18 12:00:51",
    "calendarYear": "2020",
    "period": "Q4",
    "revenue": 558525000,
    "costOfRevenue": 261657000,
    "grossProfit": 296868000,
    "grossProfitRatio": 0.531521418,
    "researchAndDevelopmentExpenses": 0,
    "generalAndAdministrativeExpenses": 0,
    "sellingAndMarketingExpenses": 0,
    "sellingGeneralAndAdministrativeExpenses": 172129000,
    "otherExpenses": 87371000,
    "operatingExpenses": 259500000,
    "costAndExpenses": 521157000,
    "interestIncome": 380000,
    "interestExpense": 6812000,
    "depreciationAndAmortization": 29138000,
    "ebitda": 62252000,
    "ebitdaratio": 0.1114578578,
    "operatingIncome": 37368000,
    "operatingIncomeRatio": 0.0669047939,
    "totalOtherIncomeExpensesNet": -11066000,
    "incomeBeforeTax": 26302000,
    "incomeBeforeTaxRatio": 0.0470918938,
    "incomeTaxExpense": 7827000,
    "netIncome": 18475000,
    "netIncomeRatio": 0.033078197,
    "eps": 0.32,
    "epsdiluted": 0.31,
    "weightedAverageShsOut": 57988000,
    "weightedAverageShsOutDil": 58679000,
    "link": "https://www.sec.gov/Archives/edgar/data/72331/000007233120000024/0000072331-20-000024-index.htm",
    "finalLink": "https://www.sec.gov/Archives/edgar/data/72331/000007233120000024/ndsn-20201031.htm"
  },
  {
    "date": "2020-07-31",
    "symbol": "NDSN",
    "reportedCurrency": "USD",
    "cik": "0000072331",
    "fillingDate": "2020-09-04",
    "acceptedDate": "2020-09-04 11:42:20",
    "calendarYear": "2020",
    "period": "Q3",
    "revenue": 538181000,
    "costOfRevenue": 257373000,
    "grossProfit": 280808000,
    "grossProfitRatio": 0.5217724149,
    "researchAndDevelopmentExpenses": 0,
    "generalAndAdministrativeExpenses": 0,
    "sellingAndMarketingExpenses": 0,
    "sellingGeneralAndAdministrativeExpenses": 168753000,
    "otherExpenses": 0,
    "operatingExpenses": 168753000,
    "costAndExpenses": 426126000,
    "interestIncome": 434000,
    "interestExpense": 7314000,
    "depreciationAndAmortization": 28500000,
    "ebitda": 131321000,
    "ebitdaratio": 0.2440089858,
    "operatingIncome": 112055000,
    "operatingIncomeRatio": 0.2082106206,
    "totalOtherIncomeExpensesNet": -16548000,
    "incomeBeforeTax": 95507000,
    "incomeBeforeTaxRatio": 0.1774626009,
    "incomeTaxExpense": 8526000,
    "netIncome": 86981000,
    "netIncomeRatio": 0.1616203471,
    "eps": 1.51,
    "epsdiluted": 1.49,
    "weightedAverageShsOut": 57693000,
    "weightedAverageShsOutDil": 58427000,
    "link": "https://www.sec.gov/Archives/edgar/data/72331/000156459020042612/0001564590-20-042612-index.htm",
    "finalLink": "https://www.sec.gov/Archives/edgar/data/72331/000156459020042612/ndsn-10q_20200731.htm"
  },
  {
    "date": "2020-04-30",
    "symbol": "NDSN",
    "reportedCurrency": "USD",
    "cik": "0000072331",
    "fillingDate": "2020-06-05",
    "acceptedDate": "2020-06-05 11:58:24",
    "calendarYear": "2020",
    "period": "Q2",
    "revenue": 529478000,
    "costOfRevenue": 239880000,
    "grossProfit": 289598000,
    "grossProfitRatio": 0.5469500149,
    "researchAndDevelopmentExpenses": 0,
    "generalAndAdministrativeExpenses": 0,
    "sellingAndMarketingExpenses": 0,
    "sellingGeneralAndAdministrativeExpenses": 164569000,
    "otherExpenses": 0,
    "operatingExpenses": 164569000,
    "costAndExpenses": 404449000,
    "interestIncome": 278000,
    "interestExpense": 8293000,
    "depreciationAndAmortization": 27046000,
    "ebitda": 151924000,
    "ebitdaratio": 0.2869316572,
    "operatingIncome": 125029000,
    "operatingIncomeRatio": 0.2361363456,
    "totalOtherIncomeExpensesNet": -8444000,
    "incomeBeforeTax": 116585000,
    "incomeBeforeTaxRatio": 0.2201885631,
    "incomeTaxExpense": 24506000,
    "netIncome": 92079000,
    "netIncomeRatio": 0.1739052425,
    "eps": 1.6,
    "epsdiluted": 1.58,
    "weightedAverageShsOut": 57677000,
    "weightedAverageShsOutDil": 58260000,
    "link": "https://www.sec.gov/Archives/edgar/data/72331/000156459020028467/0001564590-20-028467-index.htm",
    "finalLink": "https://www.sec.gov/Archives/edgar/data/72331/000156459020028467/ndsn-10q_20200430.htm"
  },
  {
    "date": "2020-01-31",
    "symbol": "NDSN",
    "reportedCurrency": "USD",
    "cik": "0000072331",
    "fillingDate": "2020-03-05",
    "acceptedDate": "2020-03-05 15:31:07",
    "calendarYear": "2020",
    "period": "Q1",
    "revenue": 494916000,
    "costOfRevenue": 231722000,
    "grossProfit": 263194000,
    "grossProfitRatio": 0.5317952946,
    "researchAndDevelopmentExpenses": 0,
    "generalAndAdministrativeExpenses": 0,
    "sellingAndMarketingExpenses": 0,
    "sellingGeneralAndAdministrativeExpenses": 188101000,
    "otherExpenses": 0,
    "operatingExpenses": 188101000,
    "costAndExpenses": 419823000,
    "interestIncome": 588000,
    "interestExpense": 9740000,
    "depreciationAndAmortization": 28618000,
    "ebitda": 101453000,
    "ebitdaratio": 0.2049903418,
    "operatingIncome": 75093000,
    "operatingIncomeRatio": 0.1517287782,
    "totalOtherIncomeExpensesNet": -11998000,
    "incomeBeforeTax": 63095000,
    "incomeBeforeTaxRatio": 0.1274862805,
    "incomeTaxExpense": 11091000,
    "netIncome": 52004000,
    "netIncomeRatio": 0.105076417,
    "eps": 0.9,
    "epsdiluted": 0.89,
    "weightedAverageShsOut": 57668000,
    "weightedAverageShsOutDil": 58524000,
    "link": "https://www.sec.gov/Archives/edgar/data/72331/000156459020008934/0001564590-20-008934-index.htm",
    "finalLink": "https://www.sec.gov/Archives/edgar/data/72331/000156459020008934/ndsn-10q_20200131.htm"
  },
  {
    "date": "2019-10-31",
    "symbol": "NDSN",
    "reportedCurrency": "USD",
    "cik": "0000072331",
    "fillingDate": "2019-12-13",
    "acceptedDate": "2019-12-13 14:10:54",
    "calendarYear": "2019",
    "period": "Q4",
    "revenue": 585451000,
    "costOfRevenue": 266476000,
    "grossProfit": 318975000,
    "grossProfitRatio": 0.544836374,
    "researchAndDevelopmentExpenses": 0,
    "generalAndAdministrativeExpenses": 0,
    "sellingAndMarketingExpenses": 0,
    "sellingGeneralAndAdministrativeExpenses": 179315000,
    "otherExpenses": 0,
    "operatingExpenses": 179315000,
    "costAndExpenses": 445791000,
    "interestIncome": 691000,
    "interestExpense": 10907000,
    "depreciationAndAmortization": 26913000,
    "ebitda": 165102000,
    "ebitdaratio": 0.2820082296,
    "operatingIncome": 139660000,
    "operatingIncomeRatio": 0.2385511341,
    "totalOtherIncomeExpensesNet": -12378000,
    "incomeBeforeTax": 127282000,
    "incomeBeforeTaxRatio": 0.2174084595,
    "incomeTaxExpense": 24609000,
    "netIncome": 102673000,
    "netIncomeRatio": 0.1753741987,
    "eps": 1.79,
    "epsdiluted": 1.76,
    "weightedAverageShsOut": 57456000,
    "weightedAverageShsOutDil": 58255000,
    "link": "https://www.sec.gov/Archives/edgar/data/72331/000156459019045927/0001564590-19-045927-index.htm",
    "finalLink": "https://www.sec.gov/Archives/edgar/data/72331/000156459019045927/ndsn-10k_20191031.htm"
  },
  {
    "date": "2019-07-31",
    "symbol": "NDSN",
    "reportedCurrency": "USD",
    "cik": "0000072331",
    "fillingDate": "2019-09-05",
    "acceptedDate": "2019-09-05 11:56:58",
    "calendarYear": "2019",
    "period": "Q3",
    "revenue": 559746000,
    "costOfRevenue": 257123000,
    "grossProfit": 302623000,
    "grossProfitRatio": 0.5406434347,
    "researchAndDevelopmentExpenses": 0,
    "generalAndAdministrativeExpenses": 0,
    "sellingAndMarketingExpenses": 0,
    "sellingGeneralAndAdministrativeExpenses": 172347000,
    "otherExpenses": 0,
    "operatingExpenses": 172347000,
    "costAndExpenses": 429470000,
    "interestIncome": 511000,
    "interestExpense": 11500000,
    "depreciationAndAmortization": 27843000,
    "ebitda": 158840000,
    "ebitdaratio": 0.2837715678,
    "operatingIncome": 130276000,
    "operatingIncomeRatio": 0.2327412791,
    "totalOtherIncomeExpensesNet": -10779000,
    "incomeBeforeTax": 119497000,
    "incomeBeforeTaxRatio": 0.2134843304,
    "incomeTaxExpense": 25569000,
    "netIncome": 93928000,
    "netIncomeRatio": 0.1678046828,
    "eps": 1.64,
    "epsdiluted": 1.62,
    "weightedAverageShsOut": 57395000,
    "weightedAverageShsOutDil": 58117000,
    "link": "https://www.sec.gov/Archives/edgar/data/72331/000156459019034133/0001564590-19-034133-index.htm",
    "finalLink": "https://www.sec.gov/Archives/edgar/data/72331/000156459019034133/ndsn-10q_20190731.htm"
  },
  {
    "date": "2019-04-30",
    "symbol": "NDSN",
    "reportedCurrency": "USD",
    "cik": "0000072331",
    "fillingDate": "2019-06-06",
    "acceptedDate": "2019-06-06 11:50:01",
    "calendarYear": "2019",
    "period": "Q2",
    "revenue": 551119000,
    "costOfRevenue": 249590000,
    "grossProfit": 301529000,
    "grossProfitRatio": 0.5471214021,
    "researchAndDevelopmentExpenses": 0,
    "generalAndAdministrativeExpenses": 0,
    "sellingAndMarketingExpenses": 0,
    "sellingGeneralAndAdministrativeExpenses": 172633000,
    "otherExpenses": 0,
    "operatingExpenses": 172633000,
    "costAndExpenses": 422223000,
    "interestIncome": 325000,
    "interestExpense": 12372000,
    "depreciationAndAmortization": 27740000,
    "ebitda": 156393000,
    "ebitdaratio": 0.2837735589,
    "operatingIncome": 128896000,
    "operatingIncomeRatio": 0.2338805231,
    "totalOtherIncomeExpensesNet": -12615000,
    "incomeBeforeTax": 116281000,
    "incomeBeforeTaxRatio": 0.2109907298,
    "incomeTaxExpense": 24358000,
    "netIncome": 91923000,
    "netIncomeRatio": 0.1667933786,
    "eps": 1.6,
    "epsdiluted": 1.58,
    "weightedAverageShsOut": 57288000,
    "weightedAverageShsOutDil": 58056000,
    "link": "https://www.sec.gov/Archives/edgar/data/72331/000156459019021843/0001564590-19-021843-index.htm",
    "finalLink": "https://www.sec.gov/Archives/edgar/data/72331/000156459019021843/ndsn-10q_20190430.htm"
  },
  {
    "date": "2019-01-31",
    "symbol": "NDSN",
    "reportedCurrency": "USD",
    "cik": "0000072331",
    "fillingDate": "2019-03-07",
    "acceptedDate": "2019-03-07 10:32:51",
    "calendarYear": "2019",
    "period": "Q1",
    "revenue": 497910000,
    "costOfRevenue": 228934000,
    "grossProfit": 268976000,
    "grossProfitRatio": 0.5402100781,
    "researchAndDevelopmentExpenses": 0,
    "generalAndAdministrativeExpenses": 0,
    "sellingAndMarketingExpenses": 0,
    "sellingGeneralAndAdministrativeExpenses": 184695000,
    "otherExpenses": 0,
    "operatingExpenses": 184695000,
    "costAndExpenses": 413629000,
    "interestIncome": 316000,
    "interestExpense": 12365000,
    "depreciationAndAmortization": 27748000,
    "ebitda": 108156000,
    "ebitdaratio": 0.2172199795,
    "operatingIncome": 84281000,
    "operatingIncomeRatio": 0.1692695467,
    "totalOtherIncomeExpensesNet": -16238000,
    "incomeBeforeTax": 68043000,
    "incomeBeforeTaxRatio": 0.1366572272,
    "incomeTaxExpense": 19476000,
    "netIncome": 48567000,
    "netIncomeRatio": 0.0975417244,
    "eps": 0.84,
    "epsdiluted": 0.83,
    "weightedAverageShsOut": 57702000,
    "weightedAverageShsOutDil": 58372000,
    "link": "https://www.sec.gov/Archives/edgar/data/72331/000156459019006655/0001564590-19-006655-index.htm",
    "finalLink": "https://www.sec.gov/Archives/edgar/data/72331/000156459019006655/ndsn-10q_20190131.htm"
  },
  {
    "date": "2018-10-31",
    "symbol": "NDSN",
    "reportedCurrency": "USD",
    "cik": "0000072331",
    "fillingDate": "2018-12-14",
    "acceptedDate": "2018-12-14 13:49:07",
    "calendarYear": "2018",
    "period": "Q4",
    "revenue": 569295000,
    "costOfRevenue": 261557000,
    "grossProfit": 307738000,
    "grossProfitRatio": 0.5405598152,
    "researchAndDevelopmentExpenses": 0,
    "generalAndAdministrativeExpenses": 0,
    "sellingAndMarketingExpenses": 0,
    "sellingGeneralAndAdministrativeExpenses": 193185000,
    "otherExpenses": 0,
    "operatingExpenses": 193185000,
    "costAndExpenses": 454742000,
    "interestIncome": 519000,
    "interestExpense": 12366000,
    "depreciationAndAmortization": 27370000,
    "ebitda": 143924000,
    "ebitdaratio": 0.2528109328,
    "operatingIncome": 114553000,
    "operatingIncomeRatio": 0.2012190516,
    "totalOtherIncomeExpensesNet": 961000,
    "incomeBeforeTax": 104188000,
    "incomeBeforeTaxRatio": 0.1830123223,
    "incomeTaxExpense": 17486000,
    "netIncome": 86701000,
    "netIncomeRatio": 0.1522953829,
    "eps": 1.49,
    "epsdiluted": 1.47,
    "weightedAverageShsOut": 58085000,
    "weightedAverageShsOutDil": 58994000,
    "link": "https://www.sec.gov/Archives/edgar/data/72331/000156459018030928/0001564590-18-030928-index.htm",
    "finalLink": "https://www.sec.gov/Archives/edgar/data/72331/000156459018030928/ndsn-10k_20181031.htm"
  },
  {
    "date": "2018-07-31",
    "symbol": "NDSN",
    "reportedCurrency": "USD",
    "cik": "0000072331",
    "fillingDate": "2018-09-04",
    "acceptedDate": "2018-09-04 14:27:42",
    "calendarYear": "2018",
    "period": "Q3",
    "revenue": 581243000,
    "costOfRevenue": 260847000,
    "grossProfit": 320396000,
    "grossProfitRatio": 0.5512255631,
    "researchAndDevelopmentExpenses": 0,
    "generalAndAdministrativeExpenses": 0,
    "sellingAndMarketingExpenses": 0,
    "sellingGeneralAndAdministrativeExpenses": 182934000,
    "otherExpenses": 0,
    "operatingExpenses": 182934000,
    "costAndExpenses": 443701000,
    "interestIncome": 356000,
    "interestExpense": 13765000,
    "depreciationAndAmortization": 27321000,
    "ebitda": 163781000,
    "ebitdaratio": 0.2817771569,
    "operatingIncome": 137542000,
    "operatingIncomeRatio": 0.2366342476,
    "totalOtherIncomeExpensesNet": -12881000,
    "incomeBeforeTax": 122695000,
    "incomeBeforeTaxRatio": 0.2110907142,
    "incomeTaxExpense": 27811000,
    "netIncome": 94884000,
    "netIncomeRatio": 0.1632432563,
    "eps": 1.63,
    "epsdiluted": 1.61,
    "weightedAverageShsOut": 58053000,
    "weightedAverageShsOutDil": 58912000,
    "link": "https://www.sec.gov/Archives/edgar/data/72331/000156459018022603/0001564590-18-022603-index.htm",
    "finalLink": "https://www.sec.gov/Archives/edgar/data/72331/000156459018022603/ndsn-10q_20180731.htm"
  },
  {
    "date": "2018-04-30",
    "symbol": "NDSN",
    "reportedCurrency": "USD",
    "cik": "0000072331",
    "fillingDate": "2018-06-04",
    "acceptedDate": "2018-06-04 13:20:36",
    "calendarYear": "2018",
    "period": "Q2",
    "revenue": 553706000,
    "costOfRevenue": 246878000,
    "grossProfit": 306828000,
    "grossProfitRatio": 0.554135227,
    "researchAndDevelopmentExpenses": 0,
    "generalAndAdministrativeExpenses": 0,
    "sellingAndMarketingExpenses": 0,
    "sellingGeneralAndAdministrativeExpenses": 178123000,
    "otherExpenses": 0,
    "operatingExpenses": 178123000,
    "costAndExpenses": 424814000,
    "interestIncome": 219000,
    "interestExpense": 12127000,
    "depreciationAndAmortization": 27431000,
    "ebitda": 157677000,
    "ebitdaratio": 0.2847666451,
    "operatingIncome": 128892000,
    "operatingIncomeRatio": 0.2327805731,
    "totalOtherIncomeExpensesNet": -8586000,
    "incomeBeforeTax": 118119000,
    "incomeBeforeTaxRatio": 0.2133243996,
    "incomeTaxExpense": 26884000,
    "netIncome": 91235000,
    "netIncomeRatio": 0.1647715575,
    "eps": 1.57,
    "epsdiluted": 1.55,
    "weightedAverageShsOut": 57989000,
    "weightedAverageShsOutDil": 58945000,
    "link": "https://www.sec.gov/Archives/edgar/data/72331/000156459018014988/0001564590-18-014988-index.htm",
    "finalLink": "https://www.sec.gov/Archives/edgar/data/72331/000156459018014988/ndsn-10q_20180430.htm"
  },
  {
    "date": "2018-01-31",
    "symbol": "NDSN",
    "reportedCurrency": "USD",
    "cik": "0000072331",
    "fillingDate": "2018-03-05",
    "acceptedDate": "2018-03-05 12:46:08",
    "calendarYear": "2018",
    "period": "Q1",
    "revenue": 550424000,
    "costOfRevenue": 249421000,
    "grossProfit": 301003000,
    "grossProfitRatio": 0.5468566051,
    "researchAndDevelopmentExpenses": 0,
    "generalAndAdministrativeExpenses": 0,
    "sellingAndMarketingExpenses": 0,
    "sellingGeneralAndAdministrativeExpenses": 181623000,
    "otherExpenses": 0,
    "operatingExpenses": 181623000,
    "costAndExpenses": 431074000,
    "interestIncome": 289000,
    "interestExpense": 11317000,
    "depreciationAndAmortization": 26285000,
    "ebitda": 141120000,
    "ebitdaratio": 0.2563841693,
    "operatingIncome": 119350000,
    "operatingIncomeRatio": 0.2168328416,
    "totalOtherIncomeExpensesNet": -15832000,
    "incomeBeforeTax": 103518000,
    "incomeBeforeTaxRatio": 0.1880695609,
    "incomeTaxExpense": -1037000,
    "netIncome": 104555000,
    "netIncomeRatio": 0.1899535631,
    "eps": 1.81,
    "epsdiluted": 1.78,
    "weightedAverageShsOut": 57755000,
    "weightedAverageShsOutDil": 58874000,
    "link": "https://www.sec.gov/Archives/edgar/data/72331/000156459018004341/0001564590-18-004341-index.htm",
    "finalLink": "https://www.sec.gov/Archives/edgar/data/72331/000156459018004341/ndsn-10q_20180131.htm"
  },
  {
    "date": "2017-10-31",
    "symbol": "NDSN",
    "reportedCurrency": "USD",
    "cik": "0000072331",
    "fillingDate": "2017-12-15",
    "acceptedDate": "2017-12-15 14:17:35",
    "calendarYear": "2017",
    "period": "Q4",
    "revenue": 573938000,
    "costOfRevenue": 261850000,
    "grossProfit": 312088000,
    "grossProfitRatio": 0.5437660514,
    "researchAndDevelopmentExpenses": 0,
    "generalAndAdministrativeExpenses": 0,
    "sellingAndMarketingExpenses": 0,
    "sellingGeneralAndAdministrativeExpenses": 184861000,
    "otherExpenses": 2438000,
    "operatingExpenses": 187299000,
    "costAndExpenses": 449150000,
    "interestIncome": 311000,
    "interestExpense": 11747000,
    "depreciationAndAmortization": 25488000,
    "ebitda": 150105000,
    "ebitdaratio": 0.2615352181,
    "operatingIncome": 124788000,
    "operatingIncomeRatio": 0.2174241817,
    "totalOtherIncomeExpensesNet": -11918000,
    "incomeBeforeTax": 112870000,
    "incomeBeforeTaxRatio": 0.1966588726,
    "incomeTaxExpense": 33035000,
    "netIncome": 79835000,
    "netIncomeRatio": 0.1391003906,
    "eps": 1.38,
    "epsdiluted": 1.37,
    "weightedAverageShsOut": 57643000,
    "weightedAverageShsOutDil": 58301000,
    "link": "https://www.sec.gov/Archives/edgar/data/72331/000156459017024983/0001564590-17-024983-index.htm",
    "finalLink": "https://www.sec.gov/Archives/edgar/data/72331/000156459017024983/ndsn-10k_20171031.htm"
  },
  {
    "date": "2017-07-31",
    "symbol": "NDSN",
    "reportedCurrency": "USD",
    "cik": "0000072331",
    "fillingDate": "2017-09-05",
    "acceptedDate": "2017-09-05 11:46:46",
    "calendarYear": "2017",
    "period": "Q3",
    "revenue": 589438000,
    "costOfRevenue": 263173000,
    "grossProfit": 326265000,
    "grossProfitRatio": 0.5535187755,
    "researchAndDevelopmentExpenses": 0,
    "generalAndAdministrativeExpenses": 0,
    "sellingAndMarketingExpenses": 0,
    "sellingGeneralAndAdministrativeExpenses": 172799000,
    "otherExpenses": 0,
    "operatingExpenses": 172799000,
    "costAndExpenses": 435972000,
    "interestIncome": 268000,
    "interestExpense": 11306000,
    "depreciationAndAmortization": 25954000,
    "ebitda": 179715000,
    "ebitdaratio": 0.3048921176,
    "operatingIncome": 153466000,
    "operatingIncomeRatio": 0.2603598682,
    "totalOtherIncomeExpensesNet": -11011000,
    "incomeBeforeTax": 142455000,
    "incomeBeforeTaxRatio": 0.2416793624,
    "incomeTaxExpense": 40999000,
    "netIncome": 101456000,
    "netIncomeRatio": 0.1721232767,
    "eps": 1.76,
    "epsdiluted": 1.74,
    "weightedAverageShsOut": 57594000,
    "weightedAverageShsOutDil": 58259000,
    "link": "https://www.sec.gov/Archives/edgar/data/72331/000156459017018258/0001564590-17-018258-index.htm",
    "finalLink": "https://www.sec.gov/Archives/edgar/data/72331/000156459017018258/ndsn-10q_20170731.htm"
  },
  {
    "date": "2017-04-30",
    "symbol": "NDSN",
    "reportedCurrency": "USD",
    "cik": "0000072331",
    "fillingDate": "2017-06-09",
    "acceptedDate": "2017-06-09 09:48:58",
    "calendarYear": "2017",
    "period": "Q2",
    "revenue": 496137000,
    "costOfRevenue": 220625000,
    "grossProfit": 275512000,
    "grossProfitRatio": 0.5553143587,
    "researchAndDevelopmentExpenses": 0,
    "generalAndAdministrativeExpenses": 0,
    "sellingAndMarketingExpenses": 0,
    "sellingGeneralAndAdministrativeExpenses": 171981000,
    "otherExpenses": 0,
    "operatingExpenses": 171981000,
    "costAndExpenses": 392606000,
    "interestIncome": 272000,
    "interestExpense": 7907000,
    "depreciationAndAmortization": 20915000,
    "ebitda": 123395000,
    "ebitdaratio": 0.2487115454,
    "operatingIncome": 103531000,
    "operatingIncomeRatio": 0.208674217,
    "totalOtherIncomeExpensesNet": -8958000,
    "incomeBeforeTax": 94573000,
    "incomeBeforeTaxRatio": 0.1906187202,
    "incomeTaxExpense": 30050000,
    "netIncome": 64523000,
    "netIncomeRatio": 0.1300507723,
    "eps": 1.12,
    "epsdiluted": 1.11,
    "weightedAverageShsOut": 57545000,
    "weightedAverageShsOutDil": 58232000,
    "link": "https://www.sec.gov/Archives/edgar/data/72331/000156459017012377/0001564590-17-012377-index.htm",
    "finalLink": "https://www.sec.gov/Archives/edgar/data/72331/000156459017012377/ndsn-10q_20170430.htm"
  },
  {
    "date": "2017-01-31",
    "symbol": "NDSN",
    "reportedCurrency": "USD",
    "cik": "0000072331",
    "fillingDate": "2017-03-06",
    "acceptedDate": "2017-03-06 09:20:42",
    "calendarYear": "2017",
    "period": "Q1",
    "revenue": 407470000,
    "costOfRevenue": 182332000,
    "grossProfit": 225138000,
    "grossProfitRatio": 0.5525265664,
    "researchAndDevelopmentExpenses": 0,
    "generalAndAdministrativeExpenses": 0,
    "sellingAndMarketingExpenses": 0,
    "sellingGeneralAndAdministrativeExpenses": 149220000,
    "otherExpenses": 0,
    "operatingExpenses": 149220000,
    "costAndExpenses": 331552000,
    "interestIncome": 273000,
    "interestExpense": 5641000,
    "depreciationAndAmortization": 18497000,
    "ebitda": 94531000,
    "ebitdaratio": 0.2319949935,
    "operatingIncome": 75918000,
    "operatingIncomeRatio": 0.186315557,
    "totalOtherIncomeExpensesNet": -5525000,
    "incomeBeforeTax": 70393000,
    "incomeBeforeTaxRatio": 0.1727562765,
    "incomeTaxExpense": 20405000,
    "netIncome": 49988000,
    "netIncomeRatio": 0.1226789702,
    "eps": 0.87,
    "epsdiluted": 0.86,
    "weightedAverageShsOut": 57349000,
    "weightedAverageShsOutDil": 58023000,
    "link": "https://www.sec.gov/Archives/edgar/data/72331/000156459017003417/0001564590-17-003417-index.htm",
    "finalLink": "https://www.sec.gov/Archives/edgar/data/72331/000156459017003417/ndsn-10q_20170131.htm"
  },
  {
    "date": "2016-10-31",
    "symbol": "NDSN",
    "reportedCurrency": "USD",
    "cik": "0000072331",
    "fillingDate": "2016-12-15",
    "acceptedDate": "2016-12-15 09:38:51",
    "calendarYear": "2016",
    "period": "Q4",
    "revenue": 509283000,
    "costOfRevenue": 234316000,
    "grossProfit": 274967000,
    "grossProfitRatio": 0.5399100304,
    "researchAndDevelopmentExpenses": 0,
    "generalAndAdministrativeExpenses": 0,
    "sellingAndMarketingExpenses": 0,
    "sellingGeneralAndAdministrativeExpenses": 153329000,
    "otherExpenses": 10775000,
    "operatingExpenses": 164104000,
    "costAndExpenses": 398420000,
    "interestIncome": 227000,
    "interestExpense": 5832000,
    "depreciationAndAmortization": 17480000,
    "ebitda": 128676000,
    "ebitdaratio": 0.2526610941,
    "operatingIncome": 110863000,
    "operatingIncomeRatio": 0.2176844701,
    "totalOtherIncomeExpensesNet": -5500000,
    "incomeBeforeTax": 105363000,
    "incomeBeforeTaxRatio": 0.2068849736,
    "incomeTaxExpense": 29496000,
    "netIncome": 75867000,
    "netIncomeRatio": 0.1489682554,
    "eps": 1.33,
    "epsdiluted": 1.31,
    "weightedAverageShsOut": 57206000,
    "weightedAverageShsOutDil": 57864000,
    "link": "https://www.sec.gov/Archives/edgar/data/72331/000156459016030237/0001564590-16-030237-index.htm",
    "finalLink": "https://www.sec.gov/Archives/edgar/data/72331/000156459016030237/ndsn-10k_20161031.htm"
  },
  {
    "date": "2016-07-31",
    "symbol": "NDSN",
    "reportedCurrency": "USD",
    "cik": "0000072331",
    "fillingDate": "2016-09-06",
    "acceptedDate": "2016-09-06 08:08:01",
    "calendarYear": "2016",
    "period": "Q3",
    "revenue": 489899000,
    "costOfRevenue": 216679000,
    "grossProfit": 273220000,
    "grossProfitRatio": 0.5577067926,
    "researchAndDevelopmentExpenses": 0,
    "generalAndAdministrativeExpenses": 0,
    "sellingAndMarketingExpenses": 0,
    "sellingGeneralAndAdministrativeExpenses": 149534000,
    "otherExpenses": 0,
    "operatingExpenses": 149534000,
    "costAndExpenses": 366213000,
    "interestIncome": 176000,
    "interestExpense": 4647000,
    "depreciationAndAmortization": 17662000,
    "ebitda": 139546000,
    "ebitdaratio": 0.2848464684,
    "operatingIncome": 123686000,
    "operatingIncomeRatio": 0.2524724484,
    "totalOtherIncomeExpensesNet": -6449000,
    "incomeBeforeTax": 117237000,
    "incomeBeforeTaxRatio": 0.2393085105,
    "incomeTaxExpense": 33023000,
    "netIncome": 84214000,
    "netIncomeRatio": 0.1719007387,
    "eps": 1.48,
    "epsdiluted": 1.46,
    "weightedAverageShsOut": 57085000,
    "weightedAverageShsOutDil": 57616000,
    "link": "https://www.sec.gov/Archives/edgar/data/72331/000156459016024928/0001564590-16-024928-index.htm",
    "finalLink": "https://www.sec.gov/Archives/edgar/data/72331/000156459016024928/ndsn-10q_20160731.htm"
  },
  {
    "date": "2016-04-30",
    "symbol": "NDSN",
    "reportedCurrency": "USD",
    "cik": "0000072331",
    "fillingDate": "2016-06-08",
    "acceptedDate": "2016-06-08 10:53:15",
    "calendarYear": "2016",
    "period": "Q2",
    "revenue": 437592000,
    "costOfRevenue": 189187000,
    "grossProfit": 248405000,
    "grossProfitRatio": 0.5676634856,
    "researchAndDevelopmentExpenses": 0,
    "generalAndAdministrativeExpenses": 0,
    "sellingAndMarketingExpenses": 0,
    "sellingGeneralAndAdministrativeExpenses": 146501000,
    "otherExpenses": 0,
    "operatingExpenses": 146501000,
    "costAndExpenses": 335688000,
    "interestIncome": 188000,
    "interestExpense": 4812000,
    "depreciationAndAmortization": 17952000,
    "ebitda": 121771000,
    "ebitdaratio": 0.278275197,
    "operatingIncome": 101904000,
    "operatingIncomeRatio": 0.2328744584,
    "totalOtherIncomeExpensesNet": -3085000,
    "incomeBeforeTax": 98819000,
    "incomeBeforeTaxRatio": 0.2258245123,
    "incomeTaxExpense": 28218000,
    "netIncome": 70601000,
    "netIncomeRatio": 0.1613397868,
    "eps": 1.24,
    "epsdiluted": 1.23,
    "weightedAverageShsOut": 56952000,
    "weightedAverageShsOutDil": 57334000,
    "link": "https://www.sec.gov/Archives/edgar/data/72331/000156459016020351/0001564590-16-020351-index.htm",
    "finalLink": "https://www.sec.gov/Archives/edgar/data/72331/000156459016020351/ndsn-10q_20160430.htm"
  },
  {
    "date": "2016-01-31",
    "symbol": "NDSN",
    "reportedCurrency": "USD",
    "cik": "0000072331",
    "fillingDate": "2016-03-07",
    "acceptedDate": "2016-03-07 08:37:45",
    "calendarYear": "2016",
    "period": "Q1",
    "revenue": 372220000,
    "costOfRevenue": 175313000,
    "grossProfit": 196907000,
    "grossProfitRatio": 0.5290070388,
    "researchAndDevelopmentExpenses": 0,
    "generalAndAdministrativeExpenses": 0,
    "sellingAndMarketingExpenses": 0,
    "sellingGeneralAndAdministrativeExpenses": 144929000,
    "otherExpenses": 0,
    "operatingExpenses": 144929000,
    "costAndExpenses": 320242000,
    "interestIncome": 138000,
    "interestExpense": 5706000,
    "depreciationAndAmortization": 17210000,
    "ebitda": 70128000,
    "ebitdaratio": 0.1884047069,
    "operatingIncome": 51978000,
    "operatingIncomeRatio": 0.1396432218,
    "totalOtherIncomeExpensesNet": -4904000,
    "incomeBeforeTax": 47074000,
    "incomeBeforeTaxRatio": 0.1264682177,
    "incomeTaxExpense": 5913000,
    "netIncome": 41161000,
    "netIncomeRatio": 0.1105824512,
    "eps": 0.72,
    "epsdiluted": 0.72,
    "weightedAverageShsOut": 56997000,
    "weightedAverageShsOutDil": 57305000,
    "link": "https://www.sec.gov/Archives/edgar/data/72331/000156459016014089/0001564590-16-014089-index.htm",
    "finalLink": "https://www.sec.gov/Archives/edgar/data/72331/000156459016014089/ndsn-10q_20160131.htm"
  },
  {
    "date": "2015-10-31",
    "symbol": "NDSN",
    "reportedCurrency": "USD",
    "cik": "0000072331",
    "fillingDate": "2015-12-15",
    "acceptedDate": "2015-12-15 11:36:58",
    "calendarYear": "2015",
    "period": "Q4",
    "revenue": 446200000,
    "costOfRevenue": 211339000,
    "grossProfit": 234861000,
    "grossProfitRatio": 0.5263581354,
    "researchAndDevelopmentExpenses": 0,
    "generalAndAdministrativeExpenses": 0,
    "sellingAndMarketingExpenses": 0,
    "sellingGeneralAndAdministrativeExpenses": 147802000,
    "otherExpenses": 11411000,
    "operatingExpenses": 159213000,
    "costAndExpenses": 370552000,
    "interestIncome": 209000,
    "interestExpense": 4988000,
    "depreciationAndAmortization": 16123000,
    "ebitda": 93445000,
    "ebitdaratio": 0.2094240251,
    "operatingIncome": 75648000,
    "operatingIncomeRatio": 0.1695383236,
    "totalOtherIncomeExpensesNet": -3523000,
    "incomeBeforeTax": 72125000,
    "incomeBeforeTaxRatio": 0.1616427611,
    "incomeTaxExpense": 22501000,
    "netIncome": 49624000,
    "netIncomeRatio": 0.1112147019,
    "eps": 0.84,
    "epsdiluted": 0.84,
    "weightedAverageShsOut": 58907000,
    "weightedAverageShsOutDil": 59330000,
    "link": "https://www.sec.gov/Archives/edgar/data/72331/000156459015011507/0001564590-15-011507-index.htm",
    "finalLink": "https://www.sec.gov/Archives/edgar/data/72331/000156459015011507/ndsn-10k_20151031.htm"
  },
  {
    "date": "2015-07-31",
    "symbol": "NDSN",
    "reportedCurrency": "USD",
    "cik": "0000072331",
    "fillingDate": "2015-09-04",
    "acceptedDate": "2015-09-04 09:17:53",
    "calendarYear": "2015",
    "period": "Q3",
    "revenue": 462731000,
    "costOfRevenue": 214239000,
    "grossProfit": 248492000,
    "grossProfitRatio": 0.5370117844,
    "researchAndDevelopmentExpenses": 0,
    "generalAndAdministrativeExpenses": 0,
    "sellingAndMarketingExpenses": 0,
    "sellingGeneralAndAdministrativeExpenses": 145642000,
    "otherExpenses": 0,
    "operatingExpenses": 145642000,
    "costAndExpenses": 359881000,
    "interestIncome": 111000,
    "interestExpense": 4393000,
    "depreciationAndAmortization": 16849000,
    "ebitda": 119812000,
    "ebitdaratio": 0.2589236511,
    "operatingIncome": 102850000,
    "operatingIncomeRatio": 0.2222673648,
    "totalOtherIncomeExpensesNet": -4391000,
    "incomeBeforeTax": 98459000,
    "incomeBeforeTaxRatio": 0.2127780503,
    "incomeTaxExpense": 29071000,
    "netIncome": 69388000,
    "netIncomeRatio": 0.1499532126,
    "eps": 1.15,
    "epsdiluted": 1.14,
    "weightedAverageShsOut": 60578000,
    "weightedAverageShsOutDil": 61099000,
    "link": "https://www.sec.gov/Archives/edgar/data/72331/000156459015007736/0001564590-15-007736-index.htm",
    "finalLink": "https://www.sec.gov/Archives/edgar/data/72331/000156459015007736/ndsn-10q_20150731.htm"
  },
  {
    "date": "2015-04-30",
    "symbol": "NDSN",
    "reportedCurrency": "USD",
    "cik": "0000072331",
    "fillingDate": "2015-06-04",
    "acceptedDate": "2015-06-04 09:26:28",
    "calendarYear": "2015",
    "period": "Q2",
    "revenue": 400727000,
    "costOfRevenue": 178837000,
    "grossProfit": 221890000,
    "grossProfitRatio": 0.5537186164,
    "researchAndDevelopmentExpenses": 0,
    "generalAndAdministrativeExpenses": 0,
    "sellingAndMarketingExpenses": 0,
    "sellingGeneralAndAdministrativeExpenses": 145476000,
    "otherExpenses": 0,
    "operatingExpenses": 145476000,
    "costAndExpenses": 324313000,
    "interestIncome": 151000,
    "interestExpense": 4162000,
    "depreciationAndAmortization": 16238000,
    "ebitda": 92116000,
    "ebitdaratio": 0.2298722073,
    "operatingIncome": 76414000,
    "operatingIncomeRatio": 0.1906884238,
    "totalOtherIncomeExpensesNet": -4849000,
    "incomeBeforeTax": 71565000,
    "incomeBeforeTaxRatio": 0.1785879165,
    "incomeTaxExpense": 22351000,
    "netIncome": 49214000,
    "netIncomeRatio": 0.1228117896,
    "eps": 0.81,
    "epsdiluted": 0.8,
    "weightedAverageShsOut": 61116000,
    "weightedAverageShsOutDil": 61638000,
    "link": "https://www.sec.gov/Archives/edgar/data/72331/000156459015004835/0001564590-15-004835-index.htm",
    "finalLink": "https://www.sec.gov/Archives/edgar/data/72331/000156459015004835/ndsn-10q_20150430.htm"
  },
  {
    "date": "2015-01-31",
    "symbol": "NDSN",
    "reportedCurrency": "USD",
    "cik": "0000072331",
    "fillingDate": "2015-03-06",
    "acceptedDate": "2015-03-06 09:00:52",
    "calendarYear": "2015",
    "period": "Q1",
    "revenue": 379008000,
    "costOfRevenue": 170287000,
    "grossProfit": 208721000,
    "grossProfitRatio": 0.5507034152,
    "researchAndDevelopmentExpenses": 0,
    "generalAndAdministrativeExpenses": 0,
    "sellingAndMarketingExpenses": 0,
    "sellingGeneralAndAdministrativeExpenses": 145903000,
    "otherExpenses": 0,
    "operatingExpenses": 145903000,
    "costAndExpenses": 316190000,
    "interestIncome": 86000,
    "interestExpense": 4003000,
    "depreciationAndAmortization": 15984000,
    "ebitda": 78786000,
    "ebitdaratio": 0.2078742401,
    "operatingIncome": 62818000,
    "operatingIncomeRatio": 0.1657432033,
    "totalOtherIncomeExpensesNet": -4105000,
    "incomeBeforeTax": 58713000,
    "incomeBeforeTaxRatio": 0.1549122974,
    "incomeTaxExpense": 15828000,
    "netIncome": 42885000,
    "netIncomeRatio": 0.1131506459,
    "eps": 0.69,
    "epsdiluted": 0.69,
    "weightedAverageShsOut": 62008000,
    "weightedAverageShsOutDil": 62536000,
    "link": "https://www.sec.gov/Archives/edgar/data/72331/000156459015001363/0001564590-15-001363-index.htm",
    "finalLink": "https://www.sec.gov/Archives/edgar/data/72331/000156459015001363/ndsn-10q_20150131.htm"
  },
  {
    "date": "2014-10-31",
    "symbol": "NDSN",
    "reportedCurrency": "USD",
    "cik": "0000072331",
    "fillingDate": "2014-12-15",
    "acceptedDate": "2014-12-15 13:46:25",
    "calendarYear": "2014",
    "period": "Q4",
    "revenue": 468590000,
    "costOfRevenue": 211337000,
    "grossProfit": 257253000,
    "grossProfitRatio": 0.5489937899,
    "researchAndDevelopmentExpenses": 0,
    "generalAndAdministrativeExpenses": 0,
    "sellingAndMarketingExpenses": 0,
    "sellingGeneralAndAdministrativeExpenses": 151296000,
    "otherExpenses": 0,
    "operatingExpenses": 151296000,
    "costAndExpenses": 362633000,
    "interestIncome": 115000,
    "interestExpense": 4003000,
    "depreciationAndAmortization": 15915000,
    "ebitda": 122700000,
    "ebitdaratio": 0.2618493779,
    "operatingIncome": 105957000,
    "operatingIncomeRatio": 0.2261187819,
    "totalOtherIncomeExpensesNet": -3290000,
    "incomeBeforeTax": 102667000,
    "incomeBeforeTaxRatio": 0.2190977187,
    "incomeTaxExpense": 30587000,
    "netIncome": 72080000,
    "netIncomeRatio": 0.1538231716,
    "eps": 1.14,
    "epsdiluted": 1.13,
    "weightedAverageShsOut": 62954000,
    "weightedAverageShsOutDil": 63561000,
    "link": "https://www.sec.gov/Archives/edgar/data/72331/000119312514442368/0001193125-14-442368-index.htm",
    "finalLink": "https://www.sec.gov/Archives/edgar/data/72331/000119312514442368/d787677d10k.htm"
  },
  {
    "date": "2014-07-31",
    "symbol": "NDSN",
    "reportedCurrency": "USD",
    "cik": "0000072331",
    "fillingDate": "2014-09-04",
    "acceptedDate": "2014-09-04 09:42:03",
    "calendarYear": "2014",
    "period": "Q3",
    "revenue": 458550000,
    "costOfRevenue": 201039000,
    "grossProfit": 257511000,
    "grossProfitRatio": 0.5615767092,
    "researchAndDevelopmentExpenses": 0,
    "generalAndAdministrativeExpenses": 0,
    "sellingAndMarketingExpenses": 0,
    "sellingGeneralAndAdministrativeExpenses": 143056000,
    "otherExpenses": 0,
    "operatingExpenses": 143056000,
    "costAndExpenses": 344095000,
    "interestIncome": 137000,
    "interestExpense": 3673000,
    "depreciationAndAmortization": 14608000,
    "ebitda": 128964000,
    "ebitdaratio": 0.2812430487,
    "operatingIncome": 114455000,
    "operatingIncomeRatio": 0.2496020063,
    "totalOtherIncomeExpensesNet": -3909000,
    "incomeBeforeTax": 110546000,
    "incomeBeforeTaxRatio": 0.2410773089,
    "incomeTaxExpense": 32667000,
    "netIncome": 77879000,
    "netIncomeRatio": 0.1698375313,
    "eps": 1.23,
    "epsdiluted": 1.21,
    "weightedAverageShsOut": 63482000,
    "weightedAverageShsOutDil": 64141000,
    "link": "https://www.sec.gov/Archives/edgar/data/72331/000119312514331480/0001193125-14-331480-index.htm",
    "finalLink": "https://www.sec.gov/Archives/edgar/data/72331/000119312514331480/d746837d10q.htm"
  },
  {
    "date": "2014-04-30",
    "symbol": "NDSN",
    "reportedCurrency": "USD",
    "cik": "0000072331",
    "fillingDate": "2014-06-04",
    "acceptedDate": "2014-06-04 08:50:20",
    "calendarYear": "2014",
    "period": "Q2",
    "revenue": 417461000,
    "costOfRevenue": 181909000,
    "grossProfit": 235552000,
    "grossProfitRatio": 0.5642491155,
    "researchAndDevelopmentExpenses": 0,
    "generalAndAdministrativeExpenses": 0,
    "sellingAndMarketingExpenses": 0,
    "sellingGeneralAndAdministrativeExpenses": 142718000,
    "otherExpenses": 0,
    "operatingExpenses": 142718000,
    "costAndExpenses": 324627000,
    "interestIncome": 217000,
    "interestExpense": 3315000,
    "depreciationAndAmortization": 14743000,
    "ebitda": 107388000,
    "ebitdaratio": 0.2572407961,
    "operatingIncome": 92834000,
    "operatingIncomeRatio": 0.2223776592,
    "totalOtherIncomeExpensesNet": -3721000,
    "incomeBeforeTax": 89113000,
    "incomeBeforeTaxRatio": 0.2134642518,
    "incomeTaxExpense": 27179000,
    "netIncome": 61934000,
    "netIncomeRatio": 0.1483587688,
    "eps": 0.97,
    "epsdiluted": 0.96,
    "weightedAverageShsOut": 63964000,
    "weightedAverageShsOutDil": 64557000,
    "link": "https://www.sec.gov/Archives/edgar/data/72331/000119312514224849/0001193125-14-224849-index.htm",
    "finalLink": "https://www.sec.gov/Archives/edgar/data/72331/000119312514224849/d706150d10q.htm"
  },
  {
    "date": "2014-01-31",
    "symbol": "NDSN",
    "reportedCurrency": "USD",
    "cik": "0000072331",
    "fillingDate": "2014-03-07",
    "acceptedDate": "2014-03-07 09:49:20",
    "calendarYear": "2014",
    "period": "Q1",
    "revenue": 359420000,
    "costOfRevenue": 164638000,
    "grossProfit": 194782000,
    "grossProfitRatio": 0.5419342274,
    "researchAndDevelopmentExpenses": 0,
    "generalAndAdministrativeExpenses": 0,
    "sellingAndMarketingExpenses": 0,
    "sellingGeneralAndAdministrativeExpenses": 140923000,
    "otherExpenses": 0,
    "operatingExpenses": 140923000,
    "costAndExpenses": 305561000,
    "interestIncome": 112000,
    "interestExpense": 3463000,
    "depreciationAndAmortization": 14488000,
    "ebitda": 68250000,
    "ebitdaratio": 0.189889266,
    "operatingIncome": 53859000,
    "operatingIncomeRatio": 0.1498497579,
    "totalOtherIncomeExpensesNet": -3672000,
    "incomeBeforeTax": 50187000,
    "incomeBeforeTaxRatio": 0.1396332981,
    "incomeTaxExpense": 15307000,
    "netIncome": 34880000,
    "netIncomeRatio": 0.0970452396,
    "eps": 0.54,
    "epsdiluted": 0.54,
    "weightedAverageShsOut": 64221000,
    "weightedAverageShsOutDil": 64860000,
    "link": "https://www.sec.gov/Archives/edgar/data/72331/000119312514088017/0001193125-14-088017-index.htm",
    "finalLink": "https://www.sec.gov/Archives/edgar/data/72331/000119312514088017/d657923d10q.htm"
  },
  {
    "date": "2013-10-31",
    "symbol": "NDSN",
    "reportedCurrency": "USD",
    "cik": "0000072331",
    "fillingDate": "2013-12-16",
    "acceptedDate": "2013-12-16 13:30:31",
    "calendarYear": "2013",
    "period": "Q4",
    "revenue": 410818000,
    "costOfRevenue": 183924000,
    "grossProfit": 226894000,
    "grossProfitRatio": 0.5522980979,
    "researchAndDevelopmentExpenses": 0,
    "generalAndAdministrativeExpenses": 0,
    "sellingAndMarketingExpenses": 0,
    "sellingGeneralAndAdministrativeExpenses": 139928000,
    "otherExpenses": 99000,
    "operatingExpenses": 140027000,
    "costAndExpenses": 323951000,
    "interestIncome": 117000,
    "interestExpense": 3679000,
    "depreciationAndAmortization": 14883000,
    "ebitda": 102627000,
    "ebitdaratio": 0.249811352,
    "operatingIncome": 86867000,
    "operatingIncomeRatio": 0.2114488654,
    "totalOtherIncomeExpensesNet": -2919000,
    "incomeBeforeTax": 83948000,
    "incomeBeforeTaxRatio": 0.2043435293,
    "incomeTaxExpense": 24171000,
    "netIncome": 59777000,
    "netIncomeRatio": 0.1455072563,
    "eps": 0.93,
    "epsdiluted": 0.92,
    "weightedAverageShsOut": 64135000,
    "weightedAverageShsOutDil": 64866000,
    "link": "https://www.sec.gov/Archives/edgar/data/72331/000119312513474384/0001193125-13-474384-index.htm",
    "finalLink": "https://www.sec.gov/Archives/edgar/data/72331/000119312513474384/d597887d10k.htm"
  },
  {
    "date": "2013-07-31",
    "symbol": "NDSN",
    "reportedCurrency": "USD",
    "cik": "0000072331",
    "fillingDate": "2013-09-05",
    "acceptedDate": "2013-09-05 08:38:56",
    "calendarYear": "2013",
    "period": "Q3",
    "revenue": 402960000,
    "costOfRevenue": 177877000,
    "grossProfit": 225083000,
    "grossProfitRatio": 0.558574052,
    "researchAndDevelopmentExpenses": 0,
    "generalAndAdministrativeExpenses": 0,
    "sellingAndMarketingExpenses": 0,
    "sellingGeneralAndAdministrativeExpenses": 131867000,
    "otherExpenses": 0,
    "operatingExpenses": 131867000,
    "costAndExpenses": 309744000,
    "interestIncome": 112000,
    "interestExpense": 3241000,
    "depreciationAndAmortization": 13366000,
    "ebitda": 95915000,
    "ebitdaratio": 0.2380261068,
    "operatingIncome": 93216000,
    "operatingIncomeRatio": 0.2313281715,
    "totalOtherIncomeExpensesNet": -542000,
    "incomeBeforeTax": 92674000,
    "incomeBeforeTaxRatio": 0.2299831249,
    "incomeTaxExpense": 27250000,
    "netIncome": 65424000,
    "netIncomeRatio": 0.1623585468,
    "eps": 1.02,
    "epsdiluted": 1.01,
    "weightedAverageShsOut": 64137000,
    "weightedAverageShsOutDil": 64854000,
    "link": "https://www.sec.gov/Archives/edgar/data/72331/000119312513357755/0001193125-13-357755-index.htm",
    "finalLink": "https://www.sec.gov/Archives/edgar/data/72331/000119312513357755/d560230d10q.htm"
  },
  {
    "date": "2013-04-30",
    "symbol": "NDSN",
    "reportedCurrency": "USD",
    "cik": "0000072331",
    "fillingDate": "2013-06-04",
    "acceptedDate": "2013-06-04 08:57:12",
    "calendarYear": "2013",
    "period": "Q2",
    "revenue": 382100000,
    "costOfRevenue": 165162000,
    "grossProfit": 216938000,
    "grossProfitRatio": 0.5677518974,
    "researchAndDevelopmentExpenses": 0,
    "generalAndAdministrativeExpenses": 0,
    "sellingAndMarketingExpenses": 0,
    "sellingGeneralAndAdministrativeExpenses": 134736000,
    "otherExpenses": 0,
    "operatingExpenses": 134736000,
    "costAndExpenses": 299898000,
    "interestIncome": 94000,
    "interestExpense": 3612000,
    "depreciationAndAmortization": 13140000,
    "ebitda": 94871000,
    "ebitdaratio": 0.2482884062,
    "operatingIncome": 82202000,
    "operatingIncomeRatio": 0.2151321644,
    "totalOtherIncomeExpensesNet": -4083000,
    "incomeBeforeTax": 78119000,
    "incomeBeforeTaxRatio": 0.20444648,
    "incomeTaxExpense": 23514000,
    "netIncome": 54605000,
    "netIncomeRatio": 0.1429076158,
    "eps": 0.85,
    "epsdiluted": 0.84,
    "weightedAverageShsOut": 64320000,
    "weightedAverageShsOutDil": 64970000,
    "link": "https://www.sec.gov/Archives/edgar/data/72331/000119312513246214/0001193125-13-246214-index.htm",
    "finalLink": "https://www.sec.gov/Archives/edgar/data/72331/000119312513246214/d513548d10q.htm"
  },
  {
    "date": "2013-01-31",
    "symbol": "NDSN",
    "reportedCurrency": "USD",
    "cik": "0000072331",
    "fillingDate": "2013-03-07",
    "acceptedDate": "2013-03-07 08:21:41",
    "calendarYear": "2013",
    "period": "Q1",
    "revenue": 347043000,
    "costOfRevenue": 149814000,
    "grossProfit": 197229000,
    "grossProfitRatio": 0.5683128604,
    "researchAndDevelopmentExpenses": 0,
    "generalAndAdministrativeExpenses": 0,
    "sellingAndMarketingExpenses": 0,
    "sellingGeneralAndAdministrativeExpenses": 135079000,
    "otherExpenses": 586000,
    "operatingExpenses": 135665000,
    "costAndExpenses": 285479000,
    "interestIncome": 98000,
    "interestExpense": 3982000,
    "depreciationAndAmortization": 13049000,
    "ebitda": 73511000,
    "ebitdaratio": 0.2118210135,
    "operatingIncome": 61564000,
    "operatingIncomeRatio": 0.1773958847,
    "totalOtherIncomeExpensesNet": -5182000,
    "incomeBeforeTax": 56382000,
    "incomeBeforeTaxRatio": 0.1624640174,
    "incomeTaxExpense": 14371000,
    "netIncome": 42011000,
    "netIncomeRatio": 0.1210541633,
    "eps": 0.65,
    "epsdiluted": 0.65,
    "weightedAverageShsOut": 64273000,
    "weightedAverageShsOutDil": 64949000,
    "link": "https://www.sec.gov/Archives/edgar/data/72331/000119312513094972/0001193125-13-094972-index.htm",
    "finalLink": "https://www.sec.gov/Archives/edgar/data/72331/000119312513094972/d462647d10q.htm"
  },
  {
    "date": "2012-10-31",
    "symbol": "NDSN",
    "reportedCurrency": "USD",
    "cik": "0000072331",
    "fillingDate": "2012-12-17",
    "acceptedDate": "2012-12-17 14:53:37",
    "calendarYear": "2012",
    "period": "Q4",
    "revenue": 438677000,
    "costOfRevenue": 197604000,
    "grossProfit": 241073000,
    "grossProfitRatio": 0.5495455654,
    "researchAndDevelopmentExpenses": 0,
    "generalAndAdministrativeExpenses": 0,
    "sellingAndMarketingExpenses": 0,
    "sellingGeneralAndAdministrativeExpenses": 137619000,
    "otherExpenses": -144000,
    "operatingExpenses": 137475000,
    "costAndExpenses": 335079000,
    "interestIncome": 88000,
    "interestExpense": 4140000,
    "depreciationAndAmortization": 13471000,
    "ebitda": 118207000,
    "ebitdaratio": 0.2694624975,
    "operatingIncome": 103598000,
    "operatingIncomeRatio": 0.2361600905,
    "totalOtherIncomeExpensesNet": -3090000,
    "incomeBeforeTax": 100508000,
    "incomeBeforeTaxRatio": 0.2291161834,
    "incomeTaxExpense": 32822000,
    "netIncome": 67686000,
    "netIncomeRatio": 0.1542957575,
    "eps": 1.06,
    "epsdiluted": 1.04,
    "weightedAverageShsOut": 64114000,
    "weightedAverageShsOutDil": 64886000,
    "link": "https://www.sec.gov/Archives/edgar/data/72331/000119312512504725/0001193125-12-504725-index.htm",
    "finalLink": "https://www.sec.gov/Archives/edgar/data/72331/000119312512504725/d388192d10k.htm"
  },
  {
    "date": "2012-07-31",
    "symbol": "NDSN",
    "reportedCurrency": "USD",
    "cik": "0000072331",
    "fillingDate": "2012-09-05",
    "acceptedDate": "2012-09-05 16:16:00",
    "calendarYear": "2012",
    "period": "Q3",
    "revenue": 379872000,
    "costOfRevenue": 156658000,
    "grossProfit": 223214000,
    "grossProfitRatio": 0.5876031927,
    "researchAndDevelopmentExpenses": 0,
    "generalAndAdministrativeExpenses": 0,
    "sellingAndMarketingExpenses": 0,
    "sellingGeneralAndAdministrativeExpenses": 124555000,
    "otherExpenses": 121000,
    "operatingExpenses": 124676000,
    "costAndExpenses": 281334000,
    "interestIncome": 109000,
    "interestExpense": 2687000,
    "depreciationAndAmortization": 9560000,
    "ebitda": 107491000,
    "ebitdaratio": 0.2829663676,
    "operatingIncome": 98538000,
    "operatingIncomeRatio": 0.2593979025,
    "totalOtherIncomeExpensesNet": -3403000,
    "incomeBeforeTax": 95135000,
    "incomeBeforeTaxRatio": 0.2504396218,
    "incomeTaxExpense": 28441000,
    "netIncome": 66694000,
    "netIncomeRatio": 0.1755696656,
    "eps": 1.04,
    "epsdiluted": 1.03,
    "weightedAverageShsOut": 64029000,
    "weightedAverageShsOutDil": 64725000,
    "link": "https://www.sec.gov/Archives/edgar/data/72331/000119312512380965/0001193125-12-380965-index.htm",
    "finalLink": "https://www.sec.gov/Archives/edgar/data/72331/000119312512380965/d375970d10q.htm"
  },
  {
    "date": "2012-04-30",
    "symbol": "NDSN",
    "reportedCurrency": "USD",
    "cik": "0000072331",
    "fillingDate": "2012-06-05",
    "acceptedDate": "2012-06-05 13:23:10",
    "calendarYear": "2012",
    "period": "Q2",
    "revenue": 315193000,
    "costOfRevenue": 125537000,
    "grossProfit": 189656000,
    "grossProfitRatio": 0.6017138705,
    "researchAndDevelopmentExpenses": 0,
    "generalAndAdministrativeExpenses": 0,
    "sellingAndMarketingExpenses": 0,
    "sellingGeneralAndAdministrativeExpenses": 111063000,
    "otherExpenses": 1736000,
    "operatingExpenses": 112799000,
    "costAndExpenses": 238336000,
    "interestIncome": 147000,
    "interestExpense": 2014000,
    "depreciationAndAmortization": 7990000,
    "ebitda": 85131000,
    "ebitdaratio": 0.2700916581,
    "operatingIncome": 76857000,
    "operatingIncomeRatio": 0.2438410752,
    "totalOtherIncomeExpensesNet": -1877000,
    "incomeBeforeTax": 74980000,
    "incomeBeforeTaxRatio": 0.2378859937,
    "incomeTaxExpense": 22869000,
    "netIncome": 52111000,
    "netIncomeRatio": 0.1653304483,
    "eps": 0.81,
    "epsdiluted": 0.8,
    "weightedAverageShsOut": 64426000,
    "weightedAverageShsOutDil": 65179000,
    "link": "https://www.sec.gov/Archives/edgar/data/72331/000119312512259872/0001193125-12-259872-index.htm",
    "finalLink": "https://www.sec.gov/Archives/edgar/data/72331/000119312512259872/d320034d10q.htm"
  },
  {
    "date": "2012-01-31",
    "symbol": "NDSN",
    "reportedCurrency": "USD",
    "cik": "0000072331",
    "fillingDate": "2012-03-06",
    "acceptedDate": "2012-03-06 08:40:01",
    "calendarYear": "2012",
    "period": "Q1",
    "revenue": 275836000,
    "costOfRevenue": 106490000,
    "grossProfit": 169346000,
    "grossProfitRatio": 0.6139372671,
    "researchAndDevelopmentExpenses": 0,
    "generalAndAdministrativeExpenses": 0,
    "sellingAndMarketingExpenses": 0,
    "sellingGeneralAndAdministrativeExpenses": 112048000,
    "otherExpenses": 811000,
    "operatingExpenses": 112859000,
    "costAndExpenses": 219349000,
    "interestIncome": 119000,
    "interestExpense": 1849000,
    "depreciationAndAmortization": 7969000,
    "ebitda": 65567000,
    "ebitdaratio": 0.2377028379,
    "operatingIncome": 56487000,
    "operatingIncomeRatio": 0.2047847272,
    "totalOtherIncomeExpensesNet": -857000,
    "incomeBeforeTax": 55630000,
    "incomeBeforeTaxRatio": 0.2016778086,
    "incomeTaxExpense": 17292000,
    "netIncome": 38338000,
    "netIncomeRatio": 0.1389883844,
    "eps": 0.59,
    "epsdiluted": 0.58,
    "weightedAverageShsOut": 65065000,
    "weightedAverageShsOutDil": 65627000,
    "link": "https://www.sec.gov/Archives/edgar/data/72331/000119312512097958/0001193125-12-097958-index.htm",
    "finalLink": "https://www.sec.gov/Archives/edgar/data/72331/000119312512097958/d286326d10q.htm"
  },
  {
    "date": "2011-10-31",
    "symbol": "NDSN",
    "reportedCurrency": "USD",
    "cik": "0000072331",
    "fillingDate": "2011-12-16",
    "acceptedDate": "2011-12-16 12:06:23",
    "calendarYear": "2011",
    "period": "Q4",
    "revenue": 331018000,
    "costOfRevenue": 134559000,
    "grossProfit": 196459000,
    "grossProfitRatio": 0.5934994472,
    "researchAndDevelopmentExpenses": 0,
    "generalAndAdministrativeExpenses": 0,
    "sellingAndMarketingExpenses": 0,
    "sellingGeneralAndAdministrativeExpenses": 114124000,
    "otherExpenses": 3400000,
    "operatingExpenses": 117524000,
    "costAndExpenses": 252083000,
    "interestIncome": 139000,
    "interestExpense": 1370000,
    "depreciationAndAmortization": 7971000,
    "ebitda": 87667000,
    "ebitdaratio": 0.2648405827,
    "operatingIncome": 78935000,
    "operatingIncomeRatio": 0.2384613526,
    "totalOtherIncomeExpensesNet": -748000,
    "incomeBeforeTax": 78187000,
    "incomeBeforeTaxRatio": 0.2362016567,
    "incomeTaxExpense": 23512000,
    "netIncome": 54675000,
    "netIncomeRatio": 0.1651722867,
    "eps": 0.82,
    "epsdiluted": 0.81,
    "weightedAverageShsOut": 67616000,
    "weightedAverageShsOutDil": 68425000,
    "link": "https://www.sec.gov/Archives/edgar/data/72331/000119312511343516/0001193125-11-343516-index.htm",
    "finalLink": "https://www.sec.gov/Archives/edgar/data/72331/000119312511343516/d252837d10k.htm"
  },
  {
    "date": "2011-07-31",
    "symbol": "NDSN",
    "reportedCurrency": "USD",
    "cik": "0000072331",
    "fillingDate": "2011-09-09",
    "acceptedDate": "2011-09-09 08:33:38",
    "calendarYear": "2011",
    "period": "Q3",
    "revenue": 312255000,
    "costOfRevenue": 124205000,
    "grossProfit": 188050000,
    "grossProfitRatio": 0.60223215,
    "researchAndDevelopmentExpenses": 0,
    "generalAndAdministrativeExpenses": 0,
    "sellingAndMarketingExpenses": 0,
    "sellingGeneralAndAdministrativeExpenses": 109330000,
    "otherExpenses": 64000,
    "operatingExpenses": 109394000,
    "costAndExpenses": 233599000,
    "interestIncome": 190000,
    "interestExpense": 637000,
    "depreciationAndAmortization": 6559000,
    "ebitda": 85574000,
    "ebitdaratio": 0.2740516565,
    "operatingIncome": 78656000,
    "operatingIncomeRatio": 0.251896687,
    "totalOtherIncomeExpensesNet": -468000,
    "incomeBeforeTax": 78188000,
    "incomeBeforeTaxRatio": 0.250397912,
    "incomeTaxExpense": 21638000,
    "netIncome": 56550000,
    "netIncomeRatio": 0.181101984,
    "eps": 0.83,
    "epsdiluted": 0.82,
    "weightedAverageShsOut": 67945000,
    "weightedAverageShsOutDil": 68781000,
    "link": "https://www.sec.gov/Archives/edgar/data/72331/000095012311083594/0000950123-11-083594-index.htm",
    "finalLink": "https://www.sec.gov/Archives/edgar/data/72331/000095012311083594/l42944e10vq.htm"
  },
  {
    "date": "2011-04-30",
    "symbol": "NDSN",
    "reportedCurrency": "USD",
    "cik": "0000072331",
    "fillingDate": "2011-06-03",
    "acceptedDate": "2011-06-03 08:16:28",
    "calendarYear": "2011",
    "period": "Q2",
    "revenue": 318924000,
    "costOfRevenue": 121172000,
    "grossProfit": 197752000,
    "grossProfitRatio": 0.6200599516,
    "researchAndDevelopmentExpenses": 0,
    "generalAndAdministrativeExpenses": 0,
    "sellingAndMarketingExpenses": 0,
    "sellingGeneralAndAdministrativeExpenses": 105324000,
    "otherExpenses": 0,
    "operatingExpenses": 105324000,
    "costAndExpenses": 226496000,
    "interestIncome": 115000,
    "interestExpense": 1223000,
    "depreciationAndAmortization": 6931000,
    "ebitda": 101265000,
    "ebitdaratio": 0.3175207887,
    "operatingIncome": 92428000,
    "operatingIncomeRatio": 0.2898119928,
    "totalOtherIncomeExpensesNet": 568000,
    "incomeBeforeTax": 92996000,
    "incomeBeforeTaxRatio": 0.2915929814,
    "incomeTaxExpense": 27754000,
    "netIncome": 65242000,
    "netIncomeRatio": 0.2045691136,
    "eps": 0.96,
    "epsdiluted": 0.95,
    "weightedAverageShsOut": 68110000,
    "weightedAverageShsOutDil": 69002000,
    "link": "https://www.sec.gov/Archives/edgar/data/72331/000095012311056271/0000950123-11-056271-index.htm",
    "finalLink": "https://www.sec.gov/Archives/edgar/data/72331/000095012311056271/l42533e10vq.htm"
  },
  {
    "date": "2011-01-31",
    "symbol": "NDSN",
    "reportedCurrency": "USD",
    "cik": "0000072331",
    "fillingDate": "2011-03-11",
    "acceptedDate": "2011-03-11 09:20:44",
    "calendarYear": "2011",
    "period": "Q1",
    "revenue": 270962000,
    "costOfRevenue": 104791000,
    "grossProfit": 166171000,
    "grossProfitRatio": 0.6132631144,
    "researchAndDevelopmentExpenses": 0,
    "generalAndAdministrativeExpenses": 0,
    "sellingAndMarketingExpenses": 0,
    "sellingGeneralAndAdministrativeExpenses": 100647000,
    "otherExpenses": 0,
    "operatingExpenses": 100647000,
    "costAndExpenses": 205438000,
    "interestIncome": 125000,
    "interestExpense": 1270000,
    "depreciationAndAmortization": 7315000,
    "ebitda": 73900000,
    "ebitdaratio": 0.2727319698,
    "operatingIncome": 65524000,
    "operatingIncomeRatio": 0.2418198862,
    "totalOtherIncomeExpensesNet": -334000,
    "incomeBeforeTax": 65190000,
    "incomeBeforeTaxRatio": 0.240587241,
    "incomeTaxExpense": 19293000,
    "netIncome": 45897000,
    "netIncomeRatio": 0.1693853751,
    "eps": 0.68,
    "epsdiluted": 0.67,
    "weightedAverageShsOut": 68014000,
    "weightedAverageShsOutDil": 68878000,
    "link": "https://www.sec.gov/Archives/edgar/data/72331/000095012311024502/0000950123-11-024502-index.htm",
    "finalLink": "https://www.sec.gov/Archives/edgar/data/72331/000095012311024502/l41664e10vq.htm"
  },
  {
    "date": "2010-10-31",
    "symbol": "NDSN",
    "reportedCurrency": "USD",
    "cik": "0000072331",
    "fillingDate": "2010-12-17",
    "acceptedDate": "2010-12-17 14:38:24",
    "calendarYear": "2010",
    "period": "Q4",
    "revenue": 290182000,
    "costOfRevenue": 119911000,
    "grossProfit": 170271000,
    "grossProfitRatio": 0.5867731286,
    "researchAndDevelopmentExpenses": 0,
    "generalAndAdministrativeExpenses": 0,
    "sellingAndMarketingExpenses": 0,
    "sellingGeneralAndAdministrativeExpenses": 96413000,
    "otherExpenses": 580000,
    "operatingExpenses": 96993000,
    "costAndExpenses": 216904000,
    "interestIncome": 170000,
    "interestExpense": 1602000,
    "depreciationAndAmortization": 6543000,
    "ebitda": 81221000,
    "ebitdaratio": 0.2798967545,
    "operatingIncome": 73278000,
    "operatingIncomeRatio": 0.2525242779,
    "totalOtherIncomeExpensesNet": -202000,
    "incomeBeforeTax": 73076000,
    "incomeBeforeTaxRatio": 0.251828163,
    "incomeTaxExpense": 19520000,
    "netIncome": 53556000,
    "netIncomeRatio": 0.1845600347,
    "eps": 0.79,
    "epsdiluted": 0.79,
    "weightedAverageShsOut": 67592000,
    "weightedAverageShsOutDil": 68014000,
    "link": "https://www.sec.gov/Archives/edgar/data/72331/000095012310114569/0000950123-10-114569-index.htm",
    "finalLink": "https://www.sec.gov/Archives/edgar/data/72331/000095012310114569/l40867e10vk.htm"
  },
  {
    "date": "2010-07-31",
    "symbol": "NDSN",
    "reportedCurrency": "USD",
    "cik": "0000072331",
    "fillingDate": "2010-09-08",
    "acceptedDate": "2010-09-08 08:11:11",
    "calendarYear": "2010",
    "period": "Q3",
    "revenue": 279121000,
    "costOfRevenue": 113320000,
    "grossProfit": 165801000,
    "grossProfitRatio": 0.5940111994,
    "researchAndDevelopmentExpenses": 0,
    "generalAndAdministrativeExpenses": 0,
    "sellingAndMarketingExpenses": 0,
    "sellingGeneralAndAdministrativeExpenses": 98106000,
    "otherExpenses": 0,
    "operatingExpenses": 98106000,
    "costAndExpenses": 211426000,
    "interestIncome": 170000,
    "interestExpense": 1410000,
    "depreciationAndAmortization": 7248000,
    "ebitda": 75290000,
    "ebitdaratio": 0.269739647,
    "operatingIncome": 67695000,
    "operatingIncomeRatio": 0.2425292257,
    "totalOtherIncomeExpensesNet": -1233000,
    "incomeBeforeTax": 66462000,
    "incomeBeforeTaxRatio": 0.2381117866,
    "incomeTaxExpense": 11133000,
    "netIncome": 55329000,
    "netIncomeRatio": 0.198225859,
    "eps": 0.82,
    "epsdiluted": 0.81,
    "weightedAverageShsOut": 68094000,
    "weightedAverageShsOutDil": 68768000,
    "link": "https://www.sec.gov/Archives/edgar/data/72331/000095012310084374/0000950123-10-084374-index.htm",
    "finalLink": "https://www.sec.gov/Archives/edgar/data/72331/000095012310084374/l40113e10vq.htm"
  },
  {
    "date": "2010-04-30",
    "symbol": "NDSN",
    "reportedCurrency": "USD",
    "cik": "0000072331",
    "fillingDate": "2010-06-08",
    "acceptedDate": "2010-06-08 09:00:19",
    "calendarYear": "2010",
    "period": "Q2",
    "revenue": 251659000,
    "costOfRevenue": 97792000,
    "grossProfit": 153867000,
    "grossProfitRatio": 0.6114106787,
    "researchAndDevelopmentExpenses": 0,
    "generalAndAdministrativeExpenses": 0,
    "sellingAndMarketingExpenses": 0,
    "sellingGeneralAndAdministrativeExpenses": 96277000,
    "otherExpenses": 0,
    "operatingExpenses": 96277000,
    "costAndExpenses": 194069000,
    "interestIncome": 204000,
    "interestExpense": 1421000,
    "depreciationAndAmortization": 7392000,
    "ebitda": 65390000,
    "ebitdaratio": 0.2598357301,
    "operatingIncome": 57590000,
    "operatingIncomeRatio": 0.2288414084,
    "totalOtherIncomeExpensesNet": -1217000,
    "incomeBeforeTax": 56373000,
    "incomeBeforeTaxRatio": 0.2240054995,
    "incomeTaxExpense": 23942000,
    "netIncome": 32431000,
    "netIncomeRatio": 0.1288688265,
    "eps": 0.48,
    "epsdiluted": 0.47,
    "weightedAverageShsOut": 67910000,
    "weightedAverageShsOutDil": 68836000,
    "link": "https://www.sec.gov/Archives/edgar/data/72331/000095012310056485/0000950123-10-056485-index.htm",
    "finalLink": "https://www.sec.gov/Archives/edgar/data/72331/000095012310056485/l39871e10vq.htm"
  },
  {
    "date": "2010-01-31",
    "symbol": "NDSN",
    "reportedCurrency": "USD",
    "cik": "0000072331",
    "fillingDate": "2010-03-11",
    "acceptedDate": "2010-03-11 07:28:51",
    "calendarYear": "2010",
    "period": "Q1",
    "revenue": 220589000,
    "costOfRevenue": 88914000,
    "grossProfit": 131675000,
    "grossProfitRatio": 0.5969245973,
    "researchAndDevelopmentExpenses": 0,
    "generalAndAdministrativeExpenses": 0,
    "sellingAndMarketingExpenses": 0,
    "sellingGeneralAndAdministrativeExpenses": 94874000,
    "otherExpenses": 531000,
    "operatingExpenses": 95405000,
    "costAndExpenses": 184319000,
    "interestIncome": 275000,
    "interestExpense": 1456000,
    "depreciationAndAmortization": 7705000,
    "ebitda": 44569000,
    "ebitdaratio": 0.2020454329,
    "operatingIncome": 36270000,
    "operatingIncomeRatio": 0.16442343,
    "totalOtherIncomeExpensesNet": -862000,
    "incomeBeforeTax": 35408000,
    "incomeBeforeTaxRatio": 0.1605157102,
    "incomeTaxExpense": 8676000,
    "netIncome": 26732000,
    "netIncomeRatio": 0.1211846466,
    "eps": 0.4,
    "epsdiluted": 0.39,
    "weightedAverageShsOut": 67330000,
    "weightedAverageShsOutDil": 68248000,
    "link": "https://www.sec.gov/Archives/edgar/data/72331/000095012310023325/0000950123-10-023325-index.htm",
    "finalLink": "https://www.sec.gov/Archives/edgar/data/72331/000095012310023325/l39052e10vq.htm"
  },
  {
    "date": "2009-10-31",
    "symbol": "NDSN",
    "reportedCurrency": "USD",
    "cik": "0000072331",
    "fillingDate": "2009-12-18",
    "acceptedDate": "2009-12-18 12:12:03",
    "calendarYear": "2009",
    "period": "Q4",
    "revenue": 237444000,
    "costOfRevenue": 100375000,
    "grossProfit": 137069000,
    "grossProfitRatio": 0.5772687455,
    "researchAndDevelopmentExpenses": 0,
    "generalAndAdministrativeExpenses": 0,
    "sellingAndMarketingExpenses": 0,
    "sellingGeneralAndAdministrativeExpenses": 88364000,
    "otherExpenses": 245344000,
    "operatingExpenses": 333708000,
    "costAndExpenses": 434083000,
    "interestIncome": 125000,
    "interestExpense": 1595000,
    "depreciationAndAmortization": 7209000,
    "ebitda": -240712000,
    "ebitdaratio": -1.0137632452,
    "operatingIncome": -196639000,
    "operatingIncomeRatio": -0.828148953,
    "totalOtherIncomeExpensesNet": -246321000,
    "incomeBeforeTax": -197491000,
    "incomeBeforeTaxRatio": -0.8317371675,
    "incomeTaxExpense": 11542000,
    "netIncome": -209033000,
    "netIncomeRatio": -0.8803465238,
    "eps": -3.11,
    "epsdiluted": -3.1,
    "weightedAverageShsOut": 67238000,
    "weightedAverageShsOutDil": 67330000,
    "link": "https://www.sec.gov/Archives/edgar/data/72331/000095012309071805/0000950123-09-071805-index.htm",
    "finalLink": "https://www.sec.gov/Archives/edgar/data/72331/000095012309071805/l37763e10vk.htm"
  },
  {
    "date": "2009-07-31",
    "symbol": "NDSN",
    "reportedCurrency": "USD",
    "cik": "0000072331",
    "fillingDate": "2009-09-08",
    "acceptedDate": "2009-09-08 12:27:16",
    "calendarYear": "2009",
    "period": "Q3",
    "revenue": 206273000,
    "costOfRevenue": 84536000,
    "grossProfit": 121737000,
    "grossProfitRatio": 0.5901741866,
    "researchAndDevelopmentExpenses": 0,
    "generalAndAdministrativeExpenses": 0,
    "sellingAndMarketingExpenses": 0,
    "sellingGeneralAndAdministrativeExpenses": 83582000,
    "otherExpenses": 977000,
    "operatingExpenses": 84559000,
    "costAndExpenses": 169095000,
    "interestIncome": 93000,
    "interestExpense": 1639000,
    "depreciationAndAmortization": 7837000,
    "ebitda": 45185000,
    "ebitdaratio": 0.21905436,
    "operatingIncome": 37178000,
    "operatingIncomeRatio": 0.1802368706,
    "totalOtherIncomeExpensesNet": -1562000,
    "incomeBeforeTax": 35616000,
    "incomeBeforeTaxRatio": 0.1726643817,
    "incomeTaxExpense": 11637000,
    "netIncome": 23979000,
    "netIncomeRatio": 0.1162488547,
    "eps": 0.36,
    "epsdiluted": 0.36,
    "weightedAverageShsOut": 67124000,
    "weightedAverageShsOutDil": 67220000,
    "link": "https://www.sec.gov/Archives/edgar/data/72331/000095012309041538/0000950123-09-041538-index.htm",
    "finalLink": "https://www.sec.gov/Archives/edgar/data/72331/000095012309041538/l37488e10vq.htm"
  },
  {
    "date": "2009-04-30",
    "symbol": "NDSN",
    "reportedCurrency": "USD",
    "cik": "0000072331",
    "fillingDate": "2009-06-08",
    "acceptedDate": "2009-06-08 10:08:25",
    "calendarYear": "2009",
    "period": "Q2",
    "revenue": 188840000,
    "costOfRevenue": 85957000,
    "grossProfit": 102883000,
    "grossProfitRatio": 0.544815717,
    "researchAndDevelopmentExpenses": 0,
    "generalAndAdministrativeExpenses": 0,
    "sellingAndMarketingExpenses": 0,
    "sellingGeneralAndAdministrativeExpenses": 79250000,
    "otherExpenses": 5054000,
    "operatingExpenses": 84304000,
    "costAndExpenses": 170261000,
    "interestIncome": 112000,
    "interestExpense": 1691000,
    "depreciationAndAmortization": 8458000,
    "ebitda": 27670000,
    "ebitdaratio": 0.1465261597,
    "operatingIncome": 18579000,
    "operatingIncomeRatio": 0.0983848761,
    "totalOtherIncomeExpensesNet": -1058000,
    "incomeBeforeTax": 17521000,
    "incomeBeforeTaxRatio": 0.0927822495,
    "incomeTaxExpense": 3678000,
    "netIncome": 13843000,
    "netIncomeRatio": 0.0733054438,
    "eps": 0.21,
    "epsdiluted": 0.21,
    "weightedAverageShsOut": 67110000,
    "weightedAverageShsOutDil": 67142000,
    "link": "https://www.sec.gov/Archives/edgar/data/72331/000095012309012050/0000950123-09-012050-index.htm",
    "finalLink": "https://www.sec.gov/Archives/edgar/data/72331/000095012309012050/l36664ae10vq.htm"
  },
  {
    "date": "2009-01-31",
    "symbol": "NDSN",
    "reportedCurrency": "USD",
    "cik": "0000072331",
    "fillingDate": "2009-03-11",
    "acceptedDate": "2009-03-11 10:52:05",
    "calendarYear": "2009",
    "period": "Q1",
    "revenue": 186608000,
    "costOfRevenue": 79371000,
    "grossProfit": 107237000,
    "grossProfitRatio": 0.5746645374,
    "researchAndDevelopmentExpenses": 0,
    "generalAndAdministrativeExpenses": 0,
    "sellingAndMarketingExpenses": 0,
    "sellingGeneralAndAdministrativeExpenses": 86098000,
    "otherExpenses": 8064000,
    "operatingExpenses": 94162000,
    "costAndExpenses": 173533000,
    "interestIncome": 162000,
    "interestExpense": 2753000,
    "depreciationAndAmortization": 7906000,
    "ebitda": 6396000,
    "ebitdaratio": 0.0342750579,
    "operatingIncome": 13075000,
    "operatingIncomeRatio": 0.0700666638,
    "totalOtherIncomeExpensesNet": 4088000,
    "incomeBeforeTax": 17163000,
    "incomeBeforeTaxRatio": 0.0919735488,
    "incomeTaxExpense": 6007000,
    "netIncome": 11156000,
    "netIncomeRatio": 0.0597830747,
    "eps": 0.17,
    "epsdiluted": 0.17,
    "weightedAverageShsOut": 67052000,
    "weightedAverageShsOutDil": 67092000,
    "link": "https://www.sec.gov/Archives/edgar/data/72331/000095015209002469/0000950152-09-002469-index.htm",
    "finalLink": "https://www.sec.gov/Archives/edgar/data/72331/000095015209002469/l35749ae10vq.htm"
  },
  {
    "date": "2008-10-31",
    "symbol": "NDSN",
    "reportedCurrency": "USD",
    "cik": "0000072331",
    "fillingDate": "2008-12-19",
    "acceptedDate": "2008-12-19 09:58:22",
    "calendarYear": "2008",
    "period": "Q4",
    "revenue": 297662000,
    "costOfRevenue": 135398000,
    "grossProfit": 162264000,
    "grossProfitRatio": 0.5451283671,
    "researchAndDevelopmentExpenses": 0,
    "generalAndAdministrativeExpenses": 0,
    "sellingAndMarketingExpenses": 0,
    "sellingGeneralAndAdministrativeExpenses": 108524000,
    "otherExpenses": 5321000,
    "operatingExpenses": 113845000,
    "costAndExpenses": 249243000,
    "interestIncome": 0,
    "interestExpense": 0,
    "depreciationAndAmortization": 8592000,
    "ebitda": 62332000,
    "ebitdaratio": 0.2094052986,
    "operatingIncome": 48419000,
    "operatingIncomeRatio": 0.1626643643,
    "totalOtherIncomeExpensesNet": -3020000,
    "incomeBeforeTax": 45399000,
    "incomeBeforeTaxRatio": 0.1525186285,
    "incomeTaxExpense": 14653000,
    "netIncome": 30746000,
    "netIncomeRatio": 0.1032916529,
    "eps": 0.46,
    "epsdiluted": 0.46,
    "weightedAverageShsOut": 67052000,
    "weightedAverageShsOutDil": 67052000,
    "link": "https://www.sec.gov/Archives/edgar/data/72331/000095015208010466/0000950152-08-010466-index.htm",
    "finalLink": "https://www.sec.gov/Archives/edgar/data/72331/000095015208010466/l34740ae10vk.htm"
  },
  {
    "date": "2008-07-31",
    "symbol": "NDSN",
    "reportedCurrency": "USD",
    "cik": "0000072331",
    "fillingDate": "2008-09-08",
    "acceptedDate": "2008-09-08 10:30:39",
    "calendarYear": "2008",
    "period": "Q3",
    "revenue": 288362000,
    "costOfRevenue": 125923000,
    "grossProfit": 162439000,
    "grossProfitRatio": 0.5633162483,
    "researchAndDevelopmentExpenses": 0,
    "generalAndAdministrativeExpenses": 0,
    "sellingAndMarketingExpenses": 0,
    "sellingGeneralAndAdministrativeExpenses": 110902000,
    "otherExpenses": 240000,
    "operatingExpenses": 111142000,
    "costAndExpenses": 237065000,
    "interestIncome": 0,
    "interestExpense": 0,
    "depreciationAndAmortization": 8098000,
    "ebitda": 59635000,
    "ebitdaratio": 0.2068060285,
    "operatingIncome": 51297000,
    "operatingIncomeRatio": 0.1778909842,
    "totalOtherIncomeExpensesNet": -608000,
    "incomeBeforeTax": 50689000,
    "incomeBeforeTaxRatio": 0.1757825234,
    "incomeTaxExpense": 18319000,
    "netIncome": 32370000,
    "netIncomeRatio": 0.1122547354,
    "eps": 0.48,
    "epsdiluted": 0.47,
    "weightedAverageShsOut": 67794000,
    "weightedAverageShsOutDil": 69274000,
    "link": "https://www.sec.gov/Archives/edgar/data/72331/000095015208007041/0000950152-08-007041-index.htm",
    "finalLink": "https://www.sec.gov/Archives/edgar/data/72331/000095015208007041/l33122ae10vq.htm"
  },
  {
    "date": "2008-04-30",
    "symbol": "NDSN",
    "reportedCurrency": "USD",
    "cik": "0000072331",
    "fillingDate": "2008-06-05",
    "acceptedDate": "2008-06-05 10:00:16",
    "calendarYear": "2008",
    "period": "Q2",
    "revenue": 294116000,
    "costOfRevenue": 128243000,
    "grossProfit": 165873000,
    "grossProfitRatio": 0.5639713582,
    "researchAndDevelopmentExpenses": 0,
    "generalAndAdministrativeExpenses": 0,
    "sellingAndMarketingExpenses": 0,
    "sellingGeneralAndAdministrativeExpenses": 111682000,
    "otherExpenses": -32000,
    "operatingExpenses": 111650000,
    "costAndExpenses": 239893000,
    "interestIncome": 0,
    "interestExpense": 0,
    "depreciationAndAmortization": 7814000,
    "ebitda": 62005000,
    "ebitdaratio": 0.2108181806,
    "operatingIncome": 54223000,
    "operatingIncomeRatio": 0.1843592324,
    "totalOtherIncomeExpensesNet": -3005000,
    "incomeBeforeTax": 51218000,
    "incomeBeforeTaxRatio": 0.1741421752,
    "incomeTaxExpense": 18169000,
    "netIncome": 33049000,
    "netIncomeRatio": 0.1123672293,
    "eps": 0.5,
    "epsdiluted": 0.49,
    "weightedAverageShsOut": 67050000,
    "weightedAverageShsOutDil": 68222000,
    "link": "https://www.sec.gov/Archives/edgar/data/72331/000095015208004442/0000950152-08-004442-index.htm",
    "finalLink": "https://www.sec.gov/Archives/edgar/data/72331/000095015208004442/l31907ae10vq.htm"
  },
  {
    "date": "2008-01-31",
    "symbol": "NDSN",
    "reportedCurrency": "USD",
    "cik": "0000072331",
    "fillingDate": "2008-03-10",
    "acceptedDate": "2008-03-10 14:24:53",
    "calendarYear": "2008",
    "period": "Q1",
    "revenue": 244689000,
    "costOfRevenue": 104830000,
    "grossProfit": 139859000,
    "grossProfitRatio": 0.5715786161,
    "researchAndDevelopmentExpenses": 0,
    "generalAndAdministrativeExpenses": 0,
    "sellingAndMarketingExpenses": 0,
    "sellingGeneralAndAdministrativeExpenses": 103368000,
    "otherExpenses": 92000,
    "operatingExpenses": 103460000,
    "costAndExpenses": 208290000,
    "interestIncome": 0,
    "interestExpense": 0,
    "depreciationAndAmortization": 7733000,
    "ebitda": 44224000,
    "ebitdaratio": 0.1807355459,
    "operatingIncome": 36399000,
    "operatingIncomeRatio": 0.1487561762,
    "totalOtherIncomeExpensesNet": -3917000,
    "incomeBeforeTax": 32482000,
    "incomeBeforeTaxRatio": 0.1327481007,
    "incomeTaxExpense": 11143000,
    "netIncome": 21339000,
    "netIncomeRatio": 0.0872086608,
    "eps": 0.32,
    "epsdiluted": 0.31,
    "weightedAverageShsOut": 67234000,
    "weightedAverageShsOutDil": 68378000,
    "link": "https://www.sec.gov/Archives/edgar/data/72331/000095015208001787/0000950152-08-001787-index.htm",
    "finalLink": "https://www.sec.gov/Archives/edgar/data/72331/000095015208001787/l30450ae10vq.htm"
  },
  {
    "date": "2007-10-31",
    "symbol": "NDSN",
    "reportedCurrency": "USD",
    "cik": "0000072331",
    "fillingDate": "2007-12-21",
    "acceptedDate": "2007-12-21 13:24:43",
    "calendarYear": "2007",
    "period": "Q4",
    "revenue": 290768000,
    "costOfRevenue": 131166000,
    "grossProfit": 159602000,
    "grossProfitRatio": 0.5488980906,
    "researchAndDevelopmentExpenses": 0,
    "generalAndAdministrativeExpenses": 0,
    "sellingAndMarketingExpenses": 0,
    "sellingGeneralAndAdministrativeExpenses": 110941000,
    "otherExpenses": 141000,
    "operatingExpenses": 111082000,
    "costAndExpenses": 242248000,
    "interestIncome": 0,
    "interestExpense": 0,
    "depreciationAndAmortization": 7607000,
    "ebitda": 56268000,
    "ebitdaratio": 0.1935151048,
    "operatingIncome": 48520000,
    "operatingIncomeRatio": 0.1668684312,
    "totalOtherIncomeExpensesNet": -4265000,
    "incomeBeforeTax": 44255000,
    "incomeBeforeTaxRatio": 0.1522003797,
    "incomeTaxExpense": 14621000,
    "netIncome": 29634000,
    "netIncomeRatio": 0.1019163044,
    "eps": 0.44,
    "epsdiluted": 0.44,
    "weightedAverageShsOut": 67234000,
    "weightedAverageShsOutDil": 67234000,
    "link": "https://www.sec.gov/Archives/edgar/data/72331/000095015207009783/0000950152-07-009783-index.htm",
    "finalLink": "https://www.sec.gov/Archives/edgar/data/72331/000095015207009783/l28093ae10vk.htm"
  },
  {
    "date": "2007-07-31",
    "symbol": "NDSN",
    "reportedCurrency": "USD",
    "cik": "0000072331",
    "fillingDate": "2007-09-07",
    "acceptedDate": "2007-09-07 08:30:38",
    "calendarYear": "2007",
    "period": "Q3",
    "revenue": 257713000,
    "costOfRevenue": 113005000,
    "grossProfit": 144708000,
    "grossProfitRatio": 0.5615083446,
    "researchAndDevelopmentExpenses": 0,
    "generalAndAdministrativeExpenses": 0,
    "sellingAndMarketingExpenses": 0,
    "sellingGeneralAndAdministrativeExpenses": 103516000,
    "otherExpenses": 213000,
    "operatingExpenses": 103729000,
    "costAndExpenses": 216734000,
    "interestIncome": 0,
    "interestExpense": 0,
    "depreciationAndAmortization": 7597000,
    "ebitda": 48789000,
    "ebitdaratio": 0.189315246,
    "operatingIncome": 40979000,
    "operatingIncomeRatio": 0.1590102168,
    "totalOtherIncomeExpensesNet": -5048000,
    "incomeBeforeTax": 35931000,
    "incomeBeforeTaxRatio": 0.1394225359,
    "incomeTaxExpense": 11410000,
    "netIncome": 24521000,
    "netIncomeRatio": 0.0951484791,
    "eps": 0.37,
    "epsdiluted": 0.36,
    "weightedAverageShsOut": 67222000,
    "weightedAverageShsOutDil": 68430000,
    "link": "https://www.sec.gov/Archives/edgar/data/72331/000095015207007405/0000950152-07-007405-index.htm",
    "finalLink": "https://www.sec.gov/Archives/edgar/data/72331/000095015207007405/l27865ae10vq.htm"
  },
  {
    "date": "2007-04-30",
    "symbol": "NDSN",
    "reportedCurrency": "USD",
    "cik": "0000072331",
    "fillingDate": "2007-06-08",
    "acceptedDate": "2007-06-08 08:03:54",
    "calendarYear": "2007",
    "period": "Q2",
    "revenue": 241293000,
    "costOfRevenue": 109419000,
    "grossProfit": 131874000,
    "grossProfitRatio": 0.5465305666,
    "researchAndDevelopmentExpenses": 0,
    "generalAndAdministrativeExpenses": 0,
    "sellingAndMarketingExpenses": 0,
    "sellingGeneralAndAdministrativeExpenses": 97442000,
    "otherExpenses": 55000,
    "operatingExpenses": 97497000,
    "costAndExpenses": 206916000,
    "interestIncome": 0,
    "interestExpense": 0,
    "depreciationAndAmortization": 6636000,
    "ebitda": 41068000,
    "ebitdaratio": 0.1701997157,
    "operatingIncome": 34377000,
    "operatingIncomeRatio": 0.1424699432,
    "totalOtherIncomeExpensesNet": -2224000,
    "incomeBeforeTax": 32153000,
    "incomeBeforeTaxRatio": 0.1332529332,
    "incomeTaxExpense": 11173000,
    "netIncome": 20980000,
    "netIncomeRatio": 0.0869482331,
    "eps": 0.31,
    "epsdiluted": 0.31,
    "weightedAverageShsOut": 67144000,
    "weightedAverageShsOutDil": 68292000,
    "link": "https://www.sec.gov/Archives/edgar/data/72331/000095015207004975/0000950152-07-004975-index.htm",
    "finalLink": "https://www.sec.gov/Archives/edgar/data/72331/000095015207004975/l26504ae10vq.htm"
  },
  {
    "date": "2007-01-31",
    "symbol": "NDSN",
    "reportedCurrency": "USD",
    "cik": "0000072331",
    "fillingDate": "2007-03-12",
    "acceptedDate": "2007-03-12 14:47:56",
    "calendarYear": "2007",
    "period": "Q1",
    "revenue": 203875000,
    "costOfRevenue": 86214000,
    "grossProfit": 117661000,
    "grossProfitRatio": 0.5771232373,
    "researchAndDevelopmentExpenses": 0,
    "generalAndAdministrativeExpenses": 0,
    "sellingAndMarketingExpenses": 0,
    "sellingGeneralAndAdministrativeExpenses": 89395000,
    "otherExpenses": 0,
    "operatingExpenses": 89395000,
    "costAndExpenses": 175609000,
    "interestIncome": 0,
    "interestExpense": 0,
    "depreciationAndAmortization": 6093000,
    "ebitda": 35428000,
    "ebitdaratio": 0.1737731453,
    "operatingIncome": 28266000,
    "operatingIncomeRatio": 0.1386437768,
    "totalOtherIncomeExpensesNet": -4883000,
    "incomeBeforeTax": 23383000,
    "incomeBeforeTaxRatio": 0.1146928265,
    "incomeTaxExpense": 7826000,
    "netIncome": 15557000,
    "netIncomeRatio": 0.0763065604,
    "eps": 0.24,
    "epsdiluted": 0.23,
    "weightedAverageShsOut": 66766000,
    "weightedAverageShsOutDil": 68234000,
    "link": "https://www.sec.gov/Archives/edgar/data/72331/000095015207002012/0000950152-07-002012-index.htm",
    "finalLink": "https://www.sec.gov/Archives/edgar/data/72331/000095015207002012/l25129ae10vq.htm"
  },
  {
    "date": "2006-10-31",
    "symbol": "NDSN",
    "reportedCurrency": "USD",
    "cik": "0000072331",
    "fillingDate": "2007-01-12",
    "acceptedDate": "2007-01-12 11:19:58",
    "calendarYear": "2006",
    "period": "Q4",
    "revenue": 236974000,
    "costOfRevenue": 95603000,
    "grossProfit": 141371000,
    "grossProfitRatio": 0.5965675559,
    "researchAndDevelopmentExpenses": 0,
    "generalAndAdministrativeExpenses": 0,
    "sellingAndMarketingExpenses": 0,
    "sellingGeneralAndAdministrativeExpenses": 92116000,
    "otherExpenses": -104000,
    "operatingExpenses": 92012000,
    "costAndExpenses": 187615000,
    "interestIncome": 0,
    "interestExpense": 0,
    "depreciationAndAmortization": 4804000,
    "ebitda": 56790000,
    "ebitdaratio": 0.2396465435,
    "operatingIncome": 49359000,
    "operatingIncomeRatio": 0.208288673,
    "totalOtherIncomeExpensesNet": -2721000,
    "incomeBeforeTax": 46638000,
    "incomeBeforeTaxRatio": 0.1968064007,
    "incomeTaxExpense": 11783000,
    "netIncome": 27786000,
    "netIncomeRatio": 0.1172533696,
    "eps": 0.42,
    "epsdiluted": 0.42,
    "weightedAverageShsOut": 66766000,
    "weightedAverageShsOutDil": 66766000,
    "link": "https://www.sec.gov/Archives/edgar/data/72331/000095015207000253/0000950152-07-000253-index.htm",
    "finalLink": "https://www.sec.gov/Archives/edgar/data/72331/000095015207000253/l22480ae10vk.htm"
  },
  {
    "date": "2006-07-31",
    "symbol": "NDSN",
    "reportedCurrency": "USD",
    "cik": "0000072331",
    "fillingDate": "2006-09-08",
    "acceptedDate": "2006-09-08 07:30:53",
    "calendarYear": "2006",
    "period": "Q3",
    "revenue": 225965000,
    "costOfRevenue": 98338000,
    "grossProfit": 127627000,
    "grossProfitRatio": 0.5648087093,
    "researchAndDevelopmentExpenses": 0,
    "generalAndAdministrativeExpenses": 0,
    "sellingAndMarketingExpenses": 0,
    "sellingGeneralAndAdministrativeExpenses": 91093000,
    "otherExpenses": 556000,
    "operatingExpenses": 91649000,
    "costAndExpenses": 188875000,
    "interestIncome": 0,
    "interestExpense": 0,
    "depreciationAndAmortization": 5674000,
    "ebitda": 40506000,
    "ebitdaratio": 0.1792578497,
    "operatingIncome": 36643000,
    "operatingIncomeRatio": 0.1621622818,
    "totalOtherIncomeExpensesNet": -1483000,
    "incomeBeforeTax": 32535000,
    "incomeBeforeTaxRatio": 0.1439824752,
    "incomeTaxExpense": 7721000,
    "netIncome": 24814000,
    "netIncomeRatio": 0.1098134667,
    "eps": 0.37,
    "epsdiluted": 0.36,
    "weightedAverageShsOut": 67194000,
    "weightedAverageShsOutDil": 68920000,
    "link": "https://www.sec.gov/Archives/edgar/data/72331/000095015206007496/0000950152-06-007496-index.htm",
    "finalLink": "https://www.sec.gov/Archives/edgar/data/72331/000095015206007496/l22192ae10vq.htm"
  },
  {
    "date": "2006-04-30",
    "symbol": "NDSN",
    "reportedCurrency": "USD",
    "cik": "0000072331",
    "fillingDate": "2006-06-09",
    "acceptedDate": "2006-06-09 08:59:47",
    "calendarYear": "2006",
    "period": "Q2",
    "revenue": 231830000,
    "costOfRevenue": 102205000,
    "grossProfit": 129625000,
    "grossProfitRatio": 0.5591381616,
    "researchAndDevelopmentExpenses": 0,
    "generalAndAdministrativeExpenses": 0,
    "sellingAndMarketingExpenses": 0,
    "sellingGeneralAndAdministrativeExpenses": 90594000,
    "otherExpenses": 942000,
    "operatingExpenses": 91536000,
    "costAndExpenses": 188686000,
    "interestIncome": 0,
    "interestExpense": 0,
    "depreciationAndAmortization": 5680000,
    "ebitda": 44142000,
    "ebitdaratio": 0.1904067636,
    "operatingIncome": 39154000,
    "operatingIncomeRatio": 0.1688909977,
    "totalOtherIncomeExpensesNet": -2991000,
    "incomeBeforeTax": 33050000,
    "incomeBeforeTaxRatio": 0.1425613596,
    "incomeTaxExpense": 11119000,
    "netIncome": 21931000,
    "netIncomeRatio": 0.094599491,
    "eps": 0.33,
    "epsdiluted": 0.32,
    "weightedAverageShsOut": 66874000,
    "weightedAverageShsOutDil": 68716000,
    "link": "https://www.sec.gov/Archives/edgar/data/72331/000095015206005033/0000950152-06-005033-index.htm",
    "finalLink": "https://www.sec.gov/Archives/edgar/data/72331/000095015206005033/l20694ae10vq.htm"
  },
  {
    "date": "2006-01-31",
    "symbol": "NDSN",
    "reportedCurrency": "USD",
    "cik": "0000072331",
    "fillingDate": "2006-03-13",
    "acceptedDate": "2006-03-13 15:08:01",
    "calendarYear": "2006",
    "period": "Q1",
    "revenue": 197452000,
    "costOfRevenue": 83654000,
    "grossProfit": 113798000,
    "grossProfitRatio": 0.5763324757,
    "researchAndDevelopmentExpenses": 0,
    "generalAndAdministrativeExpenses": 0,
    "sellingAndMarketingExpenses": 0,
    "sellingGeneralAndAdministrativeExpenses": 82390000,
    "otherExpenses": 1233000,
    "operatingExpenses": 83623000,
    "costAndExpenses": 166959000,
    "interestIncome": 0,
    "interestExpense": 0,
    "depreciationAndAmortization": 5518000,
    "ebitda": 37143000,
    "ebitdaratio": 0.188111541,
    "operatingIncome": 30392000,
    "operatingIncomeRatio": 0.1539209529,
    "totalOtherIncomeExpensesNet": -13831000,
    "incomeBeforeTax": 24211000,
    "incomeBeforeTaxRatio": 0.1226171424,
    "incomeTaxExpense": 8144000,
    "netIncome": 16067000,
    "netIncomeRatio": 0.0813716751,
    "eps": 0.25,
    "epsdiluted": 0.24,
    "weightedAverageShsOut": 66004000,
    "weightedAverageShsOutDil": 67694000,
    "link": "https://www.sec.gov/Archives/edgar/data/72331/000095015206002020/0000950152-06-002020-index.htm",
    "finalLink": "https://www.sec.gov/Archives/edgar/data/72331/000095015206002020/l19057ae10vq.htm"
  },
  {
    "date": "2005-10-30",
    "symbol": "NDSN",
    "reportedCurrency": "USD",
    "cik": "0000072331",
    "fillingDate": "2006-01-13",
    "acceptedDate": "2006-01-13 15:26:41",
    "calendarYear": "2005",
    "period": "Q4",
    "revenue": 239803000,
    "costOfRevenue": 107857000,
    "grossProfit": 131946000,
    "grossProfitRatio": 0.5502266444,
    "researchAndDevelopmentExpenses": 0,
    "generalAndAdministrativeExpenses": 0,
    "sellingAndMarketingExpenses": 0,
    "sellingGeneralAndAdministrativeExpenses": 89360000,
    "otherExpenses": 875000,
    "operatingExpenses": 90235000,
    "costAndExpenses": 198092000,
    "interestIncome": 0,
    "interestExpense": 0,
    "depreciationAndAmortization": 6566000,
    "ebitda": 48682000,
    "ebitdaratio": 0.2030083026,
    "operatingIncome": 41711000,
    "operatingIncomeRatio": 0.1739386079,
    "totalOtherIncomeExpensesNet": -2722000,
    "incomeBeforeTax": 38989000,
    "incomeBeforeTaxRatio": 0.162587624,
    "incomeTaxExpense": 11086000,
    "netIncome": 27903000,
    "netIncomeRatio": 0.1163580105,
    "eps": 0.4,
    "epsdiluted": 0.4,
    "weightedAverageShsOut": 68238000,
    "weightedAverageShsOutDil": 69800000,
    "link": "https://www.sec.gov/Archives/edgar/data/72331/000095015206000197/0000950152-06-000197-index.htm",
    "finalLink": "https://www.sec.gov/Archives/edgar/data/72331/000095015206000197/l17741ae10vk.htm"
  },
  {
    "date": "2005-07-31",
    "symbol": "NDSN",
    "reportedCurrency": "USD",
    "cik": "0000072331",
    "fillingDate": "2005-09-06",
    "acceptedDate": "2005-09-06 07:33:03",
    "calendarYear": "2005",
    "period": "Q3",
    "revenue": 201570000,
    "costOfRevenue": 87748000,
    "grossProfit": 113822000,
    "grossProfitRatio": 0.5646772833,
    "researchAndDevelopmentExpenses": 0,
    "generalAndAdministrativeExpenses": 0,
    "sellingAndMarketingExpenses": 0,
    "sellingGeneralAndAdministrativeExpenses": 85794000,
    "otherExpenses": 0,
    "operatingExpenses": 85794000,
    "costAndExpenses": 173542000,
    "interestIncome": 0,
    "interestExpense": 0,
    "depreciationAndAmortization": 6335000,
    "ebitda": 34493000,
    "ebitdaratio": 0.1711216947,
    "operatingIncome": 28028000,
    "operatingIncomeRatio": 0.1390484695,
    "totalOtherIncomeExpensesNet": -2917000,
    "incomeBeforeTax": 25111000,
    "incomeBeforeTaxRatio": 0.12457707,
    "incomeTaxExpense": 6520000,
    "netIncome": 18591000,
    "netIncomeRatio": 0.0922309868,
    "eps": 0.26,
    "epsdiluted": 0.25,
    "weightedAverageShsOut": 72416000,
    "weightedAverageShsOutDil": 73686000,
    "link": "https://www.sec.gov/Archives/edgar/data/72331/000095015205007464/0000950152-05-007464-index.htm",
    "finalLink": "https://www.sec.gov/Archives/edgar/data/72331/000095015205007464/l15872ae10vq.htm"
  },
  {
    "date": "2005-05-01",
    "symbol": "NDSN",
    "reportedCurrency": "USD",
    "cik": "0000072331",
    "fillingDate": "2005-06-06",
    "acceptedDate": "2005-06-06 12:00:15",
    "calendarYear": "2005",
    "period": "Q2",
    "revenue": 207623000,
    "costOfRevenue": 92068000,
    "grossProfit": 115555000,
    "grossProfitRatio": 0.5565616526,
    "researchAndDevelopmentExpenses": 0,
    "generalAndAdministrativeExpenses": 0,
    "sellingAndMarketingExpenses": 0,
    "sellingGeneralAndAdministrativeExpenses": 87377000,
    "otherExpenses": 0,
    "operatingExpenses": 87377000,
    "costAndExpenses": 179445000,
    "interestIncome": 0,
    "interestExpense": 0,
    "depreciationAndAmortization": 6395000,
    "ebitda": 28178000,
    "ebitdaratio": 0.1357171412,
    "operatingIncome": 28178000,
    "operatingIncomeRatio": 0.1357171412,
    "totalOtherIncomeExpensesNet": -2285000,
    "incomeBeforeTax": 25893000,
    "incomeBeforeTaxRatio": 0.1247116167,
    "incomeTaxExpense": 8415000,
    "netIncome": 17478000,
    "netIncomeRatio": 0.084181425,
    "eps": 0.24,
    "epsdiluted": 0.24,
    "weightedAverageShsOut": 72640000,
    "weightedAverageShsOutDil": 74292000,
    "link": "https://www.sec.gov/Archives/edgar/data/72331/000095015205004960/0000950152-05-004960-index.htm",
    "finalLink": "https://www.sec.gov/Archives/edgar/data/72331/000095015205004960/l14204ae10vq.htm"
  },
  {
    "date": "2005-01-30",
    "symbol": "NDSN",
    "reportedCurrency": "USD",
    "cik": "0000072331",
    "fillingDate": "2005-03-07",
    "acceptedDate": "2005-03-07 14:48:27",
    "calendarYear": "2005",
    "period": "Q1",
    "revenue": 190166000,
    "costOfRevenue": 83625000,
    "grossProfit": 106541000,
    "grossProfitRatio": 0.5602526214,
    "researchAndDevelopmentExpenses": 0,
    "generalAndAdministrativeExpenses": 0,
    "sellingAndMarketingExpenses": 0,
    "sellingGeneralAndAdministrativeExpenses": 82791000,
    "otherExpenses": 0,
    "operatingExpenses": 82791000,
    "costAndExpenses": 166416000,
    "interestIncome": 0,
    "interestExpense": 0,
    "depreciationAndAmortization": 6387000,
    "ebitda": 29654000,
    "ebitdaratio": 0.1559374441,
    "operatingIncome": 23750000,
    "operatingIncomeRatio": 0.1248908848,
    "totalOtherIncomeExpensesNet": -2467000,
    "incomeBeforeTax": 21283000,
    "incomeBeforeTaxRatio": 0.1119180085,
    "incomeTaxExpense": 6917000,
    "netIncome": 14366000,
    "netIncomeRatio": 0.0755445243,
    "eps": 0.2,
    "epsdiluted": 0.2,
    "weightedAverageShsOut": 72452000,
    "weightedAverageShsOutDil": 74400000,
    "link": "https://www.sec.gov/Archives/edgar/data/72331/000095015205001798/0000950152-05-001798-index.htm",
    "finalLink": "https://www.sec.gov/Archives/edgar/data/72331/000095015205001798/l12457ae10vq.htm"
  },
  {
    "date": "2004-10-31",
    "symbol": "NDSN",
    "reportedCurrency": "USD",
    "cik": "0000072331",
    "fillingDate": "2005-01-14",
    "acceptedDate": "2005-01-14 11:39:49",
    "calendarYear": "2004",
    "period": "Q4",
    "revenue": 228353000,
    "costOfRevenue": 106735000,
    "grossProfit": 121618000,
    "grossProfitRatio": 0.5325877041,
    "researchAndDevelopmentExpenses": 0,
    "generalAndAdministrativeExpenses": 0,
    "sellingAndMarketingExpenses": 0,
    "sellingGeneralAndAdministrativeExpenses": 86140000,
    "otherExpenses": 0,
    "operatingExpenses": 86140000,
    "costAndExpenses": 192875000,
    "interestIncome": 0,
    "interestExpense": 0,
    "depreciationAndAmortization": 6724000,
    "ebitda": 45518000,
    "ebitdaratio": 0.1993317364,
    "operatingIncome": 35478000,
    "operatingIncomeRatio": 0.1553647204,
    "totalOtherIncomeExpensesNet": -6741000,
    "incomeBeforeTax": 28737000,
    "incomeBeforeTaxRatio": 0.1258446353,
    "incomeTaxExpense": 9014000,
    "netIncome": 19723000,
    "netIncomeRatio": 0.086370663,
    "eps": 0.27,
    "epsdiluted": 0.27,
    "weightedAverageShsOut": 72310000,
    "weightedAverageShsOutDil": 74100000,
    "link": "https://www.sec.gov/Archives/edgar/data/72331/000095015205000245/0000950152-05-000245-index.htm",
    "finalLink": "https://www.sec.gov/Archives/edgar/data/72331/000095015205000245/l10447ae10vk.htm"
  },
  {
    "date": "2004-08-01",
    "symbol": "NDSN",
    "reportedCurrency": "USD",
    "cik": "0000072331",
    "fillingDate": "2004-09-03",
    "acceptedDate": "2004-09-03 07:38:01",
    "calendarYear": "2004",
    "period": "Q3",
    "revenue": 197949000,
    "costOfRevenue": 85835000,
    "grossProfit": 112114000,
    "grossProfitRatio": 0.5663782085,
    "researchAndDevelopmentExpenses": 0,
    "generalAndAdministrativeExpenses": 0,
    "sellingAndMarketingExpenses": 0,
    "sellingGeneralAndAdministrativeExpenses": 83261000,
    "otherExpenses": 0,
    "operatingExpenses": 83261000,
    "costAndExpenses": 169096000,
    "interestIncome": 0,
    "interestExpense": 0,
    "depreciationAndAmortization": 6358000,
    "ebitda": 28853000,
    "ebitdaratio": 0.1457597664,
    "operatingIncome": 28853000,
    "operatingIncomeRatio": 0.1457597664,
    "totalOtherIncomeExpensesNet": -3071000,
    "incomeBeforeTax": 25782000,
    "incomeBeforeTaxRatio": 0.1302456693,
    "incomeTaxExpense": 8508000,
    "netIncome": 17274000,
    "netIncomeRatio": 0.0872649016,
    "eps": 0.24,
    "epsdiluted": 0.24,
    "weightedAverageShsOut": 71722000,
    "weightedAverageShsOutDil": 74098000,
    "link": "https://www.sec.gov/Archives/edgar/data/72331/000095012804000901/0000950128-04-000901-index.htm",
    "finalLink": "https://www.sec.gov/Archives/edgar/data/72331/000095012804000901/l09377ae10vq.htm"
  },
  {
    "date": "2004-05-02",
    "symbol": "NDSN",
    "reportedCurrency": "USD",
    "cik": "0000072331",
    "fillingDate": "2004-06-04",
    "acceptedDate": "2004-06-04 07:47:04",
    "calendarYear": "2004",
    "period": "Q2",
    "revenue": 196602000,
    "costOfRevenue": 83976000,
    "grossProfit": 112626000,
    "grossProfitRatio": 0.5728629414,
    "researchAndDevelopmentExpenses": 0,
    "generalAndAdministrativeExpenses": 0,
    "sellingAndMarketingExpenses": 0,
    "sellingGeneralAndAdministrativeExpenses": 84499000,
    "otherExpenses": 0,
    "operatingExpenses": 84499000,
    "costAndExpenses": 168475000,
    "interestIncome": 0,
    "interestExpense": 0,
    "depreciationAndAmortization": 6734000,
    "ebitda": 28127000,
    "ebitdaratio": 0.143065686,
    "operatingIncome": 28127000,
    "operatingIncomeRatio": 0.143065686,
    "totalOtherIncomeExpensesNet": -3242000,
    "incomeBeforeTax": 24885000,
    "incomeBeforeTaxRatio": 0.1265755181,
    "incomeTaxExpense": 8212000,
    "netIncome": 16673000,
    "netIncomeRatio": 0.0848058514,
    "eps": 0.24,
    "epsdiluted": 0.23,
    "weightedAverageShsOut": 70744000,
    "weightedAverageShsOutDil": 72950000,
    "link": "https://www.sec.gov/Archives/edgar/data/72331/000095015204004445/0000950152-04-004445-index.htm",
    "finalLink": "https://www.sec.gov/Archives/edgar/data/72331/000095015204004445/l07846ae10vq.htm"
  },
  {
    "date": "2004-02-01",
    "symbol": "NDSN",
    "reportedCurrency": "USD",
    "cik": "0000072331",
    "fillingDate": "2004-03-08",
    "acceptedDate": "2004-03-08 10:34:11",
    "calendarYear": "2004",
    "period": "Q1",
    "revenue": 170640000,
    "costOfRevenue": 77767000,
    "grossProfit": 92873000,
    "grossProfitRatio": 0.5442627754,
    "researchAndDevelopmentExpenses": 0,
    "generalAndAdministrativeExpenses": 0,
    "sellingAndMarketingExpenses": 0,
    "sellingGeneralAndAdministrativeExpenses": 74733000,
    "otherExpenses": 0,
    "operatingExpenses": 74733000,
    "costAndExpenses": 152500000,
    "interestIncome": 0,
    "interestExpense": 0,
    "depreciationAndAmortization": 7060000,
    "ebitda": 25101000,
    "ebitdaratio": 0.1470991561,
    "operatingIncome": 18140000,
    "operatingIncomeRatio": 0.1063056728,
    "totalOtherIncomeExpensesNet": -3716000,
    "incomeBeforeTax": 14424000,
    "incomeBeforeTaxRatio": 0.0845288326,
    "incomeTaxExpense": 4760000,
    "netIncome": 9664000,
    "netIncomeRatio": 0.056633849,
    "eps": 0.14,
    "epsdiluted": 0.14,
    "weightedAverageShsOut": 69136000,
    "weightedAverageShsOutDil": 71264000,
    "link": "https://www.sec.gov/Archives/edgar/data/72331/000095015204001662/0000950152-04-001662-index.htm",
    "finalLink": "https://www.sec.gov/Archives/edgar/data/72331/000095015204001662/l06091ae10vq.htm"
  },
  {
    "date": "2003-11-02",
    "symbol": "NDSN",
    "reportedCurrency": "USD",
    "cik": "0000072331",
    "fillingDate": "2004-01-21",
    "acceptedDate": "2004-01-21 11:22:43",
    "calendarYear": "2003",
    "period": "Q4",
    "revenue": 189073000,
    "costOfRevenue": 87169000,
    "grossProfit": 101904000,
    "grossProfitRatio": 0.538966431,
    "researchAndDevelopmentExpenses": 0,
    "generalAndAdministrativeExpenses": 0,
    "sellingAndMarketingExpenses": 0,
    "sellingGeneralAndAdministrativeExpenses": 77258000,
    "otherExpenses": 403000,
    "operatingExpenses": 77661000,
    "costAndExpenses": 164830000,
    "interestIncome": 0,
    "interestExpense": 0,
    "depreciationAndAmortization": 7605000,
    "ebitda": 32251000,
    "ebitdaratio": 0.1705743284,
    "operatingIncome": 24243000,
    "operatingIncomeRatio": 0.128220317,
    "totalOtherIncomeExpensesNet": -4339000,
    "incomeBeforeTax": 19904000,
    "incomeBeforeTaxRatio": 0.1052715089,
    "incomeTaxExpense": 6568000,
    "netIncome": 13336000,
    "netIncomeRatio": 0.0705336034,
    "eps": 0.19,
    "epsdiluted": 0.19,
    "weightedAverageShsOut": 67718000,
    "weightedAverageShsOutDil": 68300000,
    "link": "https://www.sec.gov/Archives/edgar/data/72331/000095015204000365/0000950152-04-000365-index.htm",
    "finalLink": "https://www.sec.gov/Archives/edgar/data/72331/000095015204000365/l04976ae10vk.htm"
  },
  {
    "date": "2003-08-03",
    "symbol": "NDSN",
    "reportedCurrency": "USD",
    "cik": "0000072331",
    "fillingDate": "2003-09-15",
    "acceptedDate": "2003-09-15 09:07:23",
    "calendarYear": "2003",
    "period": "Q3",
    "revenue": 166272000,
    "costOfRevenue": 74749000,
    "grossProfit": 91523000,
    "grossProfitRatio": 0.5504414453,
    "researchAndDevelopmentExpenses": 0,
    "generalAndAdministrativeExpenses": 0,
    "sellingAndMarketingExpenses": 0,
    "sellingGeneralAndAdministrativeExpenses": 73727000,
    "otherExpenses": 157000,
    "operatingExpenses": 73884000,
    "costAndExpenses": 148633000,
    "interestIncome": 0,
    "interestExpense": 0,
    "depreciationAndAmortization": 7432000,
    "ebitda": 25228000,
    "ebitdaratio": 0.1517272902,
    "operatingIncome": 17639000,
    "operatingIncomeRatio": 0.1060852098,
    "totalOtherIncomeExpensesNet": -4586000,
    "incomeBeforeTax": 13053000,
    "incomeBeforeTaxRatio": 0.0785038972,
    "incomeTaxExpense": 4308000,
    "netIncome": 8745000,
    "netIncomeRatio": 0.0525945439,
    "eps": 0.13,
    "epsdiluted": 0.13,
    "weightedAverageShsOut": 67404000,
    "weightedAverageShsOutDil": 67734000,
    "link": "https://www.sec.gov/Archives/edgar/data/72331/000095015203008255/0000950152-03-008255-index.htm",
    "finalLink": "https://www.sec.gov/Archives/edgar/data/72331/000095015203008255/l03015ae10vq.htm"
  },
  {
    "date": "2003-05-04",
    "symbol": "NDSN",
    "reportedCurrency": "USD",
    "cik": "0000072331",
    "fillingDate": "2003-06-16",
    "acceptedDate": "2003-06-16 09:18:47",
    "calendarYear": "2003",
    "period": "Q2",
    "revenue": 166679000,
    "costOfRevenue": 73582000,
    "grossProfit": 93097000,
    "grossProfitRatio": 0.558540668,
    "researchAndDevelopmentExpenses": 0,
    "generalAndAdministrativeExpenses": 0,
    "sellingAndMarketingExpenses": 0,
    "sellingGeneralAndAdministrativeExpenses": 76053000,
    "otherExpenses": 1446000,
    "operatingExpenses": 77499000,
    "costAndExpenses": 151081000,
    "interestIncome": 0,
    "interestExpense": 0,
    "depreciationAndAmortization": 7155000,
    "ebitda": 24199000,
    "ebitdaratio": 0.1451832564,
    "operatingIncome": 15598000,
    "operatingIncomeRatio": 0.093581075,
    "totalOtherIncomeExpensesNet": -3525000,
    "incomeBeforeTax": 12073000,
    "incomeBeforeTaxRatio": 0.07243264,
    "incomeTaxExpense": 3983000,
    "netIncome": 8090000,
    "netIncomeRatio": 0.0485364083,
    "eps": 0.12,
    "epsdiluted": 0.12,
    "weightedAverageShsOut": 67294000,
    "weightedAverageShsOutDil": 67596000,
    "link": "https://www.sec.gov/Archives/edgar/data/72331/000095015203006158/0000950152-03-006158-index.htm",
    "finalLink": "https://www.sec.gov/Archives/edgar/data/72331/000095015203006158/l01425ae10vq.htm"
  },
  {
    "date": "2003-02-02",
    "symbol": "NDSN",
    "reportedCurrency": "USD",
    "cik": "0000072331",
    "fillingDate": "2003-03-17",
    "acceptedDate": "2003-03-17 08:11:36",
    "calendarYear": "2003",
    "period": "Q1",
    "revenue": 145323000,
    "costOfRevenue": 66066000,
    "grossProfit": 79257000,
    "grossProfitRatio": 0.5453851077,
    "researchAndDevelopmentExpenses": 0,
    "generalAndAdministrativeExpenses": 0,
    "sellingAndMarketingExpenses": 0,
    "sellingGeneralAndAdministrativeExpenses": 68141000,
    "otherExpenses": 0,
    "operatingExpenses": 68141000,
    "costAndExpenses": 134207000,
    "interestIncome": 0,
    "interestExpense": 0,
    "depreciationAndAmortization": 7048000,
    "ebitda": 17434000,
    "ebitdaratio": 0.1199672454,
    "operatingIncome": 11116000,
    "operatingIncomeRatio": 0.0764916772,
    "totalOtherIncomeExpensesNet": -3669000,
    "incomeBeforeTax": 7447000,
    "incomeBeforeTaxRatio": 0.0512444692,
    "incomeTaxExpense": 2458000,
    "netIncome": 4989000,
    "netIncomeRatio": 0.0343304226,
    "eps": 0.075,
    "epsdiluted": 0.075,
    "weightedAverageShsOut": 67324000,
    "weightedAverageShsOutDil": 67640000,
    "link": "https://www.sec.gov/Archives/edgar/data/72331/000095015203002955/0000950152-03-002955-index.htm",
    "finalLink": "https://www.sec.gov/Archives/edgar/data/72331/000095015203002955/l99589ae10vq.htm"
  },
  {
    "date": "2002-11-03",
    "symbol": "NDSN",
    "reportedCurrency": "USD",
    "cik": "0000072331",
    "fillingDate": "2003-01-27",
    "acceptedDate": "2003-01-27 10:06:44",
    "calendarYear": "2002",
    "period": "Q4",
    "revenue": 179036000,
    "costOfRevenue": 95232000,
    "grossProfit": 83804000,
    "grossProfitRatio": 0.468084631,
    "researchAndDevelopmentExpenses": 0,
    "generalAndAdministrativeExpenses": 0,
    "sellingAndMarketingExpenses": 0,
    "sellingGeneralAndAdministrativeExpenses": 76101000,
    "otherExpenses": 949000,
    "operatingExpenses": 77050000,
    "costAndExpenses": 172282000,
    "interestIncome": 0,
    "interestExpense": 0,
    "depreciationAndAmortization": 8627000,
    "ebitda": 16330000,
    "ebitdaratio": 0.0912107062,
    "operatingIncome": 6754000,
    "operatingIncomeRatio": 0.0377242566,
    "totalOtherIncomeExpensesNet": -4655000,
    "incomeBeforeTax": 2099000,
    "incomeBeforeTaxRatio": 0.0117238991,
    "incomeTaxExpense": 693000,
    "netIncome": 1406000,
    "netIncomeRatio": 0.0078531692,
    "eps": 0.0208,
    "epsdiluted": 0.0208,
    "weightedAverageShsOut": 67138000,
    "weightedAverageShsOutDil": 67300000,
    "link": "https://www.sec.gov/Archives/edgar/data/72331/000095015203000680/0000950152-03-000680-index.htm",
    "finalLink": "https://www.sec.gov/Archives/edgar/data/72331/000095015203000680/l97324ae10vk.htm"
  },
  {
    "date": "2002-07-28",
    "symbol": "NDSN",
    "reportedCurrency": "USD",
    "cik": "0000072331",
    "fillingDate": "2002-09-10",
    "acceptedDate": "2002-09-10 11:53:50",
    "calendarYear": "2002",
    "period": "Q3",
    "revenue": 160237000,
    "costOfRevenue": 74463000,
    "grossProfit": 85774000,
    "grossProfitRatio": 0.5352945949,
    "researchAndDevelopmentExpenses": 0,
    "generalAndAdministrativeExpenses": 0,
    "sellingAndMarketingExpenses": 0,
    "sellingGeneralAndAdministrativeExpenses": 69051000,
    "otherExpenses": 736000,
    "operatingExpenses": 69787000,
    "costAndExpenses": 144250000,
    "interestIncome": 0,
    "interestExpense": 0,
    "depreciationAndAmortization": 7275000,
    "ebitda": 23998000,
    "ebitdaratio": 0.1497656596,
    "operatingIncome": 15987000,
    "operatingIncomeRatio": 0.0997709643,
    "totalOtherIncomeExpensesNet": -5242000,
    "incomeBeforeTax": 10745000,
    "incomeBeforeTaxRatio": 0.0670569219,
    "incomeTaxExpense": 3546000,
    "netIncome": 7199000,
    "netIncomeRatio": 0.0449272016,
    "eps": 0.11,
    "epsdiluted": 0.11,
    "weightedAverageShsOut": 67016000,
    "weightedAverageShsOutDil": 67686000,
    "link": "https://www.sec.gov/Archives/edgar/data/72331/000095015202006892/0000950152-02-006892-index.htm",
    "finalLink": "https://www.sec.gov/Archives/edgar/data/72331/000095015202006892/l96195ae10vq.htm"
  },
  {
    "date": "2002-04-28",
    "symbol": "NDSN",
    "reportedCurrency": "USD",
    "cik": "0000072331",
    "fillingDate": "2002-06-11",
    "acceptedDate": "2002-06-11 11:50:34",
    "calendarYear": "2002",
    "period": "Q2",
    "revenue": 163526000,
    "costOfRevenue": 75644000,
    "grossProfit": 87882000,
    "grossProfitRatio": 0.537419126,
    "researchAndDevelopmentExpenses": 0,
    "generalAndAdministrativeExpenses": 0,
    "sellingAndMarketingExpenses": 0,
    "sellingGeneralAndAdministrativeExpenses": 70180000,
    "otherExpenses": 814000,
    "operatingExpenses": 70994000,
    "costAndExpenses": 146638000,
    "interestIncome": 0,
    "interestExpense": 0,
    "depreciationAndAmortization": 6875000,
    "ebitda": 24577000,
    "ebitdaratio": 0.1502941428,
    "operatingIncome": 16888000,
    "operatingIncomeRatio": 0.1032740971,
    "totalOtherIncomeExpensesNet": -5276000,
    "incomeBeforeTax": 11612000,
    "incomeBeforeTaxRatio": 0.0710101146,
    "incomeTaxExpense": 3832000,
    "netIncome": 7780000,
    "netIncomeRatio": 0.0475765322,
    "eps": 0.12,
    "epsdiluted": 0.12,
    "weightedAverageShsOut": 66602000,
    "weightedAverageShsOutDil": 67692000,
    "link": "https://www.sec.gov/Archives/edgar/data/72331/000095015202004793/0000950152-02-004793-index.htm",
    "finalLink": "https://www.sec.gov/Archives/edgar/data/72331/000095015202004793/l94793ae10vq.htm"
  },
  {
    "date": "2002-01-27",
    "symbol": "NDSN",
    "reportedCurrency": "USD",
    "cik": "0000072331",
    "fillingDate": "2002-03-12",
    "acceptedDate": "2002-03-12 00:00:00",
    "calendarYear": "2002",
    "period": "Q1",
    "revenue": 144957000,
    "costOfRevenue": 65203000,
    "grossProfit": 79754000,
    "grossProfitRatio": 0.5501907462,
    "researchAndDevelopmentExpenses": 0,
    "generalAndAdministrativeExpenses": 0,
    "sellingAndMarketingExpenses": 0,
    "sellingGeneralAndAdministrativeExpenses": 66364000,
    "otherExpenses": 0,
    "operatingExpenses": 66364000,
    "costAndExpenses": 131567000,
    "interestIncome": 0,
    "interestExpense": 0,
    "depreciationAndAmortization": 6710000,
    "ebitda": 19673000,
    "ebitdaratio": 0.1357161089,
    "operatingIncome": 13390000,
    "operatingIncomeRatio": 0.0923722207,
    "totalOtherIncomeExpensesNet": -4902000,
    "incomeBeforeTax": 8488000,
    "incomeBeforeTaxRatio": 0.0585552957,
    "incomeTaxExpense": 2801000,
    "netIncome": 5687000,
    "netIncomeRatio": 0.0392323241,
    "eps": 0.085,
    "epsdiluted": 0.085,
    "weightedAverageShsOut": 66304000,
    "weightedAverageShsOutDil": 66792000,
    "link": "https://www.sec.gov/Archives/edgar/data/72331/000095015202001692/0000950152-02-001692-index.htm",
    "finalLink": "https://www.sec.gov/Archives/edgar/data/72331/000095015202001692/l92564ae10-q.htm"
  },
  {
    "date": "2001-10-28",
    "symbol": "NDSN",
    "reportedCurrency": "USD",
    "cik": "0000072331",
    "fillingDate": "2002-01-25",
    "acceptedDate": "2002-01-25 00:00:00",
    "calendarYear": "2001",
    "period": "Q4",
    "revenue": 187925000,
    "costOfRevenue": 90449000,
    "grossProfit": 97476000,
    "grossProfitRatio": 0.5186962884,
    "researchAndDevelopmentExpenses": 0,
    "generalAndAdministrativeExpenses": 0,
    "sellingAndMarketingExpenses": 0,
    "sellingGeneralAndAdministrativeExpenses": 72065000,
    "otherExpenses": 15153000,
    "operatingExpenses": 87218000,
    "costAndExpenses": 177667000,
    "interestIncome": 0,
    "interestExpense": 0,
    "depreciationAndAmortization": 10577000,
    "ebitda": 31976000,
    "ebitdaratio": 0.1701529866,
    "operatingIncome": 10258000,
    "operatingIncomeRatio": 0.054585606,
    "totalOtherIncomeExpensesNet": -6504000,
    "incomeBeforeTax": 3754000,
    "incomeBeforeTaxRatio": 0.0199760543,
    "incomeTaxExpense": 1304000,
    "netIncome": 2450000,
    "netIncomeRatio": 0.0130371159,
    "eps": 0.0376,
    "epsdiluted": 0.0376,
    "weightedAverageShsOut": 66114000,
    "weightedAverageShsOutDil": 66500000,
    "link": "https://www.sec.gov/Archives/edgar/data/72331/000095015202000469/0000950152-02-000469-index.htm",
    "finalLink": "https://www.sec.gov/Archives/edgar/data/72331/000095015202000469/l92318ae10-k.txt"
  },
  {
    "date": "2001-07-29",
    "symbol": "NDSN",
    "reportedCurrency": "USD",
    "cik": "0000072331",
    "fillingDate": "2001-09-12",
    "acceptedDate": "2001-09-12 00:00:00",
    "calendarYear": "2001",
    "period": "Q3",
    "revenue": 175333000,
    "costOfRevenue": 83661000,
    "grossProfit": 91672000,
    "grossProfitRatio": 0.5228451005,
    "researchAndDevelopmentExpenses": 0,
    "generalAndAdministrativeExpenses": 0,
    "sellingAndMarketingExpenses": 0,
    "sellingGeneralAndAdministrativeExpenses": 77022000,
    "otherExpenses": 4779000,
    "operatingExpenses": 81801000,
    "costAndExpenses": 165462000,
    "interestIncome": 0,
    "interestExpense": 0,
    "depreciationAndAmortization": 10944000,
    "ebitda": 21580000,
    "ebitdaratio": 0.1230800819,
    "operatingIncome": 9871000,
    "operatingIncomeRatio": 0.0562985861,
    "totalOtherIncomeExpensesNet": -2012000,
    "incomeBeforeTax": 8624000,
    "incomeBeforeTaxRatio": 0.0491864053,
    "incomeTaxExpense": 2997000,
    "netIncome": 5627000,
    "netIncomeRatio": 0.0320932169,
    "eps": 0.085,
    "epsdiluted": 0.085,
    "weightedAverageShsOut": 65562000,
    "weightedAverageShsOutDil": 66166000,
    "link": "https://www.sec.gov/Archives/edgar/data/72331/000095015201504432/0000950152-01-504432-index.htm",
    "finalLink": "https://www.sec.gov/Archives/edgar/data/72331/000095015201504432/l90288ae10-q.htm"
  },
  {
    "date": "2001-04-29",
    "symbol": "NDSN",
    "reportedCurrency": "USD",
    "cik": "0000072331",
    "fillingDate": "2001-06-13",
    "acceptedDate": "2001-06-13 00:00:00",
    "calendarYear": "2001",
    "period": "Q2",
    "revenue": 192825000,
    "costOfRevenue": 85706000,
    "grossProfit": 107119000,
    "grossProfitRatio": 0.5555244393,
    "researchAndDevelopmentExpenses": 0,
    "generalAndAdministrativeExpenses": 0,
    "sellingAndMarketingExpenses": 0,
    "sellingGeneralAndAdministrativeExpenses": 80724000,
    "otherExpenses": 5349000,
    "operatingExpenses": 86073000,
    "costAndExpenses": 171779000,
    "interestIncome": 0,
    "interestExpense": 0,
    "depreciationAndAmortization": 9949000,
    "ebitda": 32318000,
    "ebitdaratio": 0.1676027486,
    "operatingIncome": 21046000,
    "operatingIncomeRatio": 0.1091455983,
    "totalOtherIncomeExpensesNet": -7467000,
    "incomeBeforeTax": 13579000,
    "incomeBeforeTaxRatio": 0.0704213665,
    "incomeTaxExpense": 4572000,
    "netIncome": 9007000,
    "netIncomeRatio": 0.0467107481,
    "eps": 0.14,
    "epsdiluted": 0.14,
    "weightedAverageShsOut": 65236000,
    "weightedAverageShsOutDil": 65922000,
    "link": "https://www.sec.gov/Archives/edgar/data/72331/000095015201502549/0000950152-01-502549-index.htm",
    "finalLink": "https://www.sec.gov/Archives/edgar/data/72331/000095015201502549/l88879ae10-q.htm"
  },
  {
    "date": "2001-01-28",
    "symbol": "NDSN",
    "reportedCurrency": "USD",
    "cik": "0000072331",
    "fillingDate": "2001-03-14",
    "acceptedDate": "2001-03-14 00:00:00",
    "calendarYear": "2001",
    "period": "Q1",
    "revenue": 175333000,
    "costOfRevenue": 77313000,
    "grossProfit": 98020000,
    "grossProfitRatio": 0.5590504925,
    "researchAndDevelopmentExpenses": 0,
    "generalAndAdministrativeExpenses": 0,
    "sellingAndMarketingExpenses": 0,
    "sellingGeneralAndAdministrativeExpenses": 75532000,
    "otherExpenses": 4126000,
    "operatingExpenses": 79658000,
    "costAndExpenses": 156971000,
    "interestIncome": 0,
    "interestExpense": 0,
    "depreciationAndAmortization": 10385000,
    "ebitda": 27831000,
    "ebitdaratio": 0.1587322409,
    "operatingIncome": 18362000,
    "operatingIncomeRatio": 0.1047264348,
    "totalOtherIncomeExpensesNet": -6603000,
    "incomeBeforeTax": 11759000,
    "incomeBeforeTaxRatio": 0.0670666674,
    "incomeTaxExpense": 4233000,
    "netIncome": 7526000,
    "netIncomeRatio": 0.042924036,
    "eps": 0.12,
    "epsdiluted": 0.12,
    "weightedAverageShsOut": 64906000,
    "weightedAverageShsOutDil": 65856000,
    "link": "https://www.sec.gov/Archives/edgar/data/72331/000095015201500355/0000950152-01-500355-index.htm",
    "finalLink": "https://www.sec.gov/Archives/edgar/data/72331/000095015201500355/l87009ae10-q.htm"
  },
  {
    "date": "2000-10-29",
    "symbol": "NDSN",
    "reportedCurrency": "USD",
    "cik": "0000072331",
    "fillingDate": "2001-01-26",
    "acceptedDate": "2001-01-26 00:00:00",
    "calendarYear": "2000",
    "period": "Q4",
    "revenue": 216929000,
    "costOfRevenue": 91724000,
    "grossProfit": 125205000,
    "grossProfitRatio": 0.5771704106,
    "researchAndDevelopmentExpenses": 0,
    "generalAndAdministrativeExpenses": 0,
    "sellingAndMarketingExpenses": 0,
    "sellingGeneralAndAdministrativeExpenses": 80885000,
    "otherExpenses": 7200000,
    "operatingExpenses": 88085000,
    "costAndExpenses": 179809000,
    "interestIncome": 0,
    "interestExpense": 0,
    "depreciationAndAmortization": 7200000,
    "ebitda": 43970000,
    "ebitdaratio": 0.202693047,
    "operatingIncome": 37120000,
    "operatingIncomeRatio": 0.1711158951,
    "totalOtherIncomeExpensesNet": -3532000,
    "incomeBeforeTax": 33588000,
    "incomeBeforeTaxRatio": 0.1548340701,
    "incomeTaxExpense": 11588000,
    "netIncome": 22000000,
    "netIncomeRatio": 0.1014156706,
    "eps": 0.33,
    "epsdiluted": 0.33,
    "weightedAverageShsOut": 64712000,
    "weightedAverageShsOutDil": 65900000,
    "link": "https://www.sec.gov/Archives/edgar/data/72331/000095015201000442/0000950152-01-000442-index.htm",
    "finalLink": "https://www.sec.gov/Archives/edgar/data/72331/000095015201000442/l86000ae10-k405.txt"
  },
  {
    "date": "2000-07-30",
    "symbol": "NDSN",
    "reportedCurrency": "USD",
    "cik": "0000072331",
    "fillingDate": "2000-09-12",
    "acceptedDate": "2000-09-12 00:00:00",
    "calendarYear": "2000",
    "period": "Q3",
    "revenue": 184104000,
    "costOfRevenue": 74068000,
    "grossProfit": 110036000,
    "grossProfitRatio": 0.5976839178,
    "researchAndDevelopmentExpenses": 0,
    "generalAndAdministrativeExpenses": 0,
    "sellingAndMarketingExpenses": 0,
    "sellingGeneralAndAdministrativeExpenses": 75615000,
    "otherExpenses": 8231000,
    "operatingExpenses": 83846000,
    "costAndExpenses": 157914000,
    "interestIncome": 0,
    "interestExpense": 0,
    "depreciationAndAmortization": 8231000,
    "ebitda": 34950000,
    "ebitdaratio": 0.1898383522,
    "operatingIncome": 26190000,
    "operatingIncomeRatio": 0.1422565506,
    "totalOtherIncomeExpensesNet": -3340000,
    "incomeBeforeTax": 22850000,
    "incomeBeforeTaxRatio": 0.1241146309,
    "incomeTaxExpense": 7883000,
    "netIncome": 14967000,
    "netIncomeRatio": 0.0812964411,
    "eps": 0.23,
    "epsdiluted": 0.23,
    "weightedAverageShsOut": 64476000,
    "weightedAverageShsOutDil": 65088000,
    "link": "https://www.sec.gov/Archives/edgar/data/72331/000095015200006610/0000950152-00-006610-index.htm",
    "finalLink": "https://www.sec.gov/Archives/edgar/data/72331/000095015200006610/l83815ae10-q.htm"
  },
  {
    "date": "2000-04-30",
    "symbol": "NDSN",
    "reportedCurrency": "USD",
    "cik": "0000072331",
    "fillingDate": "2000-06-13",
    "acceptedDate": "2000-06-13 00:00:00",
    "calendarYear": "2000",
    "period": "Q2",
    "revenue": 186647000,
    "costOfRevenue": 77284000,
    "grossProfit": 109363000,
    "grossProfitRatio": 0.5859349467,
    "researchAndDevelopmentExpenses": 0,
    "generalAndAdministrativeExpenses": 0,
    "sellingAndMarketingExpenses": 0,
    "sellingGeneralAndAdministrativeExpenses": 76490000,
    "otherExpenses": 7369000,
    "operatingExpenses": 83859000,
    "costAndExpenses": 161143000,
    "interestIncome": 0,
    "interestExpense": 0,
    "depreciationAndAmortization": 7394000,
    "ebitda": 36152000,
    "ebitdaratio": 0.1936918354,
    "operatingIncome": 25504000,
    "operatingIncomeRatio": 0.1366429677,
    "totalOtherIncomeExpensesNet": -5813000,
    "incomeBeforeTax": 19691000,
    "incomeBeforeTaxRatio": 0.105498615,
    "incomeTaxExpense": 6794000,
    "netIncome": 12897000,
    "netIncomeRatio": 0.0690983514,
    "eps": 0.2,
    "epsdiluted": 0.2,
    "weightedAverageShsOut": 64884000,
    "weightedAverageShsOutDil": 65028000,
    "link": "https://www.sec.gov/Archives/edgar/data/72331/000095015200004660/0000950152-00-004660-index.htm",
    "finalLink": "https://www.sec.gov/Archives/edgar/data/72331/000095015200004660/0000950152-00-004660-0001.htm"
  },
  {
    "date": "2000-01-30",
    "symbol": "NDSN",
    "reportedCurrency": "USD",
    "cik": "0000072331",
    "fillingDate": "2000-03-14",
    "acceptedDate": "2000-03-14 00:00:00",
    "calendarYear": "2000",
    "period": "Q1",
    "revenue": 152900000,
    "costOfRevenue": 59200000,
    "grossProfit": 93700000,
    "grossProfitRatio": 0.6128188358,
    "researchAndDevelopmentExpenses": 0,
    "generalAndAdministrativeExpenses": 0,
    "sellingAndMarketingExpenses": 0,
    "sellingGeneralAndAdministrativeExpenses": 74600000,
    "otherExpenses": 7500000,
    "operatingExpenses": 82100000,
    "costAndExpenses": 141300000,
    "interestIncome": 0,
    "interestExpense": 0,
    "depreciationAndAmortization": 7500000,
    "ebitda": 21000000,
    "ebitdaratio": 0.1373446697,
    "operatingIncome": 11600000,
    "operatingIncomeRatio": 0.0758665795,
    "totalOtherIncomeExpensesNet": -4300000,
    "incomeBeforeTax": 7300000,
    "incomeBeforeTaxRatio": 0.0477436233,
    "incomeTaxExpense": 2500000,
    "netIncome": 4800000,
    "netIncomeRatio": 0.0313930674,
    "eps": 0.075,
    "epsdiluted": 0.075,
    "weightedAverageShsOut": 64000000,
    "weightedAverageShsOutDil": 64000000,
    "link": "https://www.sec.gov/Archives/edgar/data/72331/000095015200001675/0000950152-00-001675-index.html",
    "finalLink": "https://www.sec.gov/Archives/edgar/data/72331/000095015200001675/0000950152-00-001675-d1.html"
  },
  {
    "date": "1999-10-31",
    "symbol": "NDSN",
    "reportedCurrency": "USD",
    "cik": "0000072331",
    "fillingDate": "2000-01-28",
    "acceptedDate": "2000-01-28 00:00:00",
    "calendarYear": "1999",
    "period": "Q4",
    "revenue": 194300000,
    "costOfRevenue": 59600000,
    "grossProfit": 134700000,
    "grossProfitRatio": 0.6932578487,
    "researchAndDevelopmentExpenses": 0,
    "generalAndAdministrativeExpenses": 0,
    "sellingAndMarketingExpenses": 0,
    "sellingGeneralAndAdministrativeExpenses": 79700000,
    "otherExpenses": 29400000,
    "operatingExpenses": 109100000,
    "costAndExpenses": 168700000,
    "interestIncome": 0,
    "interestExpense": 0,
    "depreciationAndAmortization": 0,
    "ebitda": 25600000,
    "ebitdaratio": 0.131755018,
    "operatingIncome": 25600000,
    "operatingIncomeRatio": 0.131755018,
    "totalOtherIncomeExpensesNet": -4400000,
    "incomeBeforeTax": 21200000,
    "incomeBeforeTaxRatio": 0.1091096243,
    "incomeTaxExpense": 7100000,
    "netIncome": 14100000,
    "netIncomeRatio": 0.0725681935,
    "eps": 0.21,
    "epsdiluted": 0.21,
    "weightedAverageShsOut": 65473047,
    "weightedAverageShsOutDil": 67200000,
    "link": "https://www.sec.gov/Archives/edgar/data/72331/000095015200000425/0000950152-00-000425-index.html",
    "finalLink": "https://www.sec.gov/Archives/edgar/data/72331/000095015200000425/"
  },
  {
    "date": "1999-08-01",
    "symbol": "NDSN",
    "reportedCurrency": "USD",
    "cik": "0000072331",
    "fillingDate": "1999-09-14",
    "acceptedDate": "1999-09-14 00:00:00",
    "calendarYear": "1999",
    "period": "Q3",
    "revenue": 174400000,
    "costOfRevenue": 78700000,
    "grossProfit": 95700000,
    "grossProfitRatio": 0.5487385321,
    "researchAndDevelopmentExpenses": 0,
    "generalAndAdministrativeExpenses": 0,
    "sellingAndMarketingExpenses": 0,
    "sellingGeneralAndAdministrativeExpenses": 74500000,
    "otherExpenses": 0,
    "operatingExpenses": 74500000,
    "costAndExpenses": 153200000,
    "interestIncome": 0,
    "interestExpense": 0,
    "depreciationAndAmortization": 0,
    "ebitda": 20100000,
    "ebitdaratio": 0.1152522936,
    "operatingIncome": 21200000,
    "operatingIncomeRatio": 0.121559633,
    "totalOtherIncomeExpensesNet": -1300000,
    "incomeBeforeTax": 19900000,
    "incomeBeforeTaxRatio": 0.1141055046,
    "incomeTaxExpense": 6500000,
    "netIncome": 13400000,
    "netIncomeRatio": 0.0768348624,
    "eps": 0.21,
    "epsdiluted": 0.2,
    "weightedAverageShsOut": 65365854,
    "weightedAverageShsOutDil": 67000000,
    "link": "https://www.sec.gov/Archives/edgar/data/72331/000095015299007558/0000950152-99-007558-index.html",
    "finalLink": "https://www.sec.gov/Archives/edgar/data/72331/000095015299007558/"
  },
  {
    "date": "1999-05-02",
    "symbol": "NDSN",
    "reportedCurrency": "USD",
    "cik": "0000072331",
    "fillingDate": "1999-06-11",
    "acceptedDate": "1999-06-11 00:00:00",
    "calendarYear": "1999",
    "period": "Q2",
    "revenue": 174800000,
    "costOfRevenue": 77900000,
    "grossProfit": 96900000,
    "grossProfitRatio": 0.5543478261,
    "researchAndDevelopmentExpenses": 0,
    "generalAndAdministrativeExpenses": 0,
    "sellingAndMarketingExpenses": 0,
    "sellingGeneralAndAdministrativeExpenses": 75954000,
    "otherExpenses": 6291000,
    "operatingExpenses": 82245000,
    "costAndExpenses": 153838000,
    "interestIncome": 0,
    "interestExpense": 0,
    "depreciationAndAmortization": 6273000,
    "ebitda": 27219000,
    "ebitdaratio": 0.155715103,
    "operatingIncome": 20928000,
    "operatingIncomeRatio": 0.1197254005,
    "totalOtherIncomeExpensesNet": -1194000,
    "incomeBeforeTax": 19700000,
    "incomeBeforeTaxRatio": 0.1127002288,
    "incomeTaxExpense": 6700000,
    "netIncome": 13024000,
    "netIncomeRatio": 0.0745080092,
    "eps": 0.2,
    "epsdiluted": 0.2,
    "weightedAverageShsOut": 66364000,
    "weightedAverageShsOutDil": 67556000,
    "link": "https://www.sec.gov/Archives/edgar/data/72331/000095015299005228/0000950152-99-005228-index.html",
    "finalLink": "https://www.sec.gov/Archives/edgar/data/72331/000095015299005228/"
  },
  {
    "date": "1999-01-31",
    "symbol": "NDSN",
    "reportedCurrency": "USD",
    "cik": "0000072331",
    "fillingDate": "1999-03-16",
    "acceptedDate": "1999-03-16 00:00:00",
    "calendarYear": "1999",
    "period": "Q1",
    "revenue": 157100000,
    "costOfRevenue": 72600000,
    "grossProfit": 84500000,
    "grossProfitRatio": 0.5378739656,
    "researchAndDevelopmentExpenses": 0,
    "generalAndAdministrativeExpenses": 0,
    "sellingAndMarketingExpenses": 0,
    "sellingGeneralAndAdministrativeExpenses": 72200000,
    "otherExpenses": 7300000,
    "operatingExpenses": 79500000,
    "costAndExpenses": 144800000,
    "interestIncome": 0,
    "interestExpense": 0,
    "depreciationAndAmortization": 7300000,
    "ebitda": 11600000,
    "ebitdaratio": 0.0738383195,
    "operatingIncome": 12300000,
    "operatingIncomeRatio": 0.0782940802,
    "totalOtherIncomeExpensesNet": -1700000,
    "incomeBeforeTax": 10600000,
    "incomeBeforeTaxRatio": 0.0674729472,
    "incomeTaxExpense": 3600000,
    "netIncome": 7000000,
    "netIncomeRatio": 0.0445576066,
    "eps": 0.11,
    "epsdiluted": 0.11,
    "weightedAverageShsOut": 66666667,
    "weightedAverageShsOutDil": 66666667,
    "link": "https://www.sec.gov/Archives/edgar/data/72331/000007233199000001/0000072331-99-000001-index.html",
    "finalLink": "https://www.sec.gov/Archives/edgar/data/72331/"
  },
  {
    "date": "1998-11-01",
    "symbol": "NDSN",
    "reportedCurrency": "USD",
    "cik": "0000072331",
    "fillingDate": "1999-01-29",
    "acceptedDate": "1999-01-29 00:00:00",
    "calendarYear": "1998",
    "period": "Q4",
    "revenue": 186700000,
    "costOfRevenue": 62900000,
    "grossProfit": 123800000,
    "grossProfitRatio": 0.6630958757,
    "researchAndDevelopmentExpenses": 0,
    "generalAndAdministrativeExpenses": 0,
    "sellingAndMarketingExpenses": 0,
    "sellingGeneralAndAdministrativeExpenses": 71100000,
    "otherExpenses": 25000000,
    "operatingExpenses": 96100000,
    "costAndExpenses": 159000000,
    "interestIncome": 0,
    "interestExpense": 0,
    "depreciationAndAmortization": 0,
    "ebitda": 27700000,
    "ebitdaratio": 0.1483663631,
    "operatingIncome": 27700000,
    "operatingIncomeRatio": 0.1483663631,
    "totalOtherIncomeExpensesNet": -18100000,
    "incomeBeforeTax": 9600000,
    "incomeBeforeTaxRatio": 0.0514193894,
    "incomeTaxExpense": 8100000,
    "netIncome": 1500000,
    "netIncomeRatio": 0.0080342796,
    "eps": 0.0225,
    "epsdiluted": 0.0225,
    "weightedAverageShsOut": 66600000,
    "weightedAverageShsOutDil": 66600000,
    "link": "https://www.sec.gov/Archives/edgar/data/72331/000095015299000509/0000950152-99-000509-index.html",
    "finalLink": "https://www.sec.gov/Archives/edgar/data/72331/"
  },
  {
    "date": "1998-08-02",
    "symbol": "NDSN",
    "reportedCurrency": "USD",
    "cik": "0000072331",
    "fillingDate": "1998-09-15",
    "acceptedDate": "1998-09-15 00:00:00",
    "calendarYear": "1998",
    "period": "Q3",
    "revenue": 167200000,
    "costOfRevenue": 73200000,
    "grossProfit": 94000000,
    "grossProfitRatio": 0.5622009569,
    "researchAndDevelopmentExpenses": 0,
    "generalAndAdministrativeExpenses": 0,
    "sellingAndMarketingExpenses": 0,
    "sellingGeneralAndAdministrativeExpenses": 71400000,
    "otherExpenses": 0,
    "operatingExpenses": 71400000,
    "costAndExpenses": 144600000,
    "interestIncome": 0,
    "interestExpense": 0,
    "depreciationAndAmortization": 0,
    "ebitda": 21800000,
    "ebitdaratio": 0.1303827751,
    "operatingIncome": 22600000,
    "operatingIncomeRatio": 0.1351674641,
    "totalOtherIncomeExpensesNet": -1700000,
    "incomeBeforeTax": 20900000,
    "incomeBeforeTaxRatio": 0.125,
    "incomeTaxExpense": 7100000,
    "netIncome": 13800000,
    "netIncomeRatio": 0.0825358852,
    "eps": 0.21,
    "epsdiluted": 0.21,
    "weightedAverageShsOut": 65714286,
    "weightedAverageShsOutDil": 65714286,
    "link": "https://www.sec.gov/Archives/edgar/data/72331/000007233198000005/0000072331-98-000005-index.html",
    "finalLink": "https://www.sec.gov/Archives/edgar/data/72331/"
  },
  {
    "date": "1998-05-03",
    "symbol": "NDSN",
    "reportedCurrency": "USD",
    "cik": "0000072331",
    "fillingDate": "1998-06-17",
    "acceptedDate": "1998-06-17 00:00:00",
    "calendarYear": "1998",
    "period": "Q2",
    "revenue": 167800000,
    "costOfRevenue": 81900000,
    "grossProfit": 85900000,
    "grossProfitRatio": 0.5119189511,
    "researchAndDevelopmentExpenses": 0,
    "generalAndAdministrativeExpenses": 0,
    "sellingAndMarketingExpenses": 0,
    "sellingGeneralAndAdministrativeExpenses": 73900000,
    "otherExpenses": 0,
    "operatingExpenses": 73900000,
    "costAndExpenses": 155800000,
    "interestIncome": 0,
    "interestExpense": 0,
    "depreciationAndAmortization": 0,
    "ebitda": 12000000,
    "ebitdaratio": 0.0715137068,
    "operatingIncome": 12000000,
    "operatingIncomeRatio": 0.0715137068,
    "totalOtherIncomeExpensesNet": -11200000,
    "incomeBeforeTax": 800000,
    "incomeBeforeTaxRatio": 0.0047675805,
    "incomeTaxExpense": 300000,
    "netIncome": 500000,
    "netIncomeRatio": 0.0029797378,
    "eps": 0.01,
    "epsdiluted": 0.01,
    "weightedAverageShsOut": 50000000,
    "weightedAverageShsOutDil": 50000000,
    "link": "https://www.sec.gov/Archives/edgar/data/72331/000007233198000003/0000072331-98-000003-index.html",
    "finalLink": "https://www.sec.gov/Archives/edgar/data/72331/"
  },
  {
    "date": "1998-02-01",
    "symbol": "NDSN",
    "reportedCurrency": "USD",
    "cik": "0000072331",
    "fillingDate": "1998-03-17",
    "acceptedDate": "1998-03-17 00:00:00",
    "calendarYear": "1998",
    "period": "Q1",
    "revenue": 139200000,
    "costOfRevenue": 60600000,
    "grossProfit": 78600000,
    "grossProfitRatio": 0.5646551724,
    "researchAndDevelopmentExpenses": 0,
    "generalAndAdministrativeExpenses": 0,
    "sellingAndMarketingExpenses": 0,
    "sellingGeneralAndAdministrativeExpenses": 69700000,
    "otherExpenses": 0,
    "operatingExpenses": 69700000,
    "costAndExpenses": 130300000,
    "interestIncome": 0,
    "interestExpense": 0,
    "depreciationAndAmortization": 0,
    "ebitda": 7900000,
    "ebitdaratio": 0.0567528736,
    "operatingIncome": 8900000,
    "operatingIncomeRatio": 0.0639367816,
    "totalOtherIncomeExpensesNet": -1300000,
    "incomeBeforeTax": 7600000,
    "incomeBeforeTaxRatio": 0.0545977011,
    "incomeTaxExpense": 2600000,
    "netIncome": 5000000,
    "netIncomeRatio": 0.0359195402,
    "eps": 0.075,
    "epsdiluted": 0.075,
    "weightedAverageShsOut": 66666667,
    "weightedAverageShsOutDil": 66666667,
    "link": "https://www.sec.gov/Archives/edgar/data/72331/000007233198000001/0000072331-98-000001-index.html",
    "finalLink": "https://www.sec.gov/Archives/edgar/data/72331/"
  },
  {
    "date": "1997-11-02",
    "symbol": "NDSN",
    "reportedCurrency": "USD",
    "cik": "0000072331",
    "fillingDate": "1998-01-30",
    "acceptedDate": "1998-01-30 00:00:00",
    "calendarYear": "1997",
    "period": "Q4",
    "revenue": 184400000,
    "costOfRevenue": 57200000,
    "grossProfit": 127200000,
    "grossProfitRatio": 0.6898047722,
    "researchAndDevelopmentExpenses": 0,
    "generalAndAdministrativeExpenses": 0,
    "sellingAndMarketingExpenses": 0,
    "sellingGeneralAndAdministrativeExpenses": 76400000,
    "otherExpenses": 25300000,
    "operatingExpenses": 101700000,
    "costAndExpenses": 158900000,
    "interestIncome": 0,
    "interestExpense": 0,
    "depreciationAndAmortization": 0,
    "ebitda": 23200000,
    "ebitdaratio": 0.125813449,
    "operatingIncome": 25500000,
    "operatingIncomeRatio": 0.1382863341,
    "totalOtherIncomeExpensesNet": 500000,
    "incomeBeforeTax": 26000000,
    "incomeBeforeTaxRatio": 0.1409978308,
    "incomeTaxExpense": 6300000,
    "netIncome": 19700000,
    "netIncomeRatio": 0.1068329718,
    "eps": 0.28,
    "epsdiluted": 0.28,
    "weightedAverageShsOut": 68900000,
    "weightedAverageShsOutDil": 68900000,
    "link": "https://www.sec.gov/Archives/edgar/data/72331/000095015298000581/0000950152-98-000581-index.html",
    "finalLink": "https://www.sec.gov/Archives/edgar/data/72331/"
  },
  {
    "date": "1997-08-03",
    "symbol": "NDSN",
    "reportedCurrency": "USD",
    "cik": "0000072331",
    "fillingDate": "1997-09-16",
    "acceptedDate": "1997-09-16 16:26:53",
    "calendarYear": "1997",
    "period": "Q3",
    "revenue": 158900000,
    "costOfRevenue": 70100000,
    "grossProfit": 88800000,
    "grossProfitRatio": 0.558842039,
    "researchAndDevelopmentExpenses": 0,
    "generalAndAdministrativeExpenses": 0,
    "sellingAndMarketingExpenses": 0,
    "sellingGeneralAndAdministrativeExpenses": 70200000,
    "otherExpenses": 0,
    "operatingExpenses": 70200000,
    "costAndExpenses": 140300000,
    "interestIncome": 0,
    "interestExpense": 0,
    "depreciationAndAmortization": 0,
    "ebitda": 17200000,
    "ebitdaratio": 0.1082441787,
    "operatingIncome": 18600000,
    "operatingIncomeRatio": 0.1170547514,
    "totalOtherIncomeExpensesNet": -500000,
    "incomeBeforeTax": 18100000,
    "incomeBeforeTaxRatio": 0.1139081183,
    "incomeTaxExpense": 5900000,
    "netIncome": 12200000,
    "netIncomeRatio": 0.0767778477,
    "eps": 0.18,
    "epsdiluted": 0.18,
    "weightedAverageShsOut": 67777778,
    "weightedAverageShsOutDil": 69714286,
    "link": "https://www.sec.gov/Archives/edgar/data/72331/000007233197000003/0000072331-97-000003-index.htm",
    "finalLink": "https://www.sec.gov/Archives/edgar/data/72331/000007233197000003/"
  },
  {
    "date": "1997-05-04",
    "symbol": "NDSN",
    "reportedCurrency": "USD",
    "cik": "0000072331",
    "fillingDate": "1997-06-12",
    "acceptedDate": "1997-06-12 00:00:00",
    "calendarYear": "1997",
    "period": "Q2",
    "revenue": 156100000,
    "costOfRevenue": 68300000,
    "grossProfit": 87800000,
    "grossProfitRatio": 0.5624599616,
    "researchAndDevelopmentExpenses": 0,
    "generalAndAdministrativeExpenses": 0,
    "sellingAndMarketingExpenses": 0,
    "sellingGeneralAndAdministrativeExpenses": 73400000,
    "otherExpenses": 0,
    "operatingExpenses": 73400000,
    "costAndExpenses": 141700000,
    "interestIncome": 0,
    "interestExpense": 0,
    "depreciationAndAmortization": 0,
    "ebitda": 13300000,
    "ebitdaratio": 0.0852017937,
    "operatingIncome": 14400000,
    "operatingIncomeRatio": 0.0922485586,
    "totalOtherIncomeExpensesNet": -800000,
    "incomeBeforeTax": 13600000,
    "incomeBeforeTaxRatio": 0.0871236387,
    "incomeTaxExpense": 4700000,
    "netIncome": 8900000,
    "netIncomeRatio": 0.0570147341,
    "eps": 0.13,
    "epsdiluted": 0.13,
    "weightedAverageShsOut": 68461538,
    "weightedAverageShsOutDil": 71200000,
    "link": "https://www.sec.gov/Archives/edgar/data/72331/000007233197000002/0000072331-97-000002-index.html",
    "finalLink": "https://www.sec.gov/Archives/edgar/data/72331/"
  },
  {
    "date": "1997-02-02",
    "symbol": "NDSN",
    "reportedCurrency": "USD",
    "cik": "0000072331",
    "fillingDate": "1997-03-18",
    "acceptedDate": "1997-03-18 00:00:00",
    "calendarYear": "1997",
    "period": "Q1",
    "revenue": 137300000,
    "costOfRevenue": 55500000,
    "grossProfit": 81800000,
    "grossProfitRatio": 0.5957756737,
    "researchAndDevelopmentExpenses": 0,
    "generalAndAdministrativeExpenses": 0,
    "sellingAndMarketingExpenses": 0,
    "sellingGeneralAndAdministrativeExpenses": 66200000,
    "otherExpenses": 0,
    "operatingExpenses": 66200000,
    "costAndExpenses": 121700000,
    "interestIncome": 0,
    "interestExpense": 0,
    "depreciationAndAmortization": 0,
    "ebitda": 15100000,
    "ebitdaratio": 0.10997815,
    "operatingIncome": 15600000,
    "operatingIncomeRatio": 0.1136198106,
    "totalOtherIncomeExpensesNet": -1500000,
    "incomeBeforeTax": 14100000,
    "incomeBeforeTaxRatio": 0.1026948288,
    "incomeTaxExpense": 4900000,
    "netIncome": 9200000,
    "netIncomeRatio": 0.067006555,
    "eps": 0.14,
    "epsdiluted": 0.13,
    "weightedAverageShsOut": 68148148,
    "weightedAverageShsOutDil": 70769231,
    "link": "https://www.sec.gov/Archives/edgar/data/72331/000007233197000001/0000072331-97-000001-index.html",
    "finalLink": "https://www.sec.gov/Archives/edgar/data/72331/"
  },
  {
    "date": "1996-11-03",
    "symbol": "NDSN",
    "reportedCurrency": "USD",
    "cik": "0000072331",
    "fillingDate": "1997-01-31",
    "acceptedDate": "1997-01-31 00:00:00",
    "calendarYear": "1996",
    "period": "Q4",
    "revenue": 179500000,
    "costOfRevenue": 54900000,
    "grossProfit": 124600000,
    "grossProfitRatio": 0.6941504178,
    "researchAndDevelopmentExpenses": 0,
    "generalAndAdministrativeExpenses": 0,
    "sellingAndMarketingExpenses": 0,
    "sellingGeneralAndAdministrativeExpenses": 72000000,
    "otherExpenses": 23500000,
    "operatingExpenses": 95500000,
    "costAndExpenses": 150400000,
    "interestIncome": 0,
    "interestExpense": 0,
    "depreciationAndAmortization": 0,
    "ebitda": 28500000,
    "ebitdaratio": 0.1587743733,
    "operatingIncome": 29100000,
    "operatingIncomeRatio": 0.1621169916,
    "totalOtherIncomeExpensesNet": -1400000,
    "incomeBeforeTax": 27700000,
    "incomeBeforeTaxRatio": 0.1543175487,
    "incomeTaxExpense": 9500000,
    "netIncome": 18200000,
    "netIncomeRatio": 0.1013927577,
    "eps": 0.25,
    "epsdiluted": 0.25,
    "weightedAverageShsOut": 72000000,
    "weightedAverageShsOutDil": 72000000,
    "link": "https://www.sec.gov/Archives/edgar/data/72331/000095015297000543/0000950152-97-000543-index.html",
    "finalLink": "https://www.sec.gov/Archives/edgar/data/72331/"
  },
  {
    "date": "1996-08-04",
    "symbol": "NDSN",
    "reportedCurrency": "USD",
    "cik": "0000072331",
    "fillingDate": "1996-09-13",
    "acceptedDate": "1996-09-13 00:00:00",
    "calendarYear": "1996",
    "period": "Q3",
    "revenue": 146700000,
    "costOfRevenue": 61300000,
    "grossProfit": 85400000,
    "grossProfitRatio": 0.5821404226,
    "researchAndDevelopmentExpenses": 0,
    "generalAndAdministrativeExpenses": 0,
    "sellingAndMarketingExpenses": 0,
    "sellingGeneralAndAdministrativeExpenses": 66700000,
    "otherExpenses": 0,
    "operatingExpenses": 66700000,
    "costAndExpenses": 128000000,
    "interestIncome": 0,
    "interestExpense": 0,
    "depreciationAndAmortization": 0,
    "ebitda": 18100000,
    "ebitdaratio": 0.1233810498,
    "operatingIncome": 18700000,
    "operatingIncomeRatio": 0.1274710293,
    "totalOtherIncomeExpensesNet": -700000,
    "incomeBeforeTax": 18000000,
    "incomeBeforeTaxRatio": 0.1226993865,
    "incomeTaxExpense": 6100000,
    "netIncome": 11900000,
    "netIncomeRatio": 0.0811179277,
    "eps": 0.17,
    "epsdiluted": 0.17,
    "weightedAverageShsOut": 72121212,
    "weightedAverageShsOutDil": 72121212,
    "link": "https://www.sec.gov/Archives/edgar/data/72331/000007233196000004/0000072331-96-000004-index.html",
    "finalLink": "https://www.sec.gov/Archives/edgar/data/72331/"
  },
  {
    "date": "1996-04-28",
    "symbol": "NDSN",
    "reportedCurrency": "USD",
    "cik": "0000072331",
    "fillingDate": "1996-06-11",
    "acceptedDate": "1996-06-11 00:00:00",
    "calendarYear": "1996",
    "period": "Q2",
    "revenue": 151300000,
    "costOfRevenue": 61200000,
    "grossProfit": 90100000,
    "grossProfitRatio": 0.595505618,
    "researchAndDevelopmentExpenses": 0,
    "generalAndAdministrativeExpenses": 0,
    "sellingAndMarketingExpenses": 0,
    "sellingGeneralAndAdministrativeExpenses": 68500000,
    "otherExpenses": 0,
    "operatingExpenses": 68500000,
    "costAndExpenses": 129700000,
    "interestIncome": 0,
    "interestExpense": 0,
    "depreciationAndAmortization": 0,
    "ebitda": 20600000,
    "ebitdaratio": 0.1361533377,
    "operatingIncome": 21600000,
    "operatingIncomeRatio": 0.1427627231,
    "totalOtherIncomeExpensesNet": -500000,
    "incomeBeforeTax": 21100000,
    "incomeBeforeTaxRatio": 0.1394580304,
    "incomeTaxExpense": 7400000,
    "netIncome": 13700000,
    "netIncomeRatio": 0.090548579,
    "eps": 0.19,
    "epsdiluted": 0.19,
    "weightedAverageShsOut": 72105263,
    "weightedAverageShsOutDil": 72105263,
    "link": "https://www.sec.gov/Archives/edgar/data/72331/000007233196000003/0000072331-96-000003-index.html",
    "finalLink": "https://www.sec.gov/Archives/edgar/data/72331/"
  },
  {
    "date": "1996-01-28",
    "symbol": "NDSN",
    "reportedCurrency": "USD",
    "cik": "0000072331",
    "fillingDate": "1996-03-12",
    "acceptedDate": "1996-03-12 00:00:00",
    "calendarYear": "1996",
    "period": "Q1",
    "revenue": 131900000,
    "costOfRevenue": 54200000,
    "grossProfit": 77700000,
    "grossProfitRatio": 0.5890826384,
    "researchAndDevelopmentExpenses": 0,
    "generalAndAdministrativeExpenses": 0,
    "sellingAndMarketingExpenses": 0,
    "sellingGeneralAndAdministrativeExpenses": 62900000,
    "otherExpenses": 0,
    "operatingExpenses": 62900000,
    "costAndExpenses": 117100000,
    "interestIncome": 0,
    "interestExpense": 0,
    "depreciationAndAmortization": 0,
    "ebitda": 14100000,
    "ebitdaratio": 0.106899166,
    "operatingIncome": 14800000,
    "operatingIncomeRatio": 0.1122062168,
    "totalOtherIncomeExpensesNet": -500000,
    "incomeBeforeTax": 14300000,
    "incomeBeforeTaxRatio": 0.1084154663,
    "incomeTaxExpense": 5000000,
    "netIncome": 9300000,
    "netIncomeRatio": 0.0705079606,
    "eps": 0.13,
    "epsdiluted": 0.13,
    "weightedAverageShsOut": 71538462,
    "weightedAverageShsOutDil": 71538462,
    "link": "https://www.sec.gov/Archives/edgar/data/72331/000007233196000001/0000072331-96-000001-index.html",
    "finalLink": "https://www.sec.gov/Archives/edgar/data/72331/"
  },
  {
    "date": "1995-10-29",
    "symbol": "NDSN",
    "reportedCurrency": "USD",
    "cik": "0000072331",
    "fillingDate": "1996-01-26",
    "acceptedDate": "1996-01-26 00:00:00",
    "calendarYear": "1995",
    "period": "Q4",
    "revenue": 159700000,
    "costOfRevenue": 47200000,
    "grossProfit": 112500000,
    "grossProfitRatio": 0.7044458359,
    "researchAndDevelopmentExpenses": 0,
    "generalAndAdministrativeExpenses": 0,
    "sellingAndMarketingExpenses": 0,
    "sellingGeneralAndAdministrativeExpenses": 66300000,
    "otherExpenses": 20600000,
    "operatingExpenses": 86900000,
    "costAndExpenses": 134100000,
    "interestIncome": 0,
    "interestExpense": 0,
    "depreciationAndAmortization": 0,
    "ebitda": 25200000,
    "ebitdaratio": 0.1577958673,
    "operatingIncome": 25600000,
    "operatingIncomeRatio": 0.1603005636,
    "totalOtherIncomeExpensesNet": -800000,
    "incomeBeforeTax": 24800000,
    "incomeBeforeTaxRatio": 0.1552911709,
    "incomeTaxExpense": 8600000,
    "netIncome": 16200000,
    "netIncomeRatio": 0.1014402004,
    "eps": 0.22,
    "epsdiluted": 0.22,
    "weightedAverageShsOut": 73400000,
    "weightedAverageShsOutDil": 73400000,
    "link": "https://www.sec.gov/Archives/edgar/data/72331/000095015296000220/0000950152-96-000220-index.html",
    "finalLink": "https://www.sec.gov/Archives/edgar/data/72331/"
  }
]