[
  {
    "date": "2025-06-30",
    "symbol": "NEE",
    "reportedCurrency": "USD",
    "cik": "0000753308",
    "fillingDate": "2025-07-23",
    "acceptedDate": "2025-07-23 03:41:31",
    "calendarYear": "2025",
    "period": "Q2",
    "revenue": 6700000000,
    "costOfRevenue": 2404000000,
    "grossProfit": 4296000000,
    "grossProfitRatio": 0.6411940299,
    "researchAndDevelopmentExpenses": 0,
    "generalAndAdministrativeExpenses": 0,
    "sellingAndMarketingExpenses": 0,
    "sellingGeneralAndAdministrativeExpenses": 0,
    "otherExpenses": 2385000000,
    "operatingExpenses": 2385000000,
    "costAndExpenses": 4789000000,
    "interestIncome": 0,
    "interestExpense": 1060000000,
    "depreciationAndAmortization": 1857000000,
    "ebitda": 4300000000,
    "ebitdaratio": 0.6417910448,
    "operatingIncome": 1911000000,
    "operatingIncomeRatio": 0.2852238806,
    "totalOtherIncomeExpensesNet": -528000000,
    "incomeBeforeTax": 1383000000,
    "incomeBeforeTaxRatio": 0.2064179104,
    "incomeTaxExpense": -256000000,
    "netIncome": 2028000000,
    "netIncomeRatio": 0.3026865672,
    "eps": 0.99,
    "epsdiluted": 0.98,
    "weightedAverageShsOut": 2056700000,
    "weightedAverageShsOutDil": 2061300000,
    "link": "https://www.sec.gov/Archives/edgar/data/753308/000075330825000040/0000753308-25-000040-index.htm",
    "finalLink": "https://www.sec.gov/Archives/edgar/data/37634/000075330825000040/nee-20250630.htm"
  },
  {
    "date": "2025-03-31",
    "symbol": "NEE",
    "reportedCurrency": "USD",
    "cik": "0000753308",
    "fillingDate": "2025-04-23",
    "acceptedDate": "2025-04-23 12:56:35",
    "calendarYear": "2025",
    "period": "Q1",
    "revenue": 6247000000,
    "costOfRevenue": 2338000000,
    "grossProfit": 3909000000,
    "grossProfitRatio": 0.6257403554,
    "researchAndDevelopmentExpenses": 0,
    "generalAndAdministrativeExpenses": 0,
    "sellingAndMarketingExpenses": 0,
    "sellingGeneralAndAdministrativeExpenses": 0,
    "otherExpenses": 1653000000,
    "operatingExpenses": 1653000000,
    "costAndExpenses": 3991000000,
    "interestIncome": 0,
    "interestExpense": 1774000000,
    "depreciationAndAmortization": 1176000000,
    "ebitda": 2893000000,
    "ebitdaratio": 0.4631022891,
    "operatingIncome": 2256000000,
    "operatingIncomeRatio": 0.361133344,
    "totalOtherIncomeExpensesNet": -2313000000,
    "incomeBeforeTax": -57000000,
    "incomeBeforeTaxRatio": -0.0091243797,
    "incomeTaxExpense": -521000000,
    "netIncome": 833000000,
    "netIncomeRatio": 0.1333440051,
    "eps": 0.41,
    "epsdiluted": 0.4,
    "weightedAverageShsOut": 2057000000,
    "weightedAverageShsOutDil": 2059000000,
    "link": "https://www.sec.gov/Archives/edgar/data/753308/000075330825000024/0000753308-25-000024-index.htm",
    "finalLink": "https://www.sec.gov/Archives/edgar/data/37634/000075330825000024/nee-20250331.htm"
  },
  {
    "date": "2024-12-31",
    "symbol": "NEE",
    "reportedCurrency": "USD",
    "cik": "0000753308",
    "fillingDate": "2025-02-14",
    "acceptedDate": "2025-02-14 14:23:43",
    "calendarYear": "2024",
    "period": "Q4",
    "revenue": 5385000000,
    "costOfRevenue": 2408000000,
    "grossProfit": 2977000000,
    "grossProfitRatio": 0.5528319406,
    "researchAndDevelopmentExpenses": 0,
    "generalAndAdministrativeExpenses": 0,
    "sellingAndMarketingExpenses": 0,
    "sellingGeneralAndAdministrativeExpenses": 0,
    "otherExpenses": 2036000000,
    "operatingExpenses": 2036000000,
    "costAndExpenses": 4444000000,
    "interestIncome": 0,
    "interestExpense": 725000000,
    "depreciationAndAmortization": 1582000000,
    "ebitda": 1901000000,
    "ebitdaratio": 0.3530176416,
    "operatingIncome": 941000000,
    "operatingIncomeRatio": 0.1747446611,
    "totalOtherIncomeExpensesNet": 103000000,
    "incomeBeforeTax": 1044000000,
    "incomeBeforeTaxRatio": 0.1938718663,
    "incomeTaxExpense": 171000000,
    "netIncome": 1203000000,
    "netIncomeRatio": 0.2233983287,
    "eps": 0.58,
    "epsdiluted": 0.58,
    "weightedAverageShsOut": 2057000000,
    "weightedAverageShsOutDil": 2062000000,
    "link": "https://www.sec.gov/Archives/edgar/data/753308/000075330825000011/0000753308-25-000011-index.htm",
    "finalLink": "https://www.sec.gov/Archives/edgar/data/37634/000075330825000011/nee-20241231.htm"
  },
  {
    "date": "2024-09-30",
    "symbol": "NEE",
    "reportedCurrency": "USD",
    "cik": "0000753308",
    "fillingDate": "2024-10-23",
    "acceptedDate": "2024-10-23 17:24:14",
    "calendarYear": "2024",
    "period": "Q3",
    "revenue": 7567000000,
    "costOfRevenue": 2698000000,
    "grossProfit": 4869000000,
    "grossProfitRatio": 0.6434518303,
    "researchAndDevelopmentExpenses": 0,
    "generalAndAdministrativeExpenses": 0,
    "sellingAndMarketingExpenses": 0,
    "sellingGeneralAndAdministrativeExpenses": 0,
    "otherExpenses": 2013000000,
    "operatingExpenses": 2013000000,
    "costAndExpenses": 4711000000,
    "interestIncome": 0,
    "interestExpense": 1817000000,
    "depreciationAndAmortization": 1720000000,
    "ebitda": 5133000000,
    "ebitdaratio": 0.6783401612,
    "operatingIncome": 2856000000,
    "operatingIncomeRatio": 0.3774283071,
    "totalOtherIncomeExpensesNet": -1260000000,
    "incomeBeforeTax": 1596000000,
    "incomeBeforeTaxRatio": 0.2109158187,
    "incomeTaxExpense": 5000000,
    "netIncome": 1852000000,
    "netIncomeRatio": 0.2447469274,
    "eps": 0.9,
    "epsdiluted": 0.9,
    "weightedAverageShsOut": 2053500000,
    "weightedAverageShsOutDil": 2061400000,
    "link": "https://www.sec.gov/Archives/edgar/data/753308/000075330824000057/0000753308-24-000057-index.htm",
    "finalLink": "https://www.sec.gov/Archives/edgar/data/37634/000075330824000057/nee-20240930.htm"
  },
  {
    "date": "2024-06-30",
    "symbol": "NEE",
    "reportedCurrency": "USD",
    "cik": "0000753308",
    "fillingDate": "2024-07-24",
    "acceptedDate": "2024-07-24 12:41:04",
    "calendarYear": "2024",
    "period": "Q2",
    "revenue": 6069000000,
    "costOfRevenue": 2451000000,
    "grossProfit": 3618000000,
    "grossProfitRatio": 0.5961443401,
    "researchAndDevelopmentExpenses": 0,
    "generalAndAdministrativeExpenses": 0,
    "sellingAndMarketingExpenses": 0,
    "sellingGeneralAndAdministrativeExpenses": 0,
    "otherExpenses": 1948000000,
    "operatingExpenses": 1948000000,
    "costAndExpenses": 4399000000,
    "interestIncome": 0,
    "interestExpense": 820000000,
    "depreciationAndAmortization": 1471000000,
    "ebitda": 3523000000,
    "ebitdaratio": 0.5804910199,
    "operatingIncome": 1670000000,
    "operatingIncomeRatio": 0.2751688911,
    "totalOtherIncomeExpensesNet": -438000000,
    "incomeBeforeTax": 1232000000,
    "incomeBeforeTaxRatio": 0.2029988466,
    "incomeTaxExpense": -64000000,
    "netIncome": 1622000000,
    "netIncomeRatio": 0.2672598451,
    "eps": 0.79,
    "epsdiluted": 0.79,
    "weightedAverageShsOut": 2052500000,
    "weightedAverageShsOutDil": 2058199999,
    "link": "https://www.sec.gov/Archives/edgar/data/753308/000075330824000050/0000753308-24-000050-index.htm",
    "finalLink": "https://www.sec.gov/Archives/edgar/data/37634/000075330824000050/nee-20240630.htm"
  },
  {
    "date": "2024-03-31",
    "symbol": "NEE",
    "reportedCurrency": "USD",
    "cik": "0000753308",
    "fillingDate": "2024-04-23",
    "acceptedDate": "2024-04-23 17:20:56",
    "calendarYear": "2024",
    "period": "Q1",
    "revenue": 5731000000,
    "costOfRevenue": 2329000000,
    "grossProfit": 3402000000,
    "grossProfitRatio": 0.59361368,
    "researchAndDevelopmentExpenses": 0,
    "generalAndAdministrativeExpenses": 0,
    "sellingAndMarketingExpenses": 0,
    "sellingGeneralAndAdministrativeExpenses": 0,
    "otherExpenses": 1389000000,
    "operatingExpenses": 1389000000,
    "costAndExpenses": 3718000000,
    "interestIncome": 0,
    "interestExpense": 323000000,
    "depreciationAndAmortization": 988000000,
    "ebitda": 3475000000,
    "ebitdaratio": 0.6063514221,
    "operatingIncome": 2013000000,
    "operatingIncomeRatio": 0.3512476008,
    "totalOtherIncomeExpensesNet": 151000000,
    "incomeBeforeTax": 2164000000,
    "incomeBeforeTaxRatio": 0.3775955331,
    "incomeTaxExpense": 227000000,
    "netIncome": 2268000000,
    "netIncomeRatio": 0.3957424533,
    "eps": 1.11,
    "epsdiluted": 1.1,
    "weightedAverageShsOut": 2051500000,
    "weightedAverageShsOutDil": 2055200000,
    "link": "https://www.sec.gov/Archives/edgar/data/753308/000075330824000023/0000753308-24-000023-index.htm",
    "finalLink": "https://www.sec.gov/Archives/edgar/data/37634/000075330824000023/nee-20240331.htm"
  },
  {
    "date": "2023-12-31",
    "symbol": "NEE",
    "reportedCurrency": "USD",
    "cik": "0000753308",
    "fillingDate": "2024-02-16",
    "acceptedDate": "2024-02-16 17:17:00",
    "calendarYear": "2023",
    "period": "Q4",
    "revenue": 6878000000,
    "costOfRevenue": 2467000000,
    "grossProfit": 4411000000,
    "grossProfitRatio": 0.6413201512,
    "researchAndDevelopmentExpenses": 0,
    "generalAndAdministrativeExpenses": 0,
    "sellingAndMarketingExpenses": 0,
    "sellingGeneralAndAdministrativeExpenses": 0,
    "otherExpenses": 1751000000,
    "operatingExpenses": 1751000000,
    "costAndExpenses": 4218000000,
    "interestIncome": 0,
    "interestExpense": 1980000000,
    "depreciationAndAmortization": 1681000000,
    "ebitda": 4744000000,
    "ebitdaratio": 0.6897353882,
    "operatingIncome": 2660000000,
    "operatingIncomeRatio": 0.3867403315,
    "totalOtherIncomeExpensesNet": -1577000000,
    "incomeBeforeTax": 1083000000,
    "incomeBeforeTaxRatio": 0.1574585635,
    "incomeTaxExpense": 168000000,
    "netIncome": 1210000000,
    "netIncomeRatio": 0.1759232335,
    "eps": 0.59,
    "epsdiluted": 0.59,
    "weightedAverageShsOut": 2052000000,
    "weightedAverageShsOutDil": 2054000000,
    "link": "https://www.sec.gov/Archives/edgar/data/753308/000075330824000008/0000753308-24-000008-index.htm",
    "finalLink": "https://www.sec.gov/Archives/edgar/data/37634/000075330824000008/nee-20231231.htm"
  },
  {
    "date": "2023-09-30",
    "symbol": "NEE",
    "reportedCurrency": "USD",
    "cik": "0000753308",
    "fillingDate": "2023-11-07",
    "acceptedDate": "2023-11-06 18:02:20",
    "calendarYear": "2023",
    "period": "Q3",
    "revenue": 7172000000,
    "costOfRevenue": 2750000000,
    "grossProfit": 4422000000,
    "grossProfitRatio": 0.6165644172,
    "researchAndDevelopmentExpenses": 0,
    "generalAndAdministrativeExpenses": 0,
    "sellingAndMarketingExpenses": 0,
    "sellingGeneralAndAdministrativeExpenses": 0,
    "otherExpenses": 2586000000,
    "operatingExpenses": 2586000000,
    "costAndExpenses": 5336000000,
    "interestIncome": 0,
    "interestExpense": 26000000,
    "depreciationAndAmortization": 2026000000,
    "ebitda": 3025000000,
    "ebitdaratio": 0.4217791411,
    "operatingIncome": 1836000000,
    "operatingIncomeRatio": 0.2559955382,
    "totalOtherIncomeExpensesNet": -863000000,
    "incomeBeforeTax": 973000000,
    "incomeBeforeTaxRatio": 0.1356664808,
    "incomeTaxExpense": -46000000,
    "netIncome": 1219000000,
    "netIncomeRatio": 0.1699665365,
    "eps": 0.6,
    "epsdiluted": 0.6,
    "weightedAverageShsOut": 2031300000,
    "weightedAverageShsOutDil": 2036200000,
    "link": "https://www.sec.gov/Archives/edgar/data/753308/000075330823000058/0000753308-23-000058-index.htm",
    "finalLink": "https://www.sec.gov/Archives/edgar/data/37634/000075330823000058/nee-20230930.htm"
  },
  {
    "date": "2023-06-30",
    "symbol": "NEE",
    "reportedCurrency": "USD",
    "cik": "0000753308",
    "fillingDate": "2023-07-26",
    "acceptedDate": "2023-07-26 17:28:48",
    "calendarYear": "2023",
    "period": "Q2",
    "revenue": 7349000000,
    "costOfRevenue": 2486000000,
    "grossProfit": 4863000000,
    "grossProfitRatio": 0.6617226834,
    "researchAndDevelopmentExpenses": 0,
    "generalAndAdministrativeExpenses": 0,
    "sellingAndMarketingExpenses": 0,
    "sellingGeneralAndAdministrativeExpenses": 0,
    "otherExpenses": 2064000000,
    "operatingExpenses": 2064000000,
    "costAndExpenses": 4550000000,
    "interestIncome": 0,
    "interestExpense": 135000000,
    "depreciationAndAmortization": 1551000000,
    "ebitda": 4747000000,
    "ebitdaratio": 0.6459382229,
    "operatingIncome": 2799000000,
    "operatingIncomeRatio": 0.3808681453,
    "totalOtherIncomeExpensesNet": 262000000,
    "incomeBeforeTax": 3061000000,
    "incomeBeforeTaxRatio": 0.4165192543,
    "incomeTaxExpense": 497000000,
    "netIncome": 2795000000,
    "netIncomeRatio": 0.3803238536,
    "eps": 1.38,
    "epsdiluted": 1.38,
    "weightedAverageShsOut": 2022000000,
    "weightedAverageShsOutDil": 2027200000,
    "link": "https://www.sec.gov/Archives/edgar/data/753308/000075330823000045/0000753308-23-000045-index.htm",
    "finalLink": "https://www.sec.gov/Archives/edgar/data/37634/000075330823000045/nee-20230630.htm"
  },
  {
    "date": "2023-03-31",
    "symbol": "NEE",
    "reportedCurrency": "USD",
    "cik": "0000753308",
    "fillingDate": "2023-04-26",
    "acceptedDate": "2023-04-25 20:04:18",
    "calendarYear": "2023",
    "period": "Q1",
    "revenue": 6716000000,
    "costOfRevenue": 2434000000,
    "grossProfit": 4282000000,
    "grossProfitRatio": 0.637581894,
    "researchAndDevelopmentExpenses": 0,
    "generalAndAdministrativeExpenses": 0,
    "sellingAndMarketingExpenses": 0,
    "sellingGeneralAndAdministrativeExpenses": 0,
    "otherExpenses": 1340000000,
    "operatingExpenses": 1340000000,
    "costAndExpenses": 3774000000,
    "interestIncome": 0,
    "interestExpense": 1183000000,
    "depreciationAndAmortization": 893000000,
    "ebitda": 4247000000,
    "ebitdaratio": 0.6323704586,
    "operatingIncome": 2942000000,
    "operatingIncomeRatio": 0.4380583681,
    "totalOtherIncomeExpensesNet": -771000000,
    "incomeBeforeTax": 2171000000,
    "incomeBeforeTaxRatio": 0.3232578916,
    "incomeTaxExpense": 386000000,
    "netIncome": 2086000000,
    "netIncomeRatio": 0.3106015485,
    "eps": 1.04,
    "epsdiluted": 1.04,
    "weightedAverageShsOut": 1999900000,
    "weightedAverageShsOutDil": 2005100000,
    "link": "https://www.sec.gov/Archives/edgar/data/753308/000075330823000033/0000753308-23-000033-index.htm",
    "finalLink": "https://www.sec.gov/Archives/edgar/data/37634/000075330823000033/nee-20230331.htm"
  },
  {
    "date": "2022-12-31",
    "symbol": "NEE",
    "reportedCurrency": "USD",
    "cik": "0000753308",
    "fillingDate": "2023-02-17",
    "acceptedDate": "2023-02-17 16:25:38",
    "calendarYear": "2022",
    "period": "Q4",
    "revenue": 6164000000,
    "costOfRevenue": 2768000000,
    "grossProfit": 3396000000,
    "grossProfitRatio": 0.5509409474,
    "researchAndDevelopmentExpenses": 0,
    "generalAndAdministrativeExpenses": 0,
    "sellingAndMarketingExpenses": 0,
    "sellingGeneralAndAdministrativeExpenses": 0,
    "otherExpenses": 1350000000,
    "operatingExpenses": 1350000000,
    "costAndExpenses": 4118000000,
    "interestIncome": 0,
    "interestExpense": 685000000,
    "depreciationAndAmortization": 1247000000,
    "ebitda": 3825000000,
    "ebitdaratio": 0.6205386113,
    "operatingIncome": 2046000000,
    "operatingIncomeRatio": 0.3319273199,
    "totalOtherIncomeExpensesNet": -450000000,
    "incomeBeforeTax": 1596000000,
    "incomeBeforeTaxRatio": 0.2589227774,
    "incomeTaxExpense": 329000000,
    "netIncome": 1522000000,
    "netIncomeRatio": 0.246917586,
    "eps": 0.77,
    "epsdiluted": 0.76,
    "weightedAverageShsOut": 1987000000,
    "weightedAverageShsOutDil": 1993000000,
    "link": "https://www.sec.gov/Archives/edgar/data/753308/000075330823000019/0000753308-23-000019-index.htm",
    "finalLink": "https://www.sec.gov/Archives/edgar/data/37634/000075330823000019/nee-20221231.htm"
  },
  {
    "date": "2022-09-30",
    "symbol": "NEE",
    "reportedCurrency": "USD",
    "cik": "0000753308",
    "fillingDate": "2022-11-03",
    "acceptedDate": "2022-11-02 18:50:46",
    "calendarYear": "2022",
    "period": "Q3",
    "revenue": 6719000000,
    "costOfRevenue": 3158000000,
    "grossProfit": 3561000000,
    "grossProfitRatio": 0.5299895818,
    "researchAndDevelopmentExpenses": 0,
    "generalAndAdministrativeExpenses": 0,
    "sellingAndMarketingExpenses": 0,
    "sellingGeneralAndAdministrativeExpenses": 0,
    "otherExpenses": 1699000000,
    "operatingExpenses": 1699000000,
    "costAndExpenses": 4857000000,
    "interestIncome": 0,
    "interestExpense": 259000000,
    "depreciationAndAmortization": 1356000000,
    "ebitda": 3497000000,
    "ebitdaratio": 0.5204643548,
    "operatingIncome": 1862000000,
    "operatingIncomeRatio": 0.2771245721,
    "totalOtherIncomeExpensesNet": 20000000,
    "incomeBeforeTax": 1882000000,
    "incomeBeforeTaxRatio": 0.2801012055,
    "incomeTaxExpense": 323000000,
    "netIncome": 1696000000,
    "netIncomeRatio": 0.2524185147,
    "eps": 0.86,
    "epsdiluted": 0.86,
    "weightedAverageShsOut": 1972500000,
    "weightedAverageShsOutDil": 1978900000,
    "link": "https://www.sec.gov/Archives/edgar/data/753308/000075330822000081/0000753308-22-000081-index.htm",
    "finalLink": "https://www.sec.gov/Archives/edgar/data/37634/000075330822000081/nee-20220930.htm"
  },
  {
    "date": "2022-06-30",
    "symbol": "NEE",
    "reportedCurrency": "USD",
    "cik": "0000753308",
    "fillingDate": "2022-07-27",
    "acceptedDate": "2022-07-26 18:34:22",
    "calendarYear": "2022",
    "period": "Q2",
    "revenue": 5183000000,
    "costOfRevenue": 2566000000,
    "grossProfit": 2617000000,
    "grossProfitRatio": 0.5049199305,
    "researchAndDevelopmentExpenses": 0,
    "generalAndAdministrativeExpenses": 0,
    "sellingAndMarketingExpenses": 0,
    "sellingGeneralAndAdministrativeExpenses": 0,
    "otherExpenses": 1669000000,
    "operatingExpenses": 1669000000,
    "costAndExpenses": 4235000000,
    "interestIncome": 217000000,
    "interestExpense": 0,
    "depreciationAndAmortization": 1227000000,
    "ebitda": 2174000000,
    "ebitdaratio": 0.419448196,
    "operatingIncome": 948000000,
    "operatingIncomeRatio": 0.1829056531,
    "totalOtherIncomeExpensesNet": 459000000,
    "incomeBeforeTax": 1407000000,
    "incomeBeforeTaxRatio": 0.2714644029,
    "incomeTaxExpense": 294000000,
    "netIncome": 1380000000,
    "netIncomeRatio": 0.2662550646,
    "eps": 0.7,
    "epsdiluted": 0.7,
    "weightedAverageShsOut": 1965200000,
    "weightedAverageShsOutDil": 1973000000,
    "link": "https://www.sec.gov/Archives/edgar/data/753308/000075330822000055/0000753308-22-000055-index.htm",
    "finalLink": "https://www.sec.gov/Archives/edgar/data/37634/000075330822000055/nee-20220630.htm"
  },
  {
    "date": "2022-03-31",
    "symbol": "NEE",
    "reportedCurrency": "USD",
    "cik": "0000753308",
    "fillingDate": "2022-04-22",
    "acceptedDate": "2022-04-22 16:19:14",
    "calendarYear": "2022",
    "period": "Q1",
    "revenue": 2890000000,
    "costOfRevenue": 2325000000,
    "grossProfit": 565000000,
    "grossProfitRatio": 0.1955017301,
    "researchAndDevelopmentExpenses": 0,
    "generalAndAdministrativeExpenses": 0,
    "sellingAndMarketingExpenses": 0,
    "sellingGeneralAndAdministrativeExpenses": 0,
    "otherExpenses": 1340000000,
    "operatingExpenses": 1340000000,
    "costAndExpenses": 3665000000,
    "interestIncome": 142000000,
    "interestExpense": 0,
    "depreciationAndAmortization": 960000000,
    "ebitda": 162000000,
    "ebitdaratio": 0.0560553633,
    "operatingIncome": -775000000,
    "operatingIncomeRatio": -0.26816609,
    "totalOtherIncomeExpensesNet": -277000000,
    "incomeBeforeTax": -1052000000,
    "incomeBeforeTaxRatio": -0.3640138408,
    "incomeTaxExpense": -359000000,
    "netIncome": -451000000,
    "netIncomeRatio": -0.1560553633,
    "eps": -0.2296,
    "epsdiluted": -0.2296,
    "weightedAverageShsOut": 1964700000,
    "weightedAverageShsOutDil": 1974000000,
    "link": "https://www.sec.gov/Archives/edgar/data/753308/000075330822000033/0000753308-22-000033-index.htm",
    "finalLink": "https://www.sec.gov/Archives/edgar/data/37634/000075330822000033/nee-20220331.htm"
  },
  {
    "date": "2021-12-31",
    "symbol": "NEE",
    "reportedCurrency": "USD",
    "cik": "0000753308",
    "fillingDate": "2022-02-18",
    "acceptedDate": "2022-02-18 06:28:58",
    "calendarYear": "2021",
    "period": "Q4",
    "revenue": 5046000000,
    "costOfRevenue": 2323000000,
    "grossProfit": 2723000000,
    "grossProfitRatio": 0.5396353547,
    "researchAndDevelopmentExpenses": 0,
    "generalAndAdministrativeExpenses": 0,
    "sellingAndMarketingExpenses": 0,
    "sellingGeneralAndAdministrativeExpenses": 0,
    "otherExpenses": 1368000000,
    "operatingExpenses": 1368000000,
    "costAndExpenses": 3691000000,
    "interestIncome": 0,
    "interestExpense": 632000000,
    "depreciationAndAmortization": 1052000000,
    "ebitda": 2868000000,
    "ebitdaratio": 0.5683709869,
    "operatingIncome": 1355000000,
    "operatingIncomeRatio": 0.2685295283,
    "totalOtherIncomeExpensesNet": -138000000,
    "incomeBeforeTax": 1217000000,
    "incomeBeforeTaxRatio": 0.2411811336,
    "incomeTaxExpense": 264000000,
    "netIncome": 1204000000,
    "netIncomeRatio": 0.2386048355,
    "eps": 0.61,
    "epsdiluted": 0.61,
    "weightedAverageShsOut": 1973770492,
    "weightedAverageShsOutDil": 1975000000,
    "link": "https://www.sec.gov/Archives/edgar/data/753308/000075330822000014/0000753308-22-000014-index.htm",
    "finalLink": "https://www.sec.gov/Archives/edgar/data/37634/000075330822000014/nee-20211231.htm"
  },
  {
    "date": "2021-09-30",
    "symbol": "NEE",
    "reportedCurrency": "USD",
    "cik": "0000753308",
    "fillingDate": "2021-10-25",
    "acceptedDate": "2021-10-25 15:46:35",
    "calendarYear": "2021",
    "period": "Q3",
    "revenue": 4370000000,
    "costOfRevenue": 2293000000,
    "grossProfit": 2077000000,
    "grossProfitRatio": 0.4752860412,
    "researchAndDevelopmentExpenses": 0,
    "generalAndAdministrativeExpenses": 0,
    "sellingAndMarketingExpenses": 0,
    "sellingGeneralAndAdministrativeExpenses": 0,
    "otherExpenses": 1698000000,
    "operatingExpenses": 1698000000,
    "costAndExpenses": 3991000000,
    "interestIncome": 0,
    "interestExpense": 335000000,
    "depreciationAndAmortization": 1298000000,
    "ebitda": 1910000000,
    "ebitdaratio": 0.4370709382,
    "operatingIncome": 379000000,
    "operatingIncomeRatio": 0.0867276888,
    "totalOtherIncomeExpensesNet": -102000000,
    "incomeBeforeTax": 277000000,
    "incomeBeforeTaxRatio": 0.0633867277,
    "incomeTaxExpense": -27000000,
    "netIncome": 447000000,
    "netIncomeRatio": 0.1022883295,
    "eps": 0.23,
    "epsdiluted": 0.23,
    "weightedAverageShsOut": 1962700000,
    "weightedAverageShsOutDil": 1972900000,
    "link": "https://www.sec.gov/Archives/edgar/data/753308/000075330821000167/0000753308-21-000167-index.htm",
    "finalLink": "https://www.sec.gov/Archives/edgar/data/37634/000075330821000167/nee-20210930.htm"
  },
  {
    "date": "2021-06-30",
    "symbol": "NEE",
    "reportedCurrency": "USD",
    "cik": "0000753308",
    "fillingDate": "2021-07-26",
    "acceptedDate": "2021-07-26 16:59:20",
    "calendarYear": "2021",
    "period": "Q2",
    "revenue": 3927000000,
    "costOfRevenue": 1969000000,
    "grossProfit": 1958000000,
    "grossProfitRatio": 0.4985994398,
    "researchAndDevelopmentExpenses": 0,
    "generalAndAdministrativeExpenses": 0,
    "sellingAndMarketingExpenses": 0,
    "sellingGeneralAndAdministrativeExpenses": 0,
    "otherExpenses": 1448000000,
    "operatingExpenses": 1448000000,
    "costAndExpenses": 3417000000,
    "interestIncome": 0,
    "interestExpense": 757000000,
    "depreciationAndAmortization": 1041000000,
    "ebitda": 1730000000,
    "ebitdaratio": 0.4405398523,
    "operatingIncome": 510000000,
    "operatingIncomeRatio": 0.1298701299,
    "totalOtherIncomeExpensesNet": -578000000,
    "incomeBeforeTax": -68000000,
    "incomeBeforeTaxRatio": -0.0173160173,
    "incomeTaxExpense": -140000000,
    "netIncome": 256000000,
    "netIncomeRatio": 0.0651897122,
    "eps": 0.13,
    "epsdiluted": 0.13,
    "weightedAverageShsOut": 1962400000,
    "weightedAverageShsOutDil": 1970300000,
    "link": "https://www.sec.gov/Archives/edgar/data/753308/000075330821000148/0000753308-21-000148-index.htm",
    "finalLink": "https://www.sec.gov/Archives/edgar/data/37634/000075330821000148/nee-20210630.htm"
  },
  {
    "date": "2021-03-31",
    "symbol": "NEE",
    "reportedCurrency": "USD",
    "cik": "0000753308",
    "fillingDate": "2021-04-23",
    "acceptedDate": "2021-04-23 17:16:57",
    "calendarYear": "2021",
    "period": "Q1",
    "revenue": 3726000000,
    "costOfRevenue": 1895000000,
    "grossProfit": 1831000000,
    "grossProfitRatio": 0.4914117016,
    "researchAndDevelopmentExpenses": 0,
    "generalAndAdministrativeExpenses": 0,
    "sellingAndMarketingExpenses": 0,
    "sellingGeneralAndAdministrativeExpenses": 0,
    "otherExpenses": 1162000000,
    "operatingExpenses": 1162000000,
    "costAndExpenses": 3057000000,
    "interestIncome": 421000000,
    "interestExpense": 0,
    "depreciationAndAmortization": 823000000,
    "ebitda": 1478000000,
    "ebitdaratio": 0.3966720344,
    "operatingIncome": 669000000,
    "operatingIncomeRatio": 0.1795491143,
    "totalOtherIncomeExpensesNet": 1079000000,
    "incomeBeforeTax": 1748000000,
    "incomeBeforeTaxRatio": 0.4691358025,
    "incomeTaxExpense": 250000000,
    "netIncome": 1666000000,
    "netIncomeRatio": 0.4471282877,
    "eps": 0.85,
    "epsdiluted": 0.84,
    "weightedAverageShsOut": 1961600000,
    "weightedAverageShsOutDil": 1973000000,
    "link": "https://www.sec.gov/Archives/edgar/data/753308/000075330821000108/0000753308-21-000108-index.htm",
    "finalLink": "https://www.sec.gov/Archives/edgar/data/37634/000075330821000108/nee-20210331.htm"
  },
  {
    "date": "2020-12-31",
    "symbol": "NEE",
    "reportedCurrency": "USD",
    "cik": "0000753308",
    "fillingDate": "2021-02-12",
    "acceptedDate": "2021-02-12 16:07:50",
    "calendarYear": "2020",
    "period": "Q4",
    "revenue": 4395000000,
    "costOfRevenue": 1971000000,
    "grossProfit": 2424000000,
    "grossProfitRatio": 0.5515358362,
    "researchAndDevelopmentExpenses": 0,
    "generalAndAdministrativeExpenses": 0,
    "sellingAndMarketingExpenses": 0,
    "sellingGeneralAndAdministrativeExpenses": 0,
    "otherExpenses": 1484000000,
    "operatingExpenses": 1484000000,
    "costAndExpenses": 3455000000,
    "interestIncome": 7000000,
    "interestExpense": 111000000,
    "depreciationAndAmortization": 1023000000,
    "ebitda": 909000000,
    "ebitdaratio": 0.2068259386,
    "operatingIncome": 940000000,
    "operatingIncomeRatio": 0.2138794084,
    "totalOtherIncomeExpensesNet": -1165000000,
    "incomeBeforeTax": -225000000,
    "incomeBeforeTaxRatio": -0.0511945392,
    "incomeTaxExpense": -35000000,
    "netIncome": -5000000,
    "netIncomeRatio": -0.0011376564,
    "eps": -0.0026,
    "epsdiluted": -0.0025,
    "weightedAverageShsOut": 1960000000,
    "weightedAverageShsOutDil": 1972000000,
    "link": "https://www.sec.gov/Archives/edgar/data/753308/000075330821000014/0000753308-21-000014-index.htm",
    "finalLink": "https://www.sec.gov/Archives/edgar/data/37634/000075330821000014/nee-20201231.htm"
  },
  {
    "date": "2020-09-30",
    "symbol": "NEE",
    "reportedCurrency": "USD",
    "cik": "0000753308",
    "fillingDate": "2020-10-23",
    "acceptedDate": "2020-10-23 16:43:18",
    "calendarYear": "2020",
    "period": "Q3",
    "revenue": 4785000000,
    "costOfRevenue": 2033000000,
    "grossProfit": 2752000000,
    "grossProfitRatio": 0.5751306165,
    "researchAndDevelopmentExpenses": 0,
    "generalAndAdministrativeExpenses": 0,
    "sellingAndMarketingExpenses": 0,
    "sellingGeneralAndAdministrativeExpenses": 0,
    "otherExpenses": 1744000000,
    "operatingExpenses": 1744000000,
    "costAndExpenses": 3777000000,
    "interestIncome": 7000000,
    "interestExpense": 208000000,
    "depreciationAndAmortization": 1338000000,
    "ebitda": 2798000000,
    "ebitdaratio": 0.5847439916,
    "operatingIncome": 1008000000,
    "operatingIncomeRatio": 0.2106583072,
    "totalOtherIncomeExpensesNet": 244000000,
    "incomeBeforeTax": 1252000000,
    "incomeBeforeTaxRatio": 0.2616509927,
    "incomeTaxExpense": 129000000,
    "netIncome": 1229000000,
    "netIncomeRatio": 0.2568443051,
    "eps": 0.63,
    "epsdiluted": 0.63,
    "weightedAverageShsOut": 1959074124,
    "weightedAverageShsOutDil": 1959074124,
    "link": "https://www.sec.gov/Archives/edgar/data/753308/000075330820000186/0000753308-20-000186-index.htm",
    "finalLink": "https://www.sec.gov/Archives/edgar/data/37634/000075330820000186/nee10q3q2020.htm"
  },
  {
    "date": "2020-06-30",
    "symbol": "NEE",
    "reportedCurrency": "USD",
    "cik": "0000753308",
    "fillingDate": "2020-07-24",
    "acceptedDate": "2020-07-24 15:59:51",
    "calendarYear": "2020",
    "period": "Q2",
    "revenue": 4204000000,
    "costOfRevenue": 1635000000,
    "grossProfit": 2569000000,
    "grossProfitRatio": 0.6110846813,
    "researchAndDevelopmentExpenses": 0,
    "generalAndAdministrativeExpenses": 0,
    "sellingAndMarketingExpenses": 0,
    "sellingGeneralAndAdministrativeExpenses": 0,
    "otherExpenses": 1383000000,
    "operatingExpenses": 1383000000,
    "costAndExpenses": 3018000000,
    "interestIncome": 11000000,
    "interestExpense": 320000000,
    "depreciationAndAmortization": 1032000000,
    "ebitda": 2666000000,
    "ebitdaratio": 0.6341579448,
    "operatingIncome": 1186000000,
    "operatingIncomeRatio": 0.282112274,
    "totalOtherIncomeExpensesNet": 128000000,
    "incomeBeforeTax": 1314000000,
    "incomeBeforeTaxRatio": 0.3125594672,
    "incomeTaxExpense": 185000000,
    "netIncome": 1275000000,
    "netIncomeRatio": 0.303282588,
    "eps": 0.65,
    "epsdiluted": 0.65,
    "weightedAverageShsOut": 1958800000,
    "weightedAverageShsOutDil": 1967300000,
    "link": "https://www.sec.gov/Archives/edgar/data/753308/000075330820000150/0000753308-20-000150-index.htm",
    "finalLink": "https://www.sec.gov/Archives/edgar/data/37634/000075330820000150/nee10q2q2020.htm"
  },
  {
    "date": "2020-03-31",
    "symbol": "NEE",
    "reportedCurrency": "USD",
    "cik": "0000753308",
    "fillingDate": "2020-04-23",
    "acceptedDate": "2020-04-23 16:01:38",
    "calendarYear": "2020",
    "period": "Q1",
    "revenue": 4613000000,
    "costOfRevenue": 1651000000,
    "grossProfit": 2962000000,
    "grossProfitRatio": 0.6420984175,
    "researchAndDevelopmentExpenses": 0,
    "generalAndAdministrativeExpenses": 0,
    "sellingAndMarketingExpenses": 0,
    "sellingGeneralAndAdministrativeExpenses": 0,
    "otherExpenses": 981000000,
    "operatingExpenses": 981000000,
    "costAndExpenses": 2632000000,
    "interestIncome": 13000000,
    "interestExpense": 1311000000,
    "depreciationAndAmortization": 922000000,
    "ebitda": 2306000000,
    "ebitdaratio": 0.4998916107,
    "operatingIncome": 1981000000,
    "operatingIncomeRatio": 0.4294385432,
    "totalOtherIncomeExpensesNet": -1908000000,
    "incomeBeforeTax": 73000000,
    "incomeBeforeTaxRatio": 0.0158248428,
    "incomeTaxExpense": -235000000,
    "netIncome": 421000000,
    "netIncomeRatio": 0.0912638196,
    "eps": 0.22,
    "epsdiluted": 0.21,
    "weightedAverageShsOut": 1957800200,
    "weightedAverageShsOutDil": 1968000000,
    "link": "https://www.sec.gov/Archives/edgar/data/753308/000075330820000113/0000753308-20-000113-index.htm",
    "finalLink": "https://www.sec.gov/Archives/edgar/data/37634/000075330820000113/nee10q1q2020.htm"
  },
  {
    "date": "2019-12-31",
    "symbol": "NEE",
    "reportedCurrency": "USD",
    "cik": "0000753308",
    "fillingDate": "2020-02-14",
    "acceptedDate": "2020-02-14 15:24:19",
    "calendarYear": "2019",
    "period": "Q4",
    "revenue": 4588000000,
    "costOfRevenue": 2119000000,
    "grossProfit": 2469000000,
    "grossProfitRatio": 0.5381429817,
    "researchAndDevelopmentExpenses": 0,
    "generalAndAdministrativeExpenses": 0,
    "sellingAndMarketingExpenses": 0,
    "sellingGeneralAndAdministrativeExpenses": 0,
    "otherExpenses": 1592000000,
    "operatingExpenses": 1592000000,
    "costAndExpenses": 3711000000,
    "interestIncome": 13000000,
    "interestExpense": 188000000,
    "depreciationAndAmortization": 1041000000,
    "ebitda": 2265000000,
    "ebitdaratio": 0.493679163,
    "operatingIncome": 877000000,
    "operatingIncomeRatio": 0.1911508282,
    "totalOtherIncomeExpensesNet": 159000000,
    "incomeBeforeTax": 1036000000,
    "incomeBeforeTaxRatio": 0.2258064516,
    "incomeTaxExpense": 192000000,
    "netIncome": 975000000,
    "netIncomeRatio": 0.212510898,
    "eps": 0.5,
    "epsdiluted": 0.5,
    "weightedAverageShsOut": 1956000000,
    "weightedAverageShsOutDil": 1964000000,
    "link": "https://www.sec.gov/Archives/edgar/data/37634/000075330820000021/0000753308-20-000021-index.html",
    "finalLink": "https://www.sec.gov/Archives/edgar/data/37634/000075330820000021/nee-12312019x10k.htm"
  },
  {
    "date": "2019-09-30",
    "symbol": "NEE",
    "reportedCurrency": "USD",
    "cik": "0000753308",
    "fillingDate": "2019-10-23",
    "acceptedDate": "2019-10-23 15:02:01",
    "calendarYear": "2019",
    "period": "Q3",
    "revenue": 5572000000,
    "costOfRevenue": 2129000000,
    "grossProfit": 3443000000,
    "grossProfitRatio": 0.6179109835,
    "researchAndDevelopmentExpenses": 0,
    "generalAndAdministrativeExpenses": 0,
    "sellingAndMarketingExpenses": 0,
    "sellingGeneralAndAdministrativeExpenses": 0,
    "otherExpenses": 1850000000,
    "operatingExpenses": 1850000000,
    "costAndExpenses": 3979000000,
    "interestIncome": 16000000,
    "interestExpense": 746000000,
    "depreciationAndAmortization": 1313000000,
    "ebitda": 2915000000,
    "ebitdaratio": 0.5231514716,
    "operatingIncome": 1593000000,
    "operatingIncomeRatio": 0.2858937545,
    "totalOtherIncomeExpensesNet": -737000000,
    "incomeBeforeTax": 856000000,
    "incomeBeforeTaxRatio": 0.1536252692,
    "incomeTaxExpense": 58000000,
    "netIncome": 879000000,
    "netIncomeRatio": 0.157753051,
    "eps": 0.45,
    "epsdiluted": 0.45,
    "weightedAverageShsOut": 1942541436,
    "weightedAverageShsOutDil": 1955103612,
    "link": "https://www.sec.gov/Archives/edgar/data/753308/000075330819000207/0000753308-19-000207-index.htm",
    "finalLink": "https://www.sec.gov/Archives/edgar/data/37634/000075330819000207/nee10q3q2019.htm"
  },
  {
    "date": "2019-06-30",
    "symbol": "NEE",
    "reportedCurrency": "USD",
    "cik": "0000753308",
    "fillingDate": "2019-07-24",
    "acceptedDate": "2019-07-24 17:11:43",
    "calendarYear": "2019",
    "period": "Q2",
    "revenue": 4970000000,
    "costOfRevenue": 1974000000,
    "grossProfit": 2996000000,
    "grossProfitRatio": 0.6028169014,
    "researchAndDevelopmentExpenses": 0,
    "generalAndAdministrativeExpenses": 0,
    "sellingAndMarketingExpenses": 0,
    "sellingGeneralAndAdministrativeExpenses": 0,
    "otherExpenses": 1249000000,
    "operatingExpenses": 1249000000,
    "costAndExpenses": 3223000000,
    "interestIncome": 13000000,
    "interestExpense": 601000000,
    "depreciationAndAmortization": 1262000000,
    "ebitda": 3126000000,
    "ebitdaratio": 0.6289738431,
    "operatingIncome": 1747000000,
    "operatingIncomeRatio": 0.3515090543,
    "totalOtherIncomeExpensesNet": -484000000,
    "incomeBeforeTax": 1263000000,
    "incomeBeforeTaxRatio": 0.2541247485,
    "incomeTaxExpense": 124000000,
    "netIncome": 1234000000,
    "netIncomeRatio": 0.2482897384,
    "eps": 0.64,
    "epsdiluted": 0.64,
    "weightedAverageShsOut": 1915600000,
    "weightedAverageShsOutDil": 1931200000,
    "link": "https://www.sec.gov/Archives/edgar/data/753308/000075330819000165/0000753308-19-000165-index.htm",
    "finalLink": "https://www.sec.gov/Archives/edgar/data/37634/000075330819000165/nee10q2q2019.htm"
  },
  {
    "date": "2019-03-31",
    "symbol": "NEE",
    "reportedCurrency": "USD",
    "cik": "0000753308",
    "fillingDate": "2019-04-23",
    "acceptedDate": "2019-04-23 17:18:57",
    "calendarYear": "2019",
    "period": "Q1",
    "revenue": 4075000000,
    "costOfRevenue": 1782000000,
    "grossProfit": 2293000000,
    "grossProfitRatio": 0.5626993865,
    "researchAndDevelopmentExpenses": 0,
    "generalAndAdministrativeExpenses": 0,
    "sellingAndMarketingExpenses": 0,
    "sellingGeneralAndAdministrativeExpenses": 0,
    "otherExpenses": 1158000000,
    "operatingExpenses": 1158000000,
    "costAndExpenses": 2940000000,
    "interestIncome": 12000000,
    "interestExpense": 714000000,
    "depreciationAndAmortization": 862000000,
    "ebitda": 2256000000,
    "ebitdaratio": 0.5536196319,
    "operatingIncome": 1135000000,
    "operatingIncomeRatio": 0.2785276074,
    "totalOtherIncomeExpensesNet": -455000000,
    "incomeBeforeTax": 680000000,
    "incomeBeforeTaxRatio": 0.1668711656,
    "incomeTaxExpense": 74000000,
    "netIncome": 680000000,
    "netIncomeRatio": 0.1668711656,
    "eps": 0.36,
    "epsdiluted": 0.35,
    "weightedAverageShsOut": 1913200000,
    "weightedAverageShsOutDil": 1927200000,
    "link": "https://www.sec.gov/Archives/edgar/data/753308/000075330819000118/0000753308-19-000118-index.htm",
    "finalLink": "https://www.sec.gov/Archives/edgar/data/37634/000075330819000118/nee10q1q2019.htm"
  },
  {
    "date": "2018-12-31",
    "symbol": "NEE",
    "reportedCurrency": "USD",
    "cik": "0000753308",
    "fillingDate": "2019-02-15",
    "acceptedDate": "2019-02-15 17:22:00",
    "calendarYear": "2018",
    "period": "Q4",
    "revenue": 4376000000,
    "costOfRevenue": 1806000000,
    "grossProfit": 2570000000,
    "grossProfitRatio": 0.5872943327,
    "researchAndDevelopmentExpenses": 0,
    "generalAndAdministrativeExpenses": 0,
    "sellingAndMarketingExpenses": 0,
    "sellingGeneralAndAdministrativeExpenses": 0,
    "otherExpenses": 1469000000,
    "operatingExpenses": 1469000000,
    "costAndExpenses": 3275000000,
    "interestIncome": 12000000,
    "interestExpense": 711000000,
    "depreciationAndAmortization": 1152000000,
    "ebitda": 2135000000,
    "ebitdaratio": 0.4878884826,
    "operatingIncome": 1101000000,
    "operatingIncomeRatio": 0.2515996344,
    "totalOtherIncomeExpensesNet": -829000000,
    "incomeBeforeTax": 272000000,
    "incomeBeforeTaxRatio": 0.0621572212,
    "incomeTaxExpense": -29000000,
    "netIncome": 422000000,
    "netIncomeRatio": 0.0964351005,
    "eps": 0.22,
    "epsdiluted": 0.22,
    "weightedAverageShsOut": 1912000000,
    "weightedAverageShsOutDil": 1924000000,
    "link": "https://www.sec.gov/Archives/edgar/data/753308/000075330819000039/0000753308-19-000039-index.htm",
    "finalLink": "https://www.sec.gov/Archives/edgar/data/37634/000075330819000039/nee-12312018x10k.htm"
  },
  {
    "date": "2018-09-30",
    "symbol": "NEE",
    "reportedCurrency": "USD",
    "cik": "0000753308",
    "fillingDate": "2018-10-23",
    "acceptedDate": "2018-10-23 16:23:56",
    "calendarYear": "2018",
    "period": "Q3",
    "revenue": 4416000000,
    "costOfRevenue": 1913000000,
    "grossProfit": 2503000000,
    "grossProfitRatio": 0.5668025362,
    "researchAndDevelopmentExpenses": 0,
    "generalAndAdministrativeExpenses": 0,
    "sellingAndMarketingExpenses": 0,
    "sellingGeneralAndAdministrativeExpenses": 0,
    "otherExpenses": 1535000000,
    "operatingExpenses": 1535000000,
    "costAndExpenses": 3448000000,
    "interestIncome": 11000000,
    "interestExpense": 168000000,
    "depreciationAndAmortization": 1183000000,
    "ebitda": 2417000000,
    "ebitdaratio": 0.5473278986,
    "operatingIncome": 968000000,
    "operatingIncomeRatio": 0.2192028986,
    "totalOtherIncomeExpensesNet": 98000000,
    "incomeBeforeTax": 1066000000,
    "incomeBeforeTaxRatio": 0.2413949275,
    "incomeTaxExpense": 125000000,
    "netIncome": 1005000000,
    "netIncomeRatio": 0.2275815217,
    "eps": 0.53,
    "epsdiluted": 0.53,
    "weightedAverageShsOut": 1892400000,
    "weightedAverageShsOutDil": 1909600000,
    "link": "https://www.sec.gov/Archives/edgar/data/753308/000075330818000159/0000753308-18-000159-index.htm",
    "finalLink": "https://www.sec.gov/Archives/edgar/data/37634/000075330818000159/nee10q3q2018singlesource.htm"
  },
  {
    "date": "2018-06-30",
    "symbol": "NEE",
    "reportedCurrency": "USD",
    "cik": "0000753308",
    "fillingDate": "2018-07-25",
    "acceptedDate": "2018-07-25 16:10:31",
    "calendarYear": "2018",
    "period": "Q2",
    "revenue": 4063000000,
    "costOfRevenue": 1742000000,
    "grossProfit": 2321000000,
    "grossProfitRatio": 0.5712527689,
    "researchAndDevelopmentExpenses": 0,
    "generalAndAdministrativeExpenses": 0,
    "sellingAndMarketingExpenses": 0,
    "sellingGeneralAndAdministrativeExpenses": 0,
    "otherExpenses": 1175000000,
    "operatingExpenses": 1175000000,
    "costAndExpenses": 2917000000,
    "interestIncome": 10000000,
    "interestExpense": 394000000,
    "depreciationAndAmortization": 894000000,
    "ebitda": 2201000000,
    "ebitdaratio": 0.5417179424,
    "operatingIncome": 1146000000,
    "operatingIncomeRatio": 0.2820575929,
    "totalOtherIncomeExpensesNet": -233000000,
    "incomeBeforeTax": 913000000,
    "incomeBeforeTaxRatio": 0.2247108048,
    "incomeTaxExpense": 226000000,
    "netIncome": 781000000,
    "netIncomeRatio": 0.1922224957,
    "eps": 0.42,
    "epsdiluted": 0.42,
    "weightedAverageShsOut": 1884400000,
    "weightedAverageShsOutDil": 1900800000,
    "link": "https://www.sec.gov/Archives/edgar/data/753308/000075330818000114/0000753308-18-000114-index.htm",
    "finalLink": "https://www.sec.gov/Archives/edgar/data/37634/000075330818000114/nee10q2q2018singlesource.htm"
  },
  {
    "date": "2018-03-31",
    "symbol": "NEE",
    "reportedCurrency": "USD",
    "cik": "0000753308",
    "fillingDate": "2018-04-24",
    "acceptedDate": "2018-04-24 16:49:33",
    "calendarYear": "2018",
    "period": "Q1",
    "revenue": 3857000000,
    "costOfRevenue": 1590000000,
    "grossProfit": 2267000000,
    "grossProfitRatio": 0.5877625097,
    "researchAndDevelopmentExpenses": 0,
    "generalAndAdministrativeExpenses": 0,
    "sellingAndMarketingExpenses": 0,
    "sellingGeneralAndAdministrativeExpenses": 0,
    "otherExpenses": 1208000000,
    "operatingExpenses": 1208000000,
    "costAndExpenses": 2798000000,
    "interestIncome": 18000000,
    "interestExpense": 226000000,
    "depreciationAndAmortization": 925000000,
    "ebitda": 6235000000,
    "ebitdaratio": 1.6165413534,
    "operatingIncome": 1059000000,
    "operatingIncomeRatio": 0.2745657247,
    "totalOtherIncomeExpensesNet": 4025000000,
    "incomeBeforeTax": 5084000000,
    "incomeBeforeTaxRatio": 1.3181228934,
    "incomeTaxExpense": 1250000000,
    "netIncome": 4431000000,
    "netIncomeRatio": 1.1488203267,
    "eps": 2.35,
    "epsdiluted": 2.34,
    "weightedAverageShsOut": 1885745904,
    "weightedAverageShsOutDil": 1896000000,
    "link": "https://www.sec.gov/Archives/edgar/data/753308/000075330818000081/0000753308-18-000081-index.htm",
    "finalLink": "https://www.sec.gov/Archives/edgar/data/37634/000075330818000081/nee10q1q2018.htm"
  },
  {
    "date": "2017-12-31",
    "symbol": "NEE",
    "reportedCurrency": "USD",
    "cik": "0000753308",
    "fillingDate": "2018-02-16",
    "acceptedDate": "2018-02-16 15:44:58",
    "calendarYear": "2017",
    "period": "Q4",
    "revenue": 4010000000,
    "costOfRevenue": 1905000000,
    "grossProfit": 2105000000,
    "grossProfitRatio": 0.5249376559,
    "researchAndDevelopmentExpenses": 0,
    "generalAndAdministrativeExpenses": 0,
    "sellingAndMarketingExpenses": 0,
    "sellingGeneralAndAdministrativeExpenses": 0,
    "otherExpenses": 1869000000,
    "operatingExpenses": 1869000000,
    "costAndExpenses": 3774000000,
    "interestIncome": 22000000,
    "interestExpense": 387000000,
    "depreciationAndAmortization": -157000000,
    "ebitda": 316000000,
    "ebitdaratio": 0.0788029925,
    "operatingIncome": 236000000,
    "operatingIncomeRatio": 0.0588528678,
    "totalOtherIncomeExpensesNet": -150000000,
    "incomeBeforeTax": 86000000,
    "incomeBeforeTaxRatio": 0.021446384,
    "incomeTaxExpense": -1982000000,
    "netIncome": 2155000000,
    "netIncomeRatio": 0.5374064838,
    "eps": 1.14,
    "epsdiluted": 1.14,
    "weightedAverageShsOut": 1884000000,
    "weightedAverageShsOutDil": 1896000000,
    "link": "https://www.sec.gov/Archives/edgar/data/753308/000075330818000013/0000753308-18-000013-index.htm",
    "finalLink": "https://www.sec.gov/Archives/edgar/data/37634/000075330818000013/nee-12312017x10k.htm"
  },
  {
    "date": "2017-09-30",
    "symbol": "NEE",
    "reportedCurrency": "USD",
    "cik": "0000753308",
    "fillingDate": "2017-10-26",
    "acceptedDate": "2017-10-26 16:43:16",
    "calendarYear": "2017",
    "period": "Q3",
    "revenue": 4808000000,
    "costOfRevenue": 1993000000,
    "grossProfit": 2815000000,
    "grossProfitRatio": 0.5854825291,
    "researchAndDevelopmentExpenses": 0,
    "generalAndAdministrativeExpenses": 0,
    "sellingAndMarketingExpenses": 0,
    "sellingGeneralAndAdministrativeExpenses": 0,
    "otherExpenses": 1464000000,
    "operatingExpenses": 1464000000,
    "costAndExpenses": 3457000000,
    "interestIncome": 20000000,
    "interestExpense": 381000000,
    "depreciationAndAmortization": 1138000000,
    "ebitda": 2739000000,
    "ebitdaratio": 0.5696755408,
    "operatingIncome": 1351000000,
    "operatingIncomeRatio": 0.2809900166,
    "totalOtherIncomeExpensesNet": -131000000,
    "incomeBeforeTax": 1220000000,
    "incomeBeforeTaxRatio": 0.2537437604,
    "incomeTaxExpense": 364000000,
    "netIncome": 847000000,
    "netIncomeRatio": 0.1761647255,
    "eps": 0.45,
    "epsdiluted": 0.45,
    "weightedAverageShsOut": 1877600000,
    "weightedAverageShsOutDil": 1894000000,
    "link": "https://www.sec.gov/Archives/edgar/data/753308/000075330817000142/0000753308-17-000142-index.htm",
    "finalLink": "https://www.sec.gov/Archives/edgar/data/753308/000075330817000142/neeq310q2017.htm"
  },
  {
    "date": "2017-06-30",
    "symbol": "NEE",
    "reportedCurrency": "USD",
    "cik": "0000753308",
    "fillingDate": "2017-07-26",
    "acceptedDate": "2017-07-26 17:25:32",
    "calendarYear": "2017",
    "period": "Q2",
    "revenue": 4404000000,
    "costOfRevenue": 1862000000,
    "grossProfit": 2542000000,
    "grossProfitRatio": 0.5772025431,
    "researchAndDevelopmentExpenses": 0,
    "generalAndAdministrativeExpenses": 0,
    "sellingAndMarketingExpenses": 0,
    "sellingGeneralAndAdministrativeExpenses": 0,
    "otherExpenses": 1266000000,
    "operatingExpenses": 1266000000,
    "costAndExpenses": 3128000000,
    "interestIncome": 19000000,
    "interestExpense": 430000000,
    "depreciationAndAmortization": 957000000,
    "ebitda": 2480000000,
    "ebitdaratio": 0.5631244323,
    "operatingIncome": 1276000000,
    "operatingIncomeRatio": 0.2897366031,
    "totalOtherIncomeExpensesNet": -183000000,
    "incomeBeforeTax": 1093000000,
    "incomeBeforeTaxRatio": 0.2481834696,
    "incomeTaxExpense": 289000000,
    "netIncome": 793000000,
    "netIncomeRatio": 0.1800635786,
    "eps": 0.42,
    "epsdiluted": 0.42,
    "weightedAverageShsOut": 1871600000,
    "weightedAverageShsOutDil": 1886800000,
    "link": "https://www.sec.gov/Archives/edgar/data/753308/000075330817000109/0000753308-17-000109-index.htm",
    "finalLink": "https://www.sec.gov/Archives/edgar/data/37634/000075330817000109/nee10q2q2017.htm"
  },
  {
    "date": "2017-03-31",
    "symbol": "NEE",
    "reportedCurrency": "USD",
    "cik": "0000753308",
    "fillingDate": "2017-04-21",
    "acceptedDate": "2017-04-21 15:53:41",
    "calendarYear": "2017",
    "period": "Q1",
    "revenue": 3972000000,
    "costOfRevenue": 1737000000,
    "grossProfit": 2235000000,
    "grossProfitRatio": 0.5626888218,
    "researchAndDevelopmentExpenses": 0,
    "generalAndAdministrativeExpenses": 0,
    "sellingAndMarketingExpenses": 0,
    "sellingGeneralAndAdministrativeExpenses": 0,
    "otherExpenses": -127000000,
    "operatingExpenses": -127000000,
    "costAndExpenses": 1610000000,
    "interestIncome": 19000000,
    "interestExpense": 360000000,
    "depreciationAndAmortization": 691000000,
    "ebitda": 3317000000,
    "ebitdaratio": 0.8350956697,
    "operatingIncome": 2362000000,
    "operatingIncomeRatio": 0.5946626385,
    "totalOtherIncomeExpensesNet": -96000000,
    "incomeBeforeTax": 2266000000,
    "incomeBeforeTaxRatio": 0.5704934542,
    "incomeTaxExpense": 675000000,
    "netIncome": 1583000000,
    "netIncomeRatio": 0.3985397784,
    "eps": 0.85,
    "epsdiluted": 0.84,
    "weightedAverageShsOut": 1870000000,
    "weightedAverageShsOutDil": 1880800000,
    "link": "https://www.sec.gov/Archives/edgar/data/753308/000075330817000081/0000753308-17-000081-index.htm",
    "finalLink": "https://www.sec.gov/Archives/edgar/data/37634/000075330817000081/nee10q1q2017.htm"
  },
  {
    "date": "2016-12-31",
    "symbol": "NEE",
    "reportedCurrency": "USD",
    "cik": "0000753308",
    "fillingDate": "2017-02-23",
    "acceptedDate": "2017-02-23 15:57:53",
    "calendarYear": "2016",
    "period": "Q4",
    "revenue": 3698000000,
    "costOfRevenue": 1852000000,
    "grossProfit": 1846000000,
    "grossProfitRatio": 0.4991887507,
    "researchAndDevelopmentExpenses": 0,
    "generalAndAdministrativeExpenses": 0,
    "sellingAndMarketingExpenses": 0,
    "sellingGeneralAndAdministrativeExpenses": 0,
    "otherExpenses": 920000000,
    "operatingExpenses": 920000000,
    "costAndExpenses": 2772000000,
    "interestIncome": 21000000,
    "interestExpense": 0,
    "depreciationAndAmortization": 840000000,
    "ebitda": 1974000000,
    "ebitdaratio": 0.5338020552,
    "operatingIncome": 926000000,
    "operatingIncomeRatio": 0.2504056247,
    "totalOtherIncomeExpensesNet": 595000000,
    "incomeBeforeTax": 1521000000,
    "incomeBeforeTaxRatio": 0.4113034072,
    "incomeTaxExpense": 504000000,
    "netIncome": 966000000,
    "netIncomeRatio": 0.2612222823,
    "eps": 0.52,
    "epsdiluted": 0.51,
    "weightedAverageShsOut": 1875728155,
    "weightedAverageShsOutDil": 1876000000,
    "link": "https://www.sec.gov/Archives/edgar/data/753308/000075330817000060/0000753308-17-000060-index.htm",
    "finalLink": "https://www.sec.gov/Archives/edgar/data/37634/000075330817000060/nee-12312016x10k.htm"
  },
  {
    "date": "2016-09-30",
    "symbol": "NEE",
    "reportedCurrency": "USD",
    "cik": "0000753308",
    "fillingDate": "2016-11-01",
    "acceptedDate": "2016-11-01 09:06:55",
    "calendarYear": "2016",
    "period": "Q3",
    "revenue": 4805000000,
    "costOfRevenue": 2050000000,
    "grossProfit": 2755000000,
    "grossProfitRatio": 0.5733610822,
    "researchAndDevelopmentExpenses": 0,
    "generalAndAdministrativeExpenses": 0,
    "sellingAndMarketingExpenses": 0,
    "sellingGeneralAndAdministrativeExpenses": 0,
    "otherExpenses": 1476000000,
    "operatingExpenses": 1476000000,
    "costAndExpenses": 3526000000,
    "interestIncome": 23000000,
    "interestExpense": 369000000,
    "depreciationAndAmortization": 1070000000,
    "ebitda": 2646000000,
    "ebitdaratio": 0.5506763788,
    "operatingIncome": 1279000000,
    "operatingIncomeRatio": 0.2661810614,
    "totalOtherIncomeExpensesNet": -72000000,
    "incomeBeforeTax": 1207000000,
    "incomeBeforeTaxRatio": 0.2511966701,
    "incomeTaxExpense": 418000000,
    "netIncome": 753000000,
    "netIncomeRatio": 0.1567117586,
    "eps": 0.41,
    "epsdiluted": 0.4,
    "weightedAverageShsOut": 1859259259,
    "weightedAverageShsOutDil": 1864000000,
    "link": "https://www.sec.gov/Archives/edgar/data/753308/000075330816000444/0000753308-16-000444-index.htm",
    "finalLink": "https://www.sec.gov/Archives/edgar/data/37634/000075330816000444/nee10q3q2016.htm"
  },
  {
    "date": "2016-06-30",
    "symbol": "NEE",
    "reportedCurrency": "USD",
    "cik": "0000753308",
    "fillingDate": "2016-07-28",
    "acceptedDate": "2016-07-28 16:19:58",
    "calendarYear": "2016",
    "period": "Q2",
    "revenue": 3817000000,
    "costOfRevenue": 1803000000,
    "grossProfit": 2014000000,
    "grossProfitRatio": 0.5276395075,
    "researchAndDevelopmentExpenses": 0,
    "generalAndAdministrativeExpenses": 0,
    "sellingAndMarketingExpenses": 0,
    "sellingGeneralAndAdministrativeExpenses": 0,
    "otherExpenses": 845000000,
    "operatingExpenses": 845000000,
    "costAndExpenses": 2648000000,
    "interestIncome": 20000000,
    "interestExpense": 602000000,
    "depreciationAndAmortization": 816000000,
    "ebitda": 2181000000,
    "ebitdaratio": 0.5713911449,
    "operatingIncome": 1169000000,
    "operatingIncomeRatio": 0.3062614619,
    "totalOtherIncomeExpensesNet": -406000000,
    "incomeBeforeTax": 763000000,
    "incomeBeforeTaxRatio": 0.1998952057,
    "incomeTaxExpense": 219000000,
    "netIncome": 540000000,
    "netIncomeRatio": 0.1414723605,
    "eps": 0.29,
    "epsdiluted": 0.29,
    "weightedAverageShsOut": 1862068965,
    "weightedAverageShsOutDil": 1862068966,
    "link": "https://www.sec.gov/Archives/edgar/data/753308/000075330816000402/0000753308-16-000402-index.htm",
    "finalLink": "https://www.sec.gov/Archives/edgar/data/37634/000075330816000402/nee10q2q2016.htm"
  },
  {
    "date": "2016-03-31",
    "symbol": "NEE",
    "reportedCurrency": "USD",
    "cik": "0000753308",
    "fillingDate": "2016-04-29",
    "acceptedDate": "2016-04-29 13:02:47",
    "calendarYear": "2016",
    "period": "Q1",
    "revenue": 3835000000,
    "costOfRevenue": 1727000000,
    "grossProfit": 2108000000,
    "grossProfitRatio": 0.5496740548,
    "researchAndDevelopmentExpenses": 0,
    "generalAndAdministrativeExpenses": 0,
    "sellingAndMarketingExpenses": 0,
    "sellingGeneralAndAdministrativeExpenses": 0,
    "otherExpenses": 874000000,
    "operatingExpenses": 874000000,
    "costAndExpenses": 2601000000,
    "interestIncome": 18000000,
    "interestExpense": 509000000,
    "depreciationAndAmortization": 651000000,
    "ebitda": 2056000000,
    "ebitdaratio": 0.5361147327,
    "operatingIncome": 1234000000,
    "operatingIncomeRatio": 0.3217731421,
    "totalOtherIncomeExpensesNet": -338000000,
    "incomeBeforeTax": 896000000,
    "incomeBeforeTaxRatio": 0.2336375489,
    "incomeTaxExpense": 242000000,
    "netIncome": 636000000,
    "netIncomeRatio": 0.1658409387,
    "eps": 0.34,
    "epsdiluted": 0.34,
    "weightedAverageShsOut": 1845783804,
    "weightedAverageShsOutDil": 1852000000,
    "link": "https://www.sec.gov/Archives/edgar/data/753308/000075330816000372/0000753308-16-000372-index.htm",
    "finalLink": "https://www.sec.gov/Archives/edgar/data/37634/000075330816000372/nee10q1q2016.htm"
  },
  {
    "date": "2015-12-31",
    "symbol": "NEE",
    "reportedCurrency": "USD",
    "cik": "0000753308",
    "fillingDate": "2016-02-22",
    "acceptedDate": "2016-02-19 17:37:18",
    "calendarYear": "2015",
    "period": "Q4",
    "revenue": 4069000000,
    "costOfRevenue": 2092000000,
    "grossProfit": 1977000000,
    "grossProfitRatio": 0.4858687638,
    "researchAndDevelopmentExpenses": 0,
    "generalAndAdministrativeExpenses": 0,
    "sellingAndMarketingExpenses": 0,
    "sellingGeneralAndAdministrativeExpenses": 0,
    "otherExpenses": 1102000000,
    "operatingExpenses": 1102000000,
    "costAndExpenses": 3194000000,
    "interestIncome": 21000000,
    "interestExpense": 299000000,
    "depreciationAndAmortization": 841000000,
    "ebitda": 1897000000,
    "ebitdaratio": 0.4662079135,
    "operatingIncome": 875000000,
    "operatingIncomeRatio": 0.2150405505,
    "totalOtherIncomeExpensesNet": -118000000,
    "incomeBeforeTax": 757000000,
    "incomeBeforeTaxRatio": 0.1860407963,
    "incomeTaxExpense": 247000000,
    "netIncome": 507000000,
    "netIncomeRatio": 0.124600639,
    "eps": 0.27,
    "epsdiluted": 0.27,
    "weightedAverageShsOut": 1844000000,
    "weightedAverageShsOutDil": 1848000000,
    "link": "https://www.sec.gov/Archives/edgar/data/753308/000075330816000337/0000753308-16-000337-index.htm",
    "finalLink": "https://www.sec.gov/Archives/edgar/data/37634/000075330816000337/nee-12312015x10k.htm"
  },
  {
    "date": "2015-09-30",
    "symbol": "NEE",
    "reportedCurrency": "USD",
    "cik": "0000753308",
    "fillingDate": "2015-10-30",
    "acceptedDate": "2015-10-30 13:36:48",
    "calendarYear": "2015",
    "period": "Q3",
    "revenue": 4954000000,
    "costOfRevenue": 2291000000,
    "grossProfit": 2663000000,
    "grossProfitRatio": 0.5375454178,
    "researchAndDevelopmentExpenses": 0,
    "generalAndAdministrativeExpenses": 0,
    "sellingAndMarketingExpenses": 0,
    "sellingGeneralAndAdministrativeExpenses": 0,
    "otherExpenses": 1182000000,
    "operatingExpenses": 1182000000,
    "costAndExpenses": 3473000000,
    "interestIncome": 22000000,
    "interestExpense": 311000000,
    "depreciationAndAmortization": 900000000,
    "ebitda": 2513000000,
    "ebitdaratio": 0.5072668551,
    "operatingIncome": 1481000000,
    "operatingIncomeRatio": 0.2989503432,
    "totalOtherIncomeExpensesNet": -179000000,
    "incomeBeforeTax": 1302000000,
    "incomeBeforeTaxRatio": 0.2628179249,
    "incomeTaxExpense": 421000000,
    "netIncome": 879000000,
    "netIncomeRatio": 0.1774323779,
    "eps": 0.48,
    "epsdiluted": 0.48,
    "weightedAverageShsOut": 1821761658,
    "weightedAverageShsOutDil": 1824000000,
    "link": "https://www.sec.gov/Archives/edgar/data/753308/000075330815000249/0000753308-15-000249-index.htm",
    "finalLink": "https://www.sec.gov/Archives/edgar/data/37634/000075330815000249/nee10q3q2015.htm"
  },
  {
    "date": "2015-06-30",
    "symbol": "NEE",
    "reportedCurrency": "USD",
    "cik": "0000753308",
    "fillingDate": "2015-08-03",
    "acceptedDate": "2015-08-03 13:48:33",
    "calendarYear": "2015",
    "period": "Q2",
    "revenue": 4358000000,
    "costOfRevenue": 2116000000,
    "grossProfit": 2242000000,
    "grossProfitRatio": 0.5144561726,
    "researchAndDevelopmentExpenses": 0,
    "generalAndAdministrativeExpenses": 0,
    "sellingAndMarketingExpenses": 0,
    "sellingGeneralAndAdministrativeExpenses": 0,
    "otherExpenses": 1096000000,
    "operatingExpenses": 1096000000,
    "costAndExpenses": 3212000000,
    "interestIncome": 22000000,
    "interestExpense": 280000000,
    "depreciationAndAmortization": 825000000,
    "ebitda": 2099000000,
    "ebitdaratio": 0.4816429555,
    "operatingIncome": 1146000000,
    "operatingIncomeRatio": 0.2629646627,
    "totalOtherIncomeExpensesNet": -152000000,
    "incomeBeforeTax": 994000000,
    "incomeBeforeTaxRatio": 0.2280862781,
    "incomeTaxExpense": 274000000,
    "netIncome": 716000000,
    "netIncomeRatio": 0.1642955484,
    "eps": 0.4,
    "epsdiluted": 0.4,
    "weightedAverageShsOut": 1782000000,
    "weightedAverageShsOutDil": 1796800000,
    "link": "https://www.sec.gov/Archives/edgar/data/753308/000075330815000206/0000753308-15-000206-index.htm",
    "finalLink": "https://www.sec.gov/Archives/edgar/data/37634/000075330815000206/nee10q2q2015.htm"
  },
  {
    "date": "2015-03-31",
    "symbol": "NEE",
    "reportedCurrency": "USD",
    "cik": "0000753308",
    "fillingDate": "2015-05-01",
    "acceptedDate": "2015-05-01 14:06:01",
    "calendarYear": "2015",
    "period": "Q1",
    "revenue": 4104000000,
    "costOfRevenue": 2098000000,
    "grossProfit": 2006000000,
    "grossProfitRatio": 0.488791423,
    "researchAndDevelopmentExpenses": 0,
    "generalAndAdministrativeExpenses": 0,
    "sellingAndMarketingExpenses": 0,
    "sellingGeneralAndAdministrativeExpenses": 0,
    "otherExpenses": 877000000,
    "operatingExpenses": 877000000,
    "costAndExpenses": 2975000000,
    "interestIncome": 21000000,
    "interestExpense": 321000000,
    "depreciationAndAmortization": 637000000,
    "ebitda": 1894000000,
    "ebitdaratio": 0.4615009747,
    "operatingIncome": 1129000000,
    "operatingIncomeRatio": 0.2750974659,
    "totalOtherIncomeExpensesNet": -193000000,
    "incomeBeforeTax": 936000000,
    "incomeBeforeTaxRatio": 0.2280701754,
    "incomeTaxExpense": 286000000,
    "netIncome": 650000000,
    "netIncomeRatio": 0.1583820663,
    "eps": 0.36,
    "epsdiluted": 0.36,
    "weightedAverageShsOut": 1793103448,
    "weightedAverageShsOutDil": 1796000000,
    "link": "https://www.sec.gov/Archives/edgar/data/753308/000075330815000166/0000753308-15-000166-index.htm",
    "finalLink": "https://www.sec.gov/Archives/edgar/data/37634/000075330815000166/nee10q1q2015.htm"
  },
  {
    "date": "2014-12-31",
    "symbol": "NEE",
    "reportedCurrency": "USD",
    "cik": "0000753308",
    "fillingDate": "2015-02-20",
    "acceptedDate": "2015-02-20 16:20:04",
    "calendarYear": "2014",
    "period": "Q4",
    "revenue": 4664000000,
    "costOfRevenue": 2118000000,
    "grossProfit": 2546000000,
    "grossProfitRatio": 0.5458833619,
    "researchAndDevelopmentExpenses": 0,
    "generalAndAdministrativeExpenses": 0,
    "sellingAndMarketingExpenses": 0,
    "sellingGeneralAndAdministrativeExpenses": 0,
    "otherExpenses": 1015000000,
    "operatingExpenses": 1015000000,
    "costAndExpenses": 3133000000,
    "interestIncome": 20000000,
    "interestExpense": 321000000,
    "depreciationAndAmortization": 778000000,
    "ebitda": 2436000000,
    "ebitdaratio": 0.5222984563,
    "operatingIncome": 1531000000,
    "operatingIncomeRatio": 0.3282590051,
    "totalOtherIncomeExpensesNet": -194000000,
    "incomeBeforeTax": 1337000000,
    "incomeBeforeTaxRatio": 0.2866638079,
    "incomeTaxExpense": 453000000,
    "netIncome": 884000000,
    "netIncomeRatio": 0.1895368782,
    "eps": 0.49,
    "epsdiluted": 0.49,
    "weightedAverageShsOut": 1742400000,
    "weightedAverageShsOutDil": 1793103448,
    "link": "https://www.sec.gov/Archives/edgar/data/753308/000075330815000079/0000753308-15-000079-index.htm",
    "finalLink": "https://www.sec.gov/Archives/edgar/data/37634/000075330815000079/nee-12312014x10k.htm"
  },
  {
    "date": "2014-09-30",
    "symbol": "NEE",
    "reportedCurrency": "USD",
    "cik": "0000753308",
    "fillingDate": "2014-11-07",
    "acceptedDate": "2014-11-07 16:31:57",
    "calendarYear": "2014",
    "period": "Q3",
    "revenue": 4654000000,
    "costOfRevenue": 2338000000,
    "grossProfit": 2316000000,
    "grossProfitRatio": 0.4976364418,
    "researchAndDevelopmentExpenses": 0,
    "generalAndAdministrativeExpenses": 0,
    "sellingAndMarketingExpenses": 0,
    "sellingGeneralAndAdministrativeExpenses": 0,
    "otherExpenses": 1153000000,
    "operatingExpenses": 1153000000,
    "costAndExpenses": 3491000000,
    "interestIncome": 18000000,
    "interestExpense": 316000000,
    "depreciationAndAmortization": 872000000,
    "ebitda": 2131000000,
    "ebitdaratio": 0.4578856897,
    "operatingIncome": 1163000000,
    "operatingIncomeRatio": 0.2498925655,
    "totalOtherIncomeExpensesNet": -220000000,
    "incomeBeforeTax": 943000000,
    "incomeBeforeTaxRatio": 0.2026214009,
    "incomeTaxExpense": 279000000,
    "netIncome": 660000000,
    "netIncomeRatio": 0.1418134938,
    "eps": 0.38,
    "epsdiluted": 0.38,
    "weightedAverageShsOut": 1745929224,
    "weightedAverageShsOutDil": 1760000000,
    "link": "https://www.sec.gov/Archives/edgar/data/753308/000075330814000112/0000753308-14-000112-index.htm",
    "finalLink": "https://www.sec.gov/Archives/edgar/data/37634/000075330814000112/nee10q3q2014.htm"
  },
  {
    "date": "2014-06-30",
    "symbol": "NEE",
    "reportedCurrency": "USD",
    "cik": "0000753308",
    "fillingDate": "2014-07-31",
    "acceptedDate": "2014-07-31 17:10:44",
    "calendarYear": "2014",
    "period": "Q2",
    "revenue": 4029000000,
    "costOfRevenue": 2141000000,
    "grossProfit": 1888000000,
    "grossProfitRatio": 0.4686026309,
    "researchAndDevelopmentExpenses": 0,
    "generalAndAdministrativeExpenses": 0,
    "sellingAndMarketingExpenses": 0,
    "sellingGeneralAndAdministrativeExpenses": 0,
    "otherExpenses": 937000000,
    "operatingExpenses": 937000000,
    "costAndExpenses": 3078000000,
    "interestIncome": 21000000,
    "interestExpense": 305000000,
    "depreciationAndAmortization": 695000000,
    "ebitda": 1784000000,
    "ebitdaratio": 0.4427897741,
    "operatingIncome": 951000000,
    "operatingIncomeRatio": 0.2360387193,
    "totalOtherIncomeExpensesNet": -167000000,
    "incomeBeforeTax": 784000000,
    "incomeBeforeTaxRatio": 0.1945892281,
    "incomeTaxExpense": 292000000,
    "netIncome": 492000000,
    "netIncomeRatio": 0.1221146687,
    "eps": 0.28,
    "epsdiluted": 0.28,
    "weightedAverageShsOut": 1745428348,
    "weightedAverageShsOutDil": 1760000000,
    "link": "https://www.sec.gov/Archives/edgar/data/753308/000075330814000075/0000753308-14-000075-index.htm",
    "finalLink": "https://www.sec.gov/Archives/edgar/data/37634/000075330814000075/nee10q2q2014.htm"
  },
  {
    "date": "2014-03-31",
    "symbol": "NEE",
    "reportedCurrency": "USD",
    "cik": "0000753308",
    "fillingDate": "2014-05-02",
    "acceptedDate": "2014-05-02 09:39:10",
    "calendarYear": "2014",
    "period": "Q1",
    "revenue": 3674000000,
    "costOfRevenue": 2153000000,
    "grossProfit": 1521000000,
    "grossProfitRatio": 0.4139902014,
    "researchAndDevelopmentExpenses": 0,
    "generalAndAdministrativeExpenses": 0,
    "sellingAndMarketingExpenses": 0,
    "sellingGeneralAndAdministrativeExpenses": 0,
    "otherExpenses": 783000000,
    "operatingExpenses": 783000000,
    "costAndExpenses": 2936000000,
    "interestIncome": 22000000,
    "interestExpense": 319000000,
    "depreciationAndAmortization": 551000000,
    "ebitda": 1453000000,
    "ebitdaratio": 0.3954817637,
    "operatingIncome": 738000000,
    "operatingIncomeRatio": 0.2008709853,
    "totalOtherIncomeExpensesNet": -155000000,
    "incomeBeforeTax": 583000000,
    "incomeBeforeTaxRatio": 0.1586826347,
    "incomeTaxExpense": 153000000,
    "netIncome": 430000000,
    "netIncomeRatio": 0.11703865,
    "eps": 0.25,
    "epsdiluted": 0.25,
    "weightedAverageShsOut": 1744474408,
    "weightedAverageShsOutDil": 1752000000,
    "link": "https://www.sec.gov/Archives/edgar/data/753308/000075330814000035/0000753308-14-000035-index.htm",
    "finalLink": "https://www.sec.gov/Archives/edgar/data/37634/000075330814000035/nee10q1q2014.htm"
  },
  {
    "date": "2013-12-31",
    "symbol": "NEE",
    "reportedCurrency": "USD",
    "cik": "0000753308",
    "fillingDate": "2014-02-24",
    "acceptedDate": "2014-02-24 11:06:46",
    "calendarYear": "2013",
    "period": "Q4",
    "revenue": 3630000000,
    "costOfRevenue": 2048000000,
    "grossProfit": 1582000000,
    "grossProfitRatio": 0.4358126722,
    "researchAndDevelopmentExpenses": 0,
    "generalAndAdministrativeExpenses": 0,
    "sellingAndMarketingExpenses": 0,
    "sellingGeneralAndAdministrativeExpenses": 0,
    "otherExpenses": 942000000,
    "operatingExpenses": 942000000,
    "costAndExpenses": 2990000000,
    "interestIncome": 20000000,
    "interestExpense": 296000000,
    "depreciationAndAmortization": 736000000,
    "ebitda": 1483000000,
    "ebitdaratio": 0.4085399449,
    "operatingIncome": 640000000,
    "operatingIncomeRatio": 0.1763085399,
    "totalOtherIncomeExpensesNet": -189000000,
    "incomeBeforeTax": 451000000,
    "incomeBeforeTaxRatio": 0.1242424242,
    "incomeTaxExpense": 124000000,
    "netIncome": 327000000,
    "netIncomeRatio": 0.0900826446,
    "eps": 0.19,
    "epsdiluted": 0.19,
    "weightedAverageShsOut": 1736000509,
    "weightedAverageShsOutDil": 1740000000,
    "link": "https://www.sec.gov/Archives/edgar/data/753308/000075330814000025/0000753308-14-000025-index.htm",
    "finalLink": "https://www.sec.gov/Archives/edgar/data/37634/000075330814000025/nee-12312013x10k.htm"
  },
  {
    "date": "2013-09-30",
    "symbol": "NEE",
    "reportedCurrency": "USD",
    "cik": "0000753308",
    "fillingDate": "2013-11-01",
    "acceptedDate": "2013-11-01 14:06:39",
    "calendarYear": "2013",
    "period": "Q3",
    "revenue": 4394000000,
    "costOfRevenue": 2256000000,
    "grossProfit": 2138000000,
    "grossProfitRatio": 0.486572599,
    "researchAndDevelopmentExpenses": 0,
    "generalAndAdministrativeExpenses": 0,
    "sellingAndMarketingExpenses": 0,
    "sellingGeneralAndAdministrativeExpenses": 0,
    "otherExpenses": 953000000,
    "operatingExpenses": 953000000,
    "costAndExpenses": 3209000000,
    "interestIncome": 20000000,
    "interestExpense": 288000000,
    "depreciationAndAmortization": 690000000,
    "ebitda": 1973000000,
    "ebitdaratio": 0.4490213928,
    "operatingIncome": 1185000000,
    "operatingIncomeRatio": 0.2696859354,
    "totalOtherIncomeExpensesNet": -190000000,
    "incomeBeforeTax": 995000000,
    "incomeBeforeTaxRatio": 0.2264451525,
    "incomeTaxExpense": 297000000,
    "netIncome": 698000000,
    "netIncomeRatio": 0.1588529813,
    "eps": 0.41,
    "epsdiluted": 0.41,
    "weightedAverageShsOut": 1695200000,
    "weightedAverageShsOutDil": 1707200000,
    "link": "https://www.sec.gov/Archives/edgar/data/753308/000075330813000091/0000753308-13-000091-index.htm",
    "finalLink": "https://www.sec.gov/Archives/edgar/data/37634/000075330813000091/nee10q3q2013.htm"
  },
  {
    "date": "2013-06-30",
    "symbol": "NEE",
    "reportedCurrency": "USD",
    "cik": "0000753308",
    "fillingDate": "2013-07-31",
    "acceptedDate": "2013-07-31 16:10:26",
    "calendarYear": "2013",
    "period": "Q2",
    "revenue": 3833000000,
    "costOfRevenue": 2026000000,
    "grossProfit": 1807000000,
    "grossProfitRatio": 0.4714322985,
    "researchAndDevelopmentExpenses": 0,
    "generalAndAdministrativeExpenses": 0,
    "sellingAndMarketingExpenses": 0,
    "sellingGeneralAndAdministrativeExpenses": 0,
    "otherExpenses": 826000000,
    "operatingExpenses": 826000000,
    "costAndExpenses": 2852000000,
    "interestIncome": 19000000,
    "interestExpense": 266000000,
    "depreciationAndAmortization": 595000000,
    "ebitda": 1682000000,
    "ebitdaratio": 0.438820767,
    "operatingIncome": 981000000,
    "operatingIncomeRatio": 0.2559352987,
    "totalOtherIncomeExpensesNet": -160000000,
    "incomeBeforeTax": 821000000,
    "incomeBeforeTaxRatio": 0.2141925385,
    "incomeTaxExpense": 211000000,
    "netIncome": 610000000,
    "netIncomeRatio": 0.1591442734,
    "eps": 0.36,
    "epsdiluted": 0.36,
    "weightedAverageShsOut": 1698649316,
    "weightedAverageShsOutDil": 1700000000,
    "link": "https://www.sec.gov/Archives/edgar/data/753308/000075330813000064/0000753308-13-000064-index.htm",
    "finalLink": "https://www.sec.gov/Archives/edgar/data/37634/000075330813000064/nee10q2q2013.htm"
  },
  {
    "date": "2013-03-31",
    "symbol": "NEE",
    "reportedCurrency": "USD",
    "cik": "0000753308",
    "fillingDate": "2013-05-02",
    "acceptedDate": "2013-05-02 14:53:54",
    "calendarYear": "2013",
    "period": "Q1",
    "revenue": 3279000000,
    "costOfRevenue": 1821000000,
    "grossProfit": 1458000000,
    "grossProfitRatio": 0.4446477585,
    "researchAndDevelopmentExpenses": 0,
    "generalAndAdministrativeExpenses": 0,
    "sellingAndMarketingExpenses": 0,
    "sellingGeneralAndAdministrativeExpenses": 0,
    "otherExpenses": 1024000000,
    "operatingExpenses": 1024000000,
    "costAndExpenses": 2845000000,
    "interestIncome": 19000000,
    "interestExpense": 272000000,
    "depreciationAndAmortization": 500000000,
    "ebitda": 957000000,
    "ebitdaratio": 0.2918572736,
    "operatingIncome": 434000000,
    "operatingIncomeRatio": 0.132357426,
    "totalOtherIncomeExpensesNet": -249000000,
    "incomeBeforeTax": 185000000,
    "incomeBeforeTaxRatio": 0.0564196401,
    "incomeTaxExpense": 144000000,
    "netIncome": 272000000,
    "netIncomeRatio": 0.0829521195,
    "eps": 0.16,
    "epsdiluted": 0.16,
    "weightedAverageShsOut": 1684054875,
    "weightedAverageShsOutDil": 1698552320,
    "link": "https://www.sec.gov/Archives/edgar/data/753308/000075330813000033/0000753308-13-000033-index.htm",
    "finalLink": "https://www.sec.gov/Archives/edgar/data/37634/000075330813000033/nee10q1q2013.htm"
  },
  {
    "date": "2012-12-31",
    "symbol": "NEE",
    "reportedCurrency": "USD",
    "cik": "0000753308",
    "fillingDate": "2013-02-28",
    "acceptedDate": "2013-02-28 16:40:05",
    "calendarYear": "2012",
    "period": "Q4",
    "revenue": 3375000000,
    "costOfRevenue": 4333000000,
    "grossProfit": -958000000,
    "grossProfitRatio": -0.2838518519,
    "researchAndDevelopmentExpenses": 0,
    "generalAndAdministrativeExpenses": 0,
    "sellingAndMarketingExpenses": 0,
    "sellingGeneralAndAdministrativeExpenses": 0,
    "otherExpenses": -1619000000,
    "operatingExpenses": -1619000000,
    "costAndExpenses": 2714000000,
    "interestIncome": 24000000,
    "interestExpense": 243000000,
    "depreciationAndAmortization": 457000000,
    "ebitda": 1268000000,
    "ebitdaratio": 0.3757037037,
    "operatingIncome": 661000000,
    "operatingIncomeRatio": 0.1958518519,
    "totalOtherIncomeExpensesNet": -93000000,
    "incomeBeforeTax": 568000000,
    "incomeBeforeTaxRatio": 0.1682962963,
    "incomeTaxExpense": 139000000,
    "netIncome": 429000000,
    "netIncomeRatio": 0.1271111111,
    "eps": 0.25,
    "epsdiluted": 0.25,
    "weightedAverageShsOut": 1696000000,
    "weightedAverageShsOutDil": 1696000000,
    "link": "https://www.sec.gov/Archives/edgar/data/753308/000075330813000023/0000753308-13-000023-index.htm",
    "finalLink": "https://www.sec.gov/Archives/edgar/data/37634/000075330813000023/nee-12312012x10k.htm"
  },
  {
    "date": "2012-09-30",
    "symbol": "NEE",
    "reportedCurrency": "USD",
    "cik": "0000753308",
    "fillingDate": "2012-10-26",
    "acceptedDate": "2012-10-25 20:49:44",
    "calendarYear": "2012",
    "period": "Q3",
    "revenue": 3843000000,
    "costOfRevenue": 2302000000,
    "grossProfit": 1541000000,
    "grossProfitRatio": 0.4009888108,
    "researchAndDevelopmentExpenses": 0,
    "generalAndAdministrativeExpenses": 0,
    "sellingAndMarketingExpenses": 0,
    "sellingGeneralAndAdministrativeExpenses": 0,
    "otherExpenses": 799000000,
    "operatingExpenses": 799000000,
    "costAndExpenses": 3101000000,
    "interestIncome": 20000000,
    "interestExpense": 259000000,
    "depreciationAndAmortization": 521000000,
    "ebitda": 1349000000,
    "ebitdaratio": 0.3510278428,
    "operatingIncome": 742000000,
    "operatingIncomeRatio": 0.1930783242,
    "totalOtherIncomeExpensesNet": -173000000,
    "incomeBeforeTax": 569000000,
    "incomeBeforeTaxRatio": 0.1480614104,
    "incomeTaxExpense": 154000000,
    "netIncome": 415000000,
    "netIncomeRatio": 0.1079885506,
    "eps": 0.25,
    "epsdiluted": 0.25,
    "weightedAverageShsOut": 1692824308,
    "weightedAverageShsOutDil": 1692824308,
    "link": "https://www.sec.gov/Archives/edgar/data/753308/000075330812000118/0000753308-12-000118-index.htm",
    "finalLink": "https://www.sec.gov/Archives/edgar/data/37634/000075330812000118/nee10q3q2012.htm"
  },
  {
    "date": "2012-06-30",
    "symbol": "NEE",
    "reportedCurrency": "USD",
    "cik": "0000753308",
    "fillingDate": "2012-07-27",
    "acceptedDate": "2012-07-27 17:20:09",
    "calendarYear": "2012",
    "period": "Q2",
    "revenue": 3667000000,
    "costOfRevenue": 2031000000,
    "grossProfit": 1636000000,
    "grossProfitRatio": 0.4461412599,
    "researchAndDevelopmentExpenses": 0,
    "generalAndAdministrativeExpenses": 0,
    "sellingAndMarketingExpenses": 0,
    "sellingGeneralAndAdministrativeExpenses": 0,
    "otherExpenses": 636000000,
    "operatingExpenses": 636000000,
    "costAndExpenses": 2667000000,
    "interestIncome": 22000000,
    "interestExpense": 270000000,
    "depreciationAndAmortization": 408000000,
    "ebitda": 1528000000,
    "ebitdaratio": 0.4166893919,
    "operatingIncome": 1000000000,
    "operatingIncomeRatio": 0.2727024816,
    "totalOtherIncomeExpensesNet": -150000000,
    "incomeBeforeTax": 850000000,
    "incomeBeforeTaxRatio": 0.2317971094,
    "incomeTaxExpense": 243000000,
    "netIncome": 607000000,
    "netIncomeRatio": 0.1655304063,
    "eps": 0.36,
    "epsdiluted": 0.36,
    "weightedAverageShsOut": 1691031392,
    "weightedAverageShsOutDil": 1691031392,
    "link": "https://www.sec.gov/Archives/edgar/data/753308/000075330812000088/0000753308-12-000088-index.htm",
    "finalLink": "https://www.sec.gov/Archives/edgar/data/37634/000075330812000088/nee10q2q2012.htm"
  },
  {
    "date": "2012-03-31",
    "symbol": "NEE",
    "reportedCurrency": "USD",
    "cik": "0000753308",
    "fillingDate": "2012-04-27",
    "acceptedDate": "2012-04-27 16:36:57",
    "calendarYear": "2012",
    "period": "Q1",
    "revenue": 3371000000,
    "costOfRevenue": 1957000000,
    "grossProfit": 1414000000,
    "grossProfitRatio": 0.4194601009,
    "researchAndDevelopmentExpenses": 0,
    "generalAndAdministrativeExpenses": 0,
    "sellingAndMarketingExpenses": 0,
    "sellingGeneralAndAdministrativeExpenses": 0,
    "otherExpenses": 611000000,
    "operatingExpenses": 611000000,
    "costAndExpenses": 2568000000,
    "interestIncome": 20000000,
    "interestExpense": 265000000,
    "depreciationAndAmortization": 396000000,
    "ebitda": 1279000000,
    "ebitdaratio": 0.3794126372,
    "operatingIncome": 803000000,
    "operatingIncomeRatio": 0.2382082468,
    "totalOtherIncomeExpensesNet": -185000000,
    "incomeBeforeTax": 618000000,
    "incomeBeforeTaxRatio": 0.1833283892,
    "incomeTaxExpense": 157000000,
    "netIncome": 461000000,
    "netIncomeRatio": 0.1367546722,
    "eps": 0.28,
    "epsdiluted": 0.28,
    "weightedAverageShsOut": 1660000000,
    "weightedAverageShsOutDil": 1660000000,
    "link": "https://www.sec.gov/Archives/edgar/data/753308/000075330812000048/0000753308-12-000048-index.htm",
    "finalLink": "https://www.sec.gov/Archives/edgar/data/37634/000075330812000048/nee10q1q2012.htm"
  },
  {
    "date": "2011-12-31",
    "symbol": "NEE",
    "reportedCurrency": "USD",
    "cik": "0000753308",
    "fillingDate": "2012-02-28",
    "acceptedDate": "2012-02-28 15:26:15",
    "calendarYear": "2011",
    "period": "Q4",
    "revenue": 3865000000,
    "costOfRevenue": 1384000000,
    "grossProfit": 2481000000,
    "grossProfitRatio": 0.6419146184,
    "researchAndDevelopmentExpenses": 0,
    "generalAndAdministrativeExpenses": 0,
    "sellingAndMarketingExpenses": 0,
    "sellingGeneralAndAdministrativeExpenses": 0,
    "otherExpenses": 1349000000,
    "operatingExpenses": 1349000000,
    "costAndExpenses": 2733000000,
    "interestIncome": 21000000,
    "interestExpense": 260000000,
    "depreciationAndAmortization": 398000000,
    "ebitda": 1581000000,
    "ebitdaratio": 0.4090556274,
    "operatingIncome": 1132000000,
    "operatingIncomeRatio": 0.2928848642,
    "totalOtherIncomeExpensesNet": -209000000,
    "incomeBeforeTax": 923000000,
    "incomeBeforeTaxRatio": 0.2388098318,
    "incomeTaxExpense": 256000000,
    "netIncome": 667000000,
    "netIncomeRatio": 0.1725743855,
    "eps": 0.4,
    "epsdiluted": 0.4,
    "weightedAverageShsOut": 1676000000,
    "weightedAverageShsOutDil": 1676000000,
    "link": "https://www.sec.gov/Archives/edgar/data/753308/000075330812000025/0000753308-12-000025-index.htm",
    "finalLink": "https://www.sec.gov/Archives/edgar/data/37634/000075330812000025/nee-12312011x10k.htm"
  },
  {
    "date": "2011-09-30",
    "symbol": "NEE",
    "reportedCurrency": "USD",
    "cik": "0000753308",
    "fillingDate": "2011-11-04",
    "acceptedDate": "2011-11-04 15:19:43",
    "calendarYear": "2011",
    "period": "Q3",
    "revenue": 4382000000,
    "costOfRevenue": 1911000000,
    "grossProfit": 2471000000,
    "grossProfitRatio": 0.5638977636,
    "researchAndDevelopmentExpenses": 0,
    "generalAndAdministrativeExpenses": 0,
    "sellingAndMarketingExpenses": 0,
    "sellingGeneralAndAdministrativeExpenses": 0,
    "otherExpenses": 1560000000,
    "operatingExpenses": 1560000000,
    "costAndExpenses": 3471000000,
    "interestIncome": 21000000,
    "interestExpense": 265000000,
    "depreciationAndAmortization": 575000000,
    "ebitda": 1405000000,
    "ebitdaratio": 0.3206298494,
    "operatingIncome": 911000000,
    "operatingIncomeRatio": 0.2078959379,
    "totalOtherIncomeExpensesNet": -346000000,
    "incomeBeforeTax": 565000000,
    "incomeBeforeTaxRatio": 0.1289365586,
    "incomeTaxExpense": 158000000,
    "netIncome": 407000000,
    "netIncomeRatio": 0.0928799635,
    "eps": 0.24,
    "epsdiluted": 0.24,
    "weightedAverageShsOut": 1669600000,
    "weightedAverageShsOutDil": 1679200000,
    "link": "https://www.sec.gov/Archives/edgar/data/753308/000075330811000078/0000753308-11-000078-index.htm",
    "finalLink": "https://www.sec.gov/Archives/edgar/data/37634/000075330811000078/nee10q3q2011.htm"
  },
  {
    "date": "2011-06-30",
    "symbol": "NEE",
    "reportedCurrency": "USD",
    "cik": "0000753308",
    "fillingDate": "2011-08-02",
    "acceptedDate": "2011-08-02 15:30:50",
    "calendarYear": "2011",
    "period": "Q2",
    "revenue": 3961000000,
    "costOfRevenue": 1557000000,
    "grossProfit": 2404000000,
    "grossProfitRatio": 0.6069174451,
    "researchAndDevelopmentExpenses": 0,
    "generalAndAdministrativeExpenses": 0,
    "sellingAndMarketingExpenses": 0,
    "sellingGeneralAndAdministrativeExpenses": 0,
    "otherExpenses": 1497000000,
    "operatingExpenses": 1497000000,
    "costAndExpenses": 3054000000,
    "interestIncome": 16000000,
    "interestExpense": 256000000,
    "depreciationAndAmortization": 469000000,
    "ebitda": 1452000000,
    "ebitdaratio": 0.3665740975,
    "operatingIncome": 907000000,
    "operatingIncomeRatio": 0.2289825802,
    "totalOtherIncomeExpensesNet": -180000000,
    "incomeBeforeTax": 727000000,
    "incomeBeforeTaxRatio": 0.1835395102,
    "incomeTaxExpense": 147000000,
    "netIncome": 580000000,
    "netIncomeRatio": 0.1464276698,
    "eps": 0.34,
    "epsdiluted": 0.34,
    "weightedAverageShsOut": 1689360516,
    "weightedAverageShsOutDil": 1689360516,
    "link": "https://www.sec.gov/Archives/edgar/data/753308/000075330811000057/0000753308-11-000057-index.htm",
    "finalLink": "https://www.sec.gov/Archives/edgar/data/37634/000075330811000057/form10q063011.htm"
  },
  {
    "date": "2011-03-31",
    "symbol": "NEE",
    "reportedCurrency": "USD",
    "cik": "0000753308",
    "fillingDate": "2011-05-04",
    "acceptedDate": "2011-05-04 15:55:54",
    "calendarYear": "2011",
    "period": "Q1",
    "revenue": 3134000000,
    "costOfRevenue": 1404000000,
    "grossProfit": 1730000000,
    "grossProfitRatio": 0.5520102106,
    "researchAndDevelopmentExpenses": 0,
    "generalAndAdministrativeExpenses": 0,
    "sellingAndMarketingExpenses": 0,
    "sellingGeneralAndAdministrativeExpenses": 0,
    "otherExpenses": 1302000000,
    "operatingExpenses": 1302000000,
    "costAndExpenses": 2706000000,
    "interestIncome": 21000000,
    "interestExpense": 254000000,
    "depreciationAndAmortization": 402000000,
    "ebitda": 892000000,
    "ebitdaratio": 0.2846202936,
    "operatingIncome": 428000000,
    "operatingIncomeRatio": 0.1365666879,
    "totalOtherIncomeExpensesNet": -192000000,
    "incomeBeforeTax": 236000000,
    "incomeBeforeTaxRatio": 0.075303127,
    "incomeTaxExpense": -32000000,
    "netIncome": 268000000,
    "netIncomeRatio": 0.0855137205,
    "eps": 0.16,
    "epsdiluted": 0.16,
    "weightedAverageShsOut": 1672000000,
    "weightedAverageShsOutDil": 1672000000,
    "link": "https://www.sec.gov/Archives/edgar/data/753308/000075330811000034/0000753308-11-000034-index.htm",
    "finalLink": "https://www.sec.gov/Archives/edgar/data/37634/000075330811000034/form10q033111.htm"
  },
  {
    "date": "2010-12-31",
    "symbol": "NEE",
    "reportedCurrency": "USD",
    "cik": "0000753308",
    "fillingDate": "2011-02-28",
    "acceptedDate": "2011-02-28 10:42:56",
    "calendarYear": "2010",
    "period": "Q4",
    "revenue": 3413000000,
    "costOfRevenue": 1447000000,
    "grossProfit": 1966000000,
    "grossProfitRatio": 0.5760328157,
    "researchAndDevelopmentExpenses": 0,
    "generalAndAdministrativeExpenses": 0,
    "sellingAndMarketingExpenses": 0,
    "sellingGeneralAndAdministrativeExpenses": 0,
    "otherExpenses": 1496000000,
    "operatingExpenses": 1496000000,
    "costAndExpenses": 2943000000,
    "interestIncome": 22000000,
    "interestExpense": 247000000,
    "depreciationAndAmortization": 548000000,
    "ebitda": 1058000000,
    "ebitdaratio": 0.3099912101,
    "operatingIncome": 470000000,
    "operatingIncomeRatio": 0.1377087606,
    "totalOtherIncomeExpensesNet": -207000000,
    "incomeBeforeTax": 263000000,
    "incomeBeforeTaxRatio": 0.0770583065,
    "incomeTaxExpense": 0,
    "netIncome": 263000000,
    "netIncomeRatio": 0.0770583065,
    "eps": 0.16,
    "epsdiluted": 0.16,
    "weightedAverageShsOut": 1655600000,
    "weightedAverageShsOutDil": 1672000000,
    "link": "https://www.sec.gov/Archives/edgar/data/753308/000075330811000025/0000753308-11-000025-index.htm",
    "finalLink": "https://www.sec.gov/Archives/edgar/data/37634/000075330811000025/form10k123110.htm"
  },
  {
    "date": "2010-09-30",
    "symbol": "NEE",
    "reportedCurrency": "USD",
    "cik": "0000753308",
    "fillingDate": "2010-11-03",
    "acceptedDate": "2010-11-03 15:21:12",
    "calendarYear": "2010",
    "period": "Q3",
    "revenue": 4691000000,
    "costOfRevenue": 1991000000,
    "grossProfit": 2700000000,
    "grossProfitRatio": 0.5755702409,
    "researchAndDevelopmentExpenses": 0,
    "generalAndAdministrativeExpenses": 0,
    "sellingAndMarketingExpenses": 0,
    "sellingGeneralAndAdministrativeExpenses": 0,
    "otherExpenses": 1575000000,
    "operatingExpenses": 1575000000,
    "costAndExpenses": 3566000000,
    "interestIncome": 22000000,
    "interestExpense": 247000000,
    "depreciationAndAmortization": 604000000,
    "ebitda": 1811000000,
    "ebitdaratio": 0.3860584097,
    "operatingIncome": 1125000000,
    "operatingIncomeRatio": 0.2398209337,
    "totalOtherIncomeExpensesNet": -165000000,
    "incomeBeforeTax": 960000000,
    "incomeBeforeTaxRatio": 0.2046471968,
    "incomeTaxExpense": 240000000,
    "netIncome": 720000000,
    "netIncomeRatio": 0.1534853976,
    "eps": 0.44,
    "epsdiluted": 0.44,
    "weightedAverageShsOut": 1643600000,
    "weightedAverageShsOutDil": 1654800000,
    "link": "https://www.sec.gov/Archives/edgar/data/753308/000075330810000116/0000753308-10-000116-index.htm",
    "finalLink": "https://www.sec.gov/Archives/edgar/data/37634/000075330810000116/form10q093010.htm"
  },
  {
    "date": "2010-06-30",
    "symbol": "NEE",
    "reportedCurrency": "USD",
    "cik": "0000753308",
    "fillingDate": "2010-08-06",
    "acceptedDate": "2010-08-06 12:43:24",
    "calendarYear": "2010",
    "period": "Q2",
    "revenue": 3591000000,
    "costOfRevenue": 1455000000,
    "grossProfit": 2136000000,
    "grossProfitRatio": 0.5948203843,
    "researchAndDevelopmentExpenses": 0,
    "generalAndAdministrativeExpenses": 0,
    "sellingAndMarketingExpenses": 0,
    "sellingGeneralAndAdministrativeExpenses": 0,
    "otherExpenses": 1427000000,
    "operatingExpenses": 1427000000,
    "costAndExpenses": 2882000000,
    "interestIncome": 28000000,
    "interestExpense": 247000000,
    "depreciationAndAmortization": 454000000,
    "ebitda": 1195000000,
    "ebitdaratio": 0.3327763854,
    "operatingIncome": 709000000,
    "operatingIncomeRatio": 0.1974380395,
    "totalOtherIncomeExpensesNet": -215000000,
    "incomeBeforeTax": 494000000,
    "incomeBeforeTaxRatio": 0.1375661376,
    "incomeTaxExpense": 77000000,
    "netIncome": 417000000,
    "netIncomeRatio": 0.1161236424,
    "eps": 0.25,
    "epsdiluted": 0.25,
    "weightedAverageShsOut": 1635600000,
    "weightedAverageShsOutDil": 1645600000,
    "link": "https://www.sec.gov/Archives/edgar/data/753308/000075330810000096/0000753308-10-000096-index.htm",
    "finalLink": "https://www.sec.gov/Archives/edgar/data/37634/000075330810000096/form10q06302010.htm"
  },
  {
    "date": "2010-03-31",
    "symbol": "NEE",
    "reportedCurrency": "USD",
    "cik": "0000753308",
    "fillingDate": "2010-05-03",
    "acceptedDate": "2010-04-30 21:46:37",
    "calendarYear": "2010",
    "period": "Q1",
    "revenue": 3622000000,
    "costOfRevenue": 1349000000,
    "grossProfit": 2273000000,
    "grossProfitRatio": 0.6275538377,
    "researchAndDevelopmentExpenses": 0,
    "generalAndAdministrativeExpenses": 0,
    "sellingAndMarketingExpenses": 0,
    "sellingGeneralAndAdministrativeExpenses": 0,
    "otherExpenses": 1334000000,
    "operatingExpenses": 1334000000,
    "costAndExpenses": 2683000000,
    "interestIncome": 18000000,
    "interestExpense": 238000000,
    "depreciationAndAmortization": 486000000,
    "ebitda": 1494000000,
    "ebitdaratio": 0.4124792932,
    "operatingIncome": 939000000,
    "operatingIncomeRatio": 0.2592490337,
    "totalOtherIncomeExpensesNet": -169000000,
    "incomeBeforeTax": 770000000,
    "incomeBeforeTaxRatio": 0.2125897294,
    "incomeTaxExpense": 214000000,
    "netIncome": 556000000,
    "netIncomeRatio": 0.1535063501,
    "eps": 0.34,
    "epsdiluted": 0.34,
    "weightedAverageShsOut": 1658690152,
    "weightedAverageShsOutDil": 1658690152,
    "link": "https://www.sec.gov/Archives/edgar/data/753308/000075330810000051/0000753308-10-000051-index.htm",
    "finalLink": "https://www.sec.gov/Archives/edgar/data/37634/000075330810000051/form10q03312010.htm"
  },
  {
    "date": "2009-12-31",
    "symbol": "NEE",
    "reportedCurrency": "USD",
    "cik": "0000753308",
    "fillingDate": "2010-02-26",
    "acceptedDate": "2010-02-26 14:59:17",
    "calendarYear": "2009",
    "period": "Q4",
    "revenue": 3655000000,
    "costOfRevenue": 1632000000,
    "grossProfit": 2023000000,
    "grossProfitRatio": 0.5534883721,
    "researchAndDevelopmentExpenses": 0,
    "generalAndAdministrativeExpenses": 0,
    "sellingAndMarketingExpenses": 0,
    "sellingGeneralAndAdministrativeExpenses": 0,
    "otherExpenses": 1466000000,
    "operatingExpenses": 1466000000,
    "costAndExpenses": 3098000000,
    "interestIncome": 20000000,
    "interestExpense": 218000000,
    "depreciationAndAmortization": 541000000,
    "ebitda": 1162000000,
    "ebitdaratio": 0.3179206566,
    "operatingIncome": 557000000,
    "operatingIncomeRatio": 0.1523939808,
    "totalOtherIncomeExpensesNet": -154000000,
    "incomeBeforeTax": 403000000,
    "incomeBeforeTaxRatio": 0.1102599179,
    "incomeTaxExpense": 55000000,
    "netIncome": 348000000,
    "netIncomeRatio": 0.0952120383,
    "eps": 0.21,
    "epsdiluted": 0.21,
    "weightedAverageShsOut": 1626000000,
    "weightedAverageShsOutDil": 1658694152,
    "link": "https://www.sec.gov/Archives/edgar/data/753308/000075330810000025/0000753308-10-000025-index.htm",
    "finalLink": "https://www.sec.gov/Archives/edgar/data/37634/000075330810000025/form10k123109.htm"
  },
  {
    "date": "2009-09-30",
    "symbol": "NEE",
    "reportedCurrency": "USD",
    "cik": "0000753308",
    "fillingDate": "2009-10-30",
    "acceptedDate": "2009-10-30 16:11:20",
    "calendarYear": "2009",
    "period": "Q3",
    "revenue": 4473000000,
    "costOfRevenue": 2164000000,
    "grossProfit": 2309000000,
    "grossProfitRatio": 0.5162083613,
    "researchAndDevelopmentExpenses": 0,
    "generalAndAdministrativeExpenses": 0,
    "sellingAndMarketingExpenses": 0,
    "sellingGeneralAndAdministrativeExpenses": 0,
    "otherExpenses": 1460000000,
    "operatingExpenses": 1460000000,
    "costAndExpenses": 3624000000,
    "interestIncome": 15000000,
    "interestExpense": 204000000,
    "depreciationAndAmortization": 500000000,
    "ebitda": 1419000000,
    "ebitdaratio": 0.3172367539,
    "operatingIncome": 849000000,
    "operatingIncomeRatio": 0.1898054997,
    "totalOtherIncomeExpensesNet": -134000000,
    "incomeBeforeTax": 715000000,
    "incomeBeforeTaxRatio": 0.1598479767,
    "incomeTaxExpense": 182000000,
    "netIncome": 533000000,
    "netIncomeRatio": 0.1191594008,
    "eps": 0.33,
    "epsdiluted": 0.33,
    "weightedAverageShsOut": 1632000000,
    "weightedAverageShsOutDil": 1632000000,
    "link": "https://www.sec.gov/Archives/edgar/data/753308/000075330809000122/0000753308-09-000122-index.htm",
    "finalLink": "https://www.sec.gov/Archives/edgar/data/37634/000075330809000122/form10q093009.htm"
  },
  {
    "date": "2009-06-30",
    "symbol": "NEE",
    "reportedCurrency": "USD",
    "cik": "0000753308",
    "fillingDate": "2009-07-31",
    "acceptedDate": "2009-07-31 14:35:43",
    "calendarYear": "2009",
    "period": "Q2",
    "revenue": 3811000000,
    "costOfRevenue": 1797000000,
    "grossProfit": 2014000000,
    "grossProfitRatio": 0.5284702178,
    "researchAndDevelopmentExpenses": 0,
    "generalAndAdministrativeExpenses": 0,
    "sellingAndMarketingExpenses": 0,
    "sellingGeneralAndAdministrativeExpenses": 0,
    "otherExpenses": 1409000000,
    "operatingExpenses": 1409000000,
    "costAndExpenses": 3206000000,
    "interestIncome": 17000000,
    "interestExpense": 215000000,
    "depreciationAndAmortization": 494000000,
    "ebitda": 1150000000,
    "ebitdaratio": 0.3017580687,
    "operatingIncome": 605000000,
    "operatingIncomeRatio": 0.158750984,
    "totalOtherIncomeExpensesNet": -164000000,
    "incomeBeforeTax": 441000000,
    "incomeBeforeTaxRatio": 0.1157176594,
    "incomeTaxExpense": 71000000,
    "netIncome": 370000000,
    "netIncomeRatio": 0.0970873786,
    "eps": 0.23,
    "epsdiluted": 0.23,
    "weightedAverageShsOut": 1624000000,
    "weightedAverageShsOutDil": 1624000000,
    "link": "https://www.sec.gov/Archives/edgar/data/753308/000075330809000086/0000753308-09-000086-index.htm",
    "finalLink": "https://www.sec.gov/Archives/edgar/data/37634/000075330809000086/form10q2q2009.htm"
  },
  {
    "date": "2009-03-31",
    "symbol": "NEE",
    "reportedCurrency": "USD",
    "cik": "0000753308",
    "fillingDate": "2009-05-06",
    "acceptedDate": "2009-05-05 19:03:50",
    "calendarYear": "2009",
    "period": "Q1",
    "revenue": 3705000000,
    "costOfRevenue": 1811000000,
    "grossProfit": 1894000000,
    "grossProfitRatio": 0.5112010796,
    "researchAndDevelopmentExpenses": 0,
    "generalAndAdministrativeExpenses": 0,
    "sellingAndMarketingExpenses": 0,
    "sellingGeneralAndAdministrativeExpenses": 0,
    "otherExpenses": 1311000000,
    "operatingExpenses": 1311000000,
    "costAndExpenses": 3122000000,
    "interestIncome": 27000000,
    "interestExpense": 211000000,
    "depreciationAndAmortization": 469000000,
    "ebitda": 1063000000,
    "ebitdaratio": 0.2869095816,
    "operatingIncome": 583000000,
    "operatingIncomeRatio": 0.1573549258,
    "totalOtherIncomeExpensesNet": -200000000,
    "incomeBeforeTax": 383000000,
    "incomeBeforeTaxRatio": 0.1033738192,
    "incomeTaxExpense": 19000000,
    "netIncome": 364000000,
    "netIncomeRatio": 0.098245614,
    "eps": 0.23,
    "epsdiluted": 0.22,
    "weightedAverageShsOut": 1609200000,
    "weightedAverageShsOutDil": 1619200000,
    "link": "https://www.sec.gov/Archives/edgar/data/753308/000075330809000043/0000753308-09-000043-index.htm",
    "finalLink": "https://www.sec.gov/Archives/edgar/data/37634/000075330809000043/form10q1q2009.htm"
  },
  {
    "date": "2008-12-31",
    "symbol": "NEE",
    "reportedCurrency": "USD",
    "cik": "0000753308",
    "fillingDate": "2009-02-27",
    "acceptedDate": "2009-02-26 19:15:04",
    "calendarYear": "2008",
    "period": "Q4",
    "revenue": 4003000000,
    "costOfRevenue": 1994000000,
    "grossProfit": 2009000000,
    "grossProfitRatio": 0.5018735948,
    "researchAndDevelopmentExpenses": 0,
    "generalAndAdministrativeExpenses": 0,
    "sellingAndMarketingExpenses": 0,
    "sellingGeneralAndAdministrativeExpenses": 0,
    "otherExpenses": 1303000000,
    "operatingExpenses": 1303000000,
    "costAndExpenses": 3297000000,
    "interestIncome": 0,
    "interestExpense": 0,
    "depreciationAndAmortization": 618000000,
    "ebitda": 1324000000,
    "ebitdaratio": 0.330751936,
    "operatingIncome": 706000000,
    "operatingIncomeRatio": 0.1763677242,
    "totalOtherIncomeExpensesNet": -191000000,
    "incomeBeforeTax": 515000000,
    "incomeBeforeTaxRatio": 0.1286535099,
    "incomeTaxExpense": 108000000,
    "netIncome": 407000000,
    "netIncomeRatio": 0.1016737447,
    "eps": 0.25,
    "epsdiluted": 0.25,
    "weightedAverageShsOut": 1604000000,
    "weightedAverageShsOutDil": 1609200000,
    "link": "https://www.sec.gov/Archives/edgar/data/753308/000075330809000025/0000753308-09-000025-index.htm",
    "finalLink": "https://www.sec.gov/Archives/edgar/data/37634/000075330809000025/form10k123108.htm"
  },
  {
    "date": "2008-09-30",
    "symbol": "NEE",
    "reportedCurrency": "USD",
    "cik": "0000753308",
    "fillingDate": "2008-10-31",
    "acceptedDate": "2008-10-31 11:24:12",
    "calendarYear": "2008",
    "period": "Q3",
    "revenue": 5387000000,
    "costOfRevenue": 2728000000,
    "grossProfit": 2659000000,
    "grossProfitRatio": 0.4935956933,
    "researchAndDevelopmentExpenses": 0,
    "generalAndAdministrativeExpenses": 0,
    "sellingAndMarketingExpenses": 0,
    "sellingGeneralAndAdministrativeExpenses": 0,
    "otherExpenses": 1323000000,
    "operatingExpenses": 1323000000,
    "costAndExpenses": 4051000000,
    "interestIncome": 0,
    "interestExpense": 0,
    "depreciationAndAmortization": 232000000,
    "ebitda": 1684000000,
    "ebitdaratio": 0.312604418,
    "operatingIncome": 1336000000,
    "operatingIncomeRatio": 0.2480044552,
    "totalOtherIncomeExpensesNet": -201000000,
    "incomeBeforeTax": 1135000000,
    "incomeBeforeTaxRatio": 0.2106924076,
    "incomeTaxExpense": 361000000,
    "netIncome": 774000000,
    "netIncomeRatio": 0.1436792278,
    "eps": 0.48,
    "epsdiluted": 0.48,
    "weightedAverageShsOut": 1601600000,
    "weightedAverageShsOutDil": 1612000000,
    "link": "https://www.sec.gov/Archives/edgar/data/753308/000075330808000030/0000753308-08-000030-index.htm",
    "finalLink": "https://www.sec.gov/Archives/edgar/data/37634/000075330808000030/form10q3q2008.htm"
  },
  {
    "date": "2008-06-30",
    "symbol": "NEE",
    "reportedCurrency": "USD",
    "cik": "0000753308",
    "fillingDate": "2008-08-01",
    "acceptedDate": "2008-08-01 13:38:23",
    "calendarYear": "2008",
    "period": "Q2",
    "revenue": 3585000000,
    "costOfRevenue": 1964000000,
    "grossProfit": 1621000000,
    "grossProfitRatio": 0.4521617852,
    "researchAndDevelopmentExpenses": 0,
    "generalAndAdministrativeExpenses": 0,
    "sellingAndMarketingExpenses": 0,
    "sellingGeneralAndAdministrativeExpenses": 0,
    "otherExpenses": 1308000000,
    "operatingExpenses": 1308000000,
    "costAndExpenses": 3272000000,
    "interestIncome": 0,
    "interestExpense": 0,
    "depreciationAndAmortization": 402000000,
    "ebitda": 715000000,
    "ebitdaratio": 0.1994421199,
    "operatingIncome": 313000000,
    "operatingIncomeRatio": 0.0873082287,
    "totalOtherIncomeExpensesNet": -153000000,
    "incomeBeforeTax": 160000000,
    "incomeBeforeTaxRatio": 0.0446304045,
    "incomeTaxExpense": -49000000,
    "netIncome": 209000000,
    "netIncomeRatio": 0.0582984658,
    "eps": 0.13,
    "epsdiluted": 0.13,
    "weightedAverageShsOut": 1599200000,
    "weightedAverageShsOutDil": 1610400000,
    "link": "https://www.sec.gov/Archives/edgar/data/753308/000075330808000018/0000753308-08-000018-index.htm",
    "finalLink": "https://www.sec.gov/Archives/edgar/data/37634/000075330808000018/form10q2q2008.htm"
  },
  {
    "date": "2008-03-31",
    "symbol": "NEE",
    "reportedCurrency": "USD",
    "cik": "0000753308",
    "fillingDate": "2008-05-02",
    "acceptedDate": "2008-05-02 10:05:05",
    "calendarYear": "2008",
    "period": "Q1",
    "revenue": 3434000000,
    "costOfRevenue": 1726000000,
    "grossProfit": 1708000000,
    "grossProfitRatio": 0.4973791497,
    "researchAndDevelopmentExpenses": 0,
    "generalAndAdministrativeExpenses": 0,
    "sellingAndMarketingExpenses": 0,
    "sellingGeneralAndAdministrativeExpenses": 0,
    "otherExpenses": 1265000000,
    "operatingExpenses": 1265000000,
    "costAndExpenses": 2991000000,
    "interestIncome": 0,
    "interestExpense": 0,
    "depreciationAndAmortization": 391000000,
    "ebitda": 834000000,
    "ebitdaratio": 0.242865463,
    "operatingIncome": 443000000,
    "operatingIncomeRatio": 0.1290040769,
    "totalOtherIncomeExpensesNet": -164000000,
    "incomeBeforeTax": 279000000,
    "incomeBeforeTaxRatio": 0.0812463599,
    "incomeTaxExpense": 30000000,
    "netIncome": 249000000,
    "netIncomeRatio": 0.0725101922,
    "eps": 0.16,
    "epsdiluted": 0.15,
    "weightedAverageShsOut": 1596400000,
    "weightedAverageShsOutDil": 1608000000,
    "link": "https://www.sec.gov/Archives/edgar/data/753308/000075330808000010/0000753308-08-000010-index.htm",
    "finalLink": "https://www.sec.gov/Archives/edgar/data/37634/000075330808000010/form10q1q2008.htm"
  },
  {
    "date": "2007-12-31",
    "symbol": "NEE",
    "reportedCurrency": "USD",
    "cik": "0000753308",
    "fillingDate": "2008-02-28",
    "acceptedDate": "2008-02-28 15:34:56",
    "calendarYear": "2007",
    "period": "Q4",
    "revenue": 3684000000,
    "costOfRevenue": 1971000000,
    "grossProfit": 1713000000,
    "grossProfitRatio": 0.4649837134,
    "researchAndDevelopmentExpenses": 0,
    "generalAndAdministrativeExpenses": 0,
    "sellingAndMarketingExpenses": 0,
    "sellingGeneralAndAdministrativeExpenses": 0,
    "otherExpenses": 1292000000,
    "operatingExpenses": 1292000000,
    "costAndExpenses": 3263000000,
    "interestIncome": 0,
    "interestExpense": 0,
    "depreciationAndAmortization": 402000000,
    "ebitda": 823000000,
    "ebitdaratio": 0.2233984799,
    "operatingIncome": 421000000,
    "operatingIncomeRatio": 0.1142779587,
    "totalOtherIncomeExpensesNet": -189000000,
    "incomeBeforeTax": 232000000,
    "incomeBeforeTaxRatio": 0.0629750271,
    "incomeTaxExpense": 8000000,
    "netIncome": 224000000,
    "netIncomeRatio": 0.0608034745,
    "eps": 0.14,
    "epsdiluted": 0.14,
    "weightedAverageShsOut": 1593200000,
    "weightedAverageShsOutDil": 1596400000,
    "link": "https://www.sec.gov/Archives/edgar/data/753308/000075330808000003/0000753308-08-000003-index.htm",
    "finalLink": "https://www.sec.gov/Archives/edgar/data/37634/000075330808000003/form10k2007.htm"
  },
  {
    "date": "2007-09-30",
    "symbol": "NEE",
    "reportedCurrency": "USD",
    "cik": "0000753308",
    "fillingDate": "2007-11-02",
    "acceptedDate": "2007-11-02 12:38:55",
    "calendarYear": "2007",
    "period": "Q3",
    "revenue": 4575000000,
    "costOfRevenue": 2443000000,
    "grossProfit": 2132000000,
    "grossProfitRatio": 0.466010929,
    "researchAndDevelopmentExpenses": 0,
    "generalAndAdministrativeExpenses": 0,
    "sellingAndMarketingExpenses": 0,
    "sellingGeneralAndAdministrativeExpenses": 0,
    "otherExpenses": 1232000000,
    "operatingExpenses": 1232000000,
    "costAndExpenses": 3675000000,
    "interestIncome": 0,
    "interestExpense": 0,
    "depreciationAndAmortization": 365000000,
    "ebitda": 1265000000,
    "ebitdaratio": 0.2765027322,
    "operatingIncome": 900000000,
    "operatingIncomeRatio": 0.1967213115,
    "totalOtherIncomeExpensesNet": -140000000,
    "incomeBeforeTax": 760000000,
    "incomeBeforeTaxRatio": 0.1661202186,
    "incomeTaxExpense": 227000000,
    "netIncome": 533000000,
    "netIncomeRatio": 0.1165027322,
    "eps": 0.33,
    "epsdiluted": 0.33,
    "weightedAverageShsOut": 1592400000,
    "weightedAverageShsOutDil": 1603600000,
    "link": "https://www.sec.gov/Archives/edgar/data/753308/000075330807000068/0000753308-07-000068-index.htm",
    "finalLink": "https://www.sec.gov/Archives/edgar/data/37634/000075330807000068/form10q3q2007.htm"
  },
  {
    "date": "2007-06-30",
    "symbol": "NEE",
    "reportedCurrency": "USD",
    "cik": "0000753308",
    "fillingDate": "2007-08-02",
    "acceptedDate": "2007-08-02 17:26:35",
    "calendarYear": "2007",
    "period": "Q2",
    "revenue": 3929000000,
    "costOfRevenue": 2106000000,
    "grossProfit": 1823000000,
    "grossProfitRatio": 0.463985747,
    "researchAndDevelopmentExpenses": 0,
    "generalAndAdministrativeExpenses": 0,
    "sellingAndMarketingExpenses": 0,
    "sellingGeneralAndAdministrativeExpenses": 0,
    "otherExpenses": 1159000000,
    "operatingExpenses": 1159000000,
    "costAndExpenses": 3265000000,
    "interestIncome": 0,
    "interestExpense": 0,
    "depreciationAndAmortization": 361000000,
    "ebitda": 1025000000,
    "ebitdaratio": 0.2608806312,
    "operatingIncome": 664000000,
    "operatingIncomeRatio": 0.1689997455,
    "totalOtherIncomeExpensesNet": -132000000,
    "incomeBeforeTax": 532000000,
    "incomeBeforeTaxRatio": 0.1354034105,
    "incomeTaxExpense": 127000000,
    "netIncome": 405000000,
    "netIncomeRatio": 0.103079664,
    "eps": 0.25,
    "epsdiluted": 0.25,
    "weightedAverageShsOut": 1590400000,
    "weightedAverageShsOutDil": 1601600000,
    "link": "https://www.sec.gov/Archives/edgar/data/753308/000075330807000055/0000753308-07-000055-index.htm",
    "finalLink": "https://www.sec.gov/Archives/edgar/data/37634/000075330807000055/form10q2q2007.htm"
  },
  {
    "date": "2007-03-31",
    "symbol": "NEE",
    "reportedCurrency": "USD",
    "cik": "0000753308",
    "fillingDate": "2007-05-03",
    "acceptedDate": "2007-05-03 13:43:43",
    "calendarYear": "2007",
    "period": "Q1",
    "revenue": 3075000000,
    "costOfRevenue": 1672000000,
    "grossProfit": 1403000000,
    "grossProfitRatio": 0.4562601626,
    "researchAndDevelopmentExpenses": 0,
    "generalAndAdministrativeExpenses": 0,
    "sellingAndMarketingExpenses": 0,
    "sellingGeneralAndAdministrativeExpenses": 0,
    "otherExpenses": 1105000000,
    "operatingExpenses": 1105000000,
    "costAndExpenses": 2777000000,
    "interestIncome": 0,
    "interestExpense": 0,
    "depreciationAndAmortization": 351000000,
    "ebitda": 649000000,
    "ebitdaratio": 0.2110569106,
    "operatingIncome": 298000000,
    "operatingIncomeRatio": 0.0969105691,
    "totalOtherIncomeExpensesNet": -142000000,
    "incomeBeforeTax": 156000000,
    "incomeBeforeTaxRatio": 0.0507317073,
    "incomeTaxExpense": 6000000,
    "netIncome": 150000000,
    "netIncomeRatio": 0.0487804878,
    "eps": 0.0945,
    "epsdiluted": 0.0938,
    "weightedAverageShsOut": 1587200000,
    "weightedAverageShsOutDil": 1598800000,
    "link": "https://www.sec.gov/Archives/edgar/data/753308/000075330807000036/0000753308-07-000036-index.htm",
    "finalLink": "https://www.sec.gov/Archives/edgar/data/37634/000075330807000036/form10q1q2007.htm"
  },
  {
    "date": "2006-12-31",
    "symbol": "NEE",
    "reportedCurrency": "USD",
    "cik": "0000753308",
    "fillingDate": "2007-02-27",
    "acceptedDate": "2007-02-27 13:47:18",
    "calendarYear": "2006",
    "period": "Q4",
    "revenue": 3623000000,
    "costOfRevenue": 2060000000,
    "grossProfit": 1563000000,
    "grossProfitRatio": 0.4314104333,
    "researchAndDevelopmentExpenses": 0,
    "generalAndAdministrativeExpenses": 0,
    "sellingAndMarketingExpenses": 0,
    "sellingGeneralAndAdministrativeExpenses": 0,
    "otherExpenses": 1239000000,
    "operatingExpenses": 1239000000,
    "costAndExpenses": 3299000000,
    "interestIncome": 0,
    "interestExpense": 0,
    "depreciationAndAmortization": 361000000,
    "ebitda": 685000000,
    "ebitdaratio": 0.1890698316,
    "operatingIncome": 324000000,
    "operatingIncomeRatio": 0.0894286503,
    "totalOtherIncomeExpensesNet": -36000000,
    "incomeBeforeTax": 288000000,
    "incomeBeforeTaxRatio": 0.0794921336,
    "incomeTaxExpense": 17000000,
    "netIncome": 271000000,
    "netIncomeRatio": 0.0747998896,
    "eps": 0.17,
    "epsdiluted": 0.17,
    "weightedAverageShsOut": 1582400000,
    "weightedAverageShsOutDil": 1587200000,
    "link": "https://www.sec.gov/Archives/edgar/data/753308/000075330807000016/0000753308-07-000016-index.htm",
    "finalLink": "https://www.sec.gov/Archives/edgar/data/37634/000075330807000016/form10k2006.htm"
  },
  {
    "date": "2006-09-30",
    "symbol": "NEE",
    "reportedCurrency": "USD",
    "cik": "0000753308",
    "fillingDate": "2006-11-03",
    "acceptedDate": "2006-11-03 15:27:20",
    "calendarYear": "2006",
    "period": "Q3",
    "revenue": 4694000000,
    "costOfRevenue": 2656000000,
    "grossProfit": 2038000000,
    "grossProfitRatio": 0.4341712825,
    "researchAndDevelopmentExpenses": 0,
    "generalAndAdministrativeExpenses": 0,
    "sellingAndMarketingExpenses": 0,
    "sellingGeneralAndAdministrativeExpenses": 0,
    "otherExpenses": 1166000000,
    "operatingExpenses": 1166000000,
    "costAndExpenses": 3822000000,
    "interestIncome": 0,
    "interestExpense": 0,
    "depreciationAndAmortization": 500000000,
    "ebitda": 1372000000,
    "ebitdaratio": 0.2922880273,
    "operatingIncome": 872000000,
    "operatingIncomeRatio": 0.1857690669,
    "totalOtherIncomeExpensesNet": -114000000,
    "incomeBeforeTax": 758000000,
    "incomeBeforeTaxRatio": 0.1614827439,
    "incomeTaxExpense": 231000000,
    "netIncome": 524000000,
    "netIncomeRatio": 0.1116318705,
    "eps": 0.33,
    "epsdiluted": 0.33,
    "weightedAverageShsOut": 1579600000,
    "weightedAverageShsOutDil": 1590400000,
    "link": "https://www.sec.gov/Archives/edgar/data/753308/000075330806000110/0000753308-06-000110-index.htm",
    "finalLink": "https://www.sec.gov/Archives/edgar/data/37634/000075330806000110/form10q3q2006.htm"
  },
  {
    "date": "2006-06-30",
    "symbol": "NEE",
    "reportedCurrency": "USD",
    "cik": "0000753308",
    "fillingDate": "2006-08-04",
    "acceptedDate": "2006-08-04 16:42:16",
    "calendarYear": "2006",
    "period": "Q2",
    "revenue": 3809000000,
    "costOfRevenue": 2174000000,
    "grossProfit": 1635000000,
    "grossProfitRatio": 0.4292465214,
    "researchAndDevelopmentExpenses": 0,
    "generalAndAdministrativeExpenses": 0,
    "sellingAndMarketingExpenses": 0,
    "sellingGeneralAndAdministrativeExpenses": 0,
    "otherExpenses": 1200000000,
    "operatingExpenses": 1200000000,
    "costAndExpenses": 3374000000,
    "interestIncome": 0,
    "interestExpense": 0,
    "depreciationAndAmortization": 218000000,
    "ebitda": 766000000,
    "ebitdaratio": 0.2011026516,
    "operatingIncome": 435000000,
    "operatingIncomeRatio": 0.1142032029,
    "totalOtherIncomeExpensesNet": -124000000,
    "incomeBeforeTax": 311000000,
    "incomeBeforeTaxRatio": 0.0816487267,
    "incomeTaxExpense": 75000000,
    "netIncome": 238000000,
    "netIncomeRatio": 0.0624835915,
    "eps": 0.15,
    "epsdiluted": 0.15,
    "weightedAverageShsOut": 1577200000,
    "weightedAverageShsOutDil": 1586800000,
    "link": "https://www.sec.gov/Archives/edgar/data/753308/000075330806000087/0000753308-06-000087-index.htm",
    "finalLink": "https://www.sec.gov/Archives/edgar/data/37634/000075330806000087/form10q2q2006.htm"
  },
  {
    "date": "2006-03-31",
    "symbol": "NEE",
    "reportedCurrency": "USD",
    "cik": "0000753308",
    "fillingDate": "2006-05-05",
    "acceptedDate": "2006-05-05 15:11:07",
    "calendarYear": "2006",
    "period": "Q1",
    "revenue": 3584000000,
    "costOfRevenue": 2053000000,
    "grossProfit": 1531000000,
    "grossProfitRatio": 0.4271763393,
    "researchAndDevelopmentExpenses": 0,
    "generalAndAdministrativeExpenses": 0,
    "sellingAndMarketingExpenses": 0,
    "sellingGeneralAndAdministrativeExpenses": 0,
    "otherExpenses": 1058000000,
    "operatingExpenses": 1058000000,
    "costAndExpenses": 3111000000,
    "interestIncome": 0,
    "interestExpense": 0,
    "depreciationAndAmortization": 342000000,
    "ebitda": 815000000,
    "ebitdaratio": 0.2273995536,
    "operatingIncome": 473000000,
    "operatingIncomeRatio": 0.1319754464,
    "totalOtherIncomeExpensesNet": -145000000,
    "incomeBeforeTax": 328000000,
    "incomeBeforeTaxRatio": 0.0915178571,
    "incomeTaxExpense": 77000000,
    "netIncome": 248000000,
    "netIncomeRatio": 0.0691964286,
    "eps": 0.16,
    "epsdiluted": 0.16,
    "weightedAverageShsOut": 1556800000,
    "weightedAverageShsOutDil": 1571600000,
    "link": "https://www.sec.gov/Archives/edgar/data/753308/000075330806000053/0000753308-06-000053-index.htm",
    "finalLink": "https://www.sec.gov/Archives/edgar/data/37634/000075330806000053/form10q1q2006.htm"
  },
  {
    "date": "2005-12-31",
    "symbol": "NEE",
    "reportedCurrency": "USD",
    "cik": "0000753308",
    "fillingDate": "2006-02-23",
    "acceptedDate": "2006-02-23 16:04:29",
    "calendarYear": "2005",
    "period": "Q4",
    "revenue": 3164000000,
    "costOfRevenue": 1713000000,
    "grossProfit": 1451000000,
    "grossProfitRatio": 0.458596713,
    "researchAndDevelopmentExpenses": 0,
    "generalAndAdministrativeExpenses": 0,
    "sellingAndMarketingExpenses": 0,
    "sellingGeneralAndAdministrativeExpenses": 0,
    "otherExpenses": 1099000000,
    "operatingExpenses": 1099000000,
    "costAndExpenses": 2812000000,
    "interestIncome": 0,
    "interestExpense": 0,
    "depreciationAndAmortization": 381000000,
    "ebitda": 733000000,
    "ebitdaratio": 0.2316687737,
    "operatingIncome": 352000000,
    "operatingIncomeRatio": 0.1112515803,
    "totalOtherIncomeExpensesNet": -103000000,
    "incomeBeforeTax": 249000000,
    "incomeBeforeTaxRatio": 0.0786978508,
    "incomeTaxExpense": 43000000,
    "netIncome": 206000000,
    "netIncomeRatio": 0.0651074589,
    "eps": 0.13,
    "epsdiluted": 0.13,
    "weightedAverageShsOut": 1537200000,
    "weightedAverageShsOutDil": 1556800000,
    "link": "https://www.sec.gov/Archives/edgar/data/753308/000075330806000032/0000753308-06-000032-index.htm",
    "finalLink": "https://www.sec.gov/Archives/edgar/data/37634/000075330806000032/file10k2005.htm"
  },
  {
    "date": "2005-09-30",
    "symbol": "NEE",
    "reportedCurrency": "USD",
    "cik": "0000753308",
    "fillingDate": "2005-11-04",
    "acceptedDate": "2005-11-04 14:09:28",
    "calendarYear": "2005",
    "period": "Q3",
    "revenue": 3504000000,
    "costOfRevenue": 1826000000,
    "grossProfit": 1678000000,
    "grossProfitRatio": 0.4788812785,
    "researchAndDevelopmentExpenses": 0,
    "generalAndAdministrativeExpenses": 0,
    "sellingAndMarketingExpenses": 0,
    "sellingGeneralAndAdministrativeExpenses": 0,
    "otherExpenses": 1119000000,
    "operatingExpenses": 1119000000,
    "costAndExpenses": 2945000000,
    "interestIncome": 0,
    "interestExpense": 0,
    "depreciationAndAmortization": 515000000,
    "ebitda": 1074000000,
    "ebitdaratio": 0.3065068493,
    "operatingIncome": 559000000,
    "operatingIncomeRatio": 0.1595319635,
    "totalOtherIncomeExpensesNet": -67000000,
    "incomeBeforeTax": 492000000,
    "incomeBeforeTaxRatio": 0.1404109589,
    "incomeTaxExpense": 153000000,
    "netIncome": 339000000,
    "netIncomeRatio": 0.0967465753,
    "eps": 0.22,
    "epsdiluted": 0.22,
    "weightedAverageShsOut": 1535200000,
    "weightedAverageShsOutDil": 1559200000,
    "link": "https://www.sec.gov/Archives/edgar/data/753308/000075330805000101/0000753308-05-000101-index.htm",
    "finalLink": "https://www.sec.gov/Archives/edgar/data/37634/000075330805000101/form10q3q2005.htm"
  },
  {
    "date": "2005-06-30",
    "symbol": "NEE",
    "reportedCurrency": "USD",
    "cik": "0000753308",
    "fillingDate": "2005-08-04",
    "acceptedDate": "2005-08-04 13:32:57",
    "calendarYear": "2005",
    "period": "Q2",
    "revenue": 2741000000,
    "costOfRevenue": 1393000000,
    "grossProfit": 1348000000,
    "grossProfitRatio": 0.491791317,
    "researchAndDevelopmentExpenses": 0,
    "generalAndAdministrativeExpenses": 0,
    "sellingAndMarketingExpenses": 0,
    "sellingGeneralAndAdministrativeExpenses": 0,
    "otherExpenses": 1002000000,
    "operatingExpenses": 1002000000,
    "costAndExpenses": 2395000000,
    "interestIncome": 0,
    "interestExpense": 0,
    "depreciationAndAmortization": 261000000,
    "ebitda": 704000000,
    "ebitdaratio": 0.2568405691,
    "operatingIncome": 346000000,
    "operatingIncomeRatio": 0.1262313024,
    "totalOtherIncomeExpensesNet": -89000000,
    "incomeBeforeTax": 257000000,
    "incomeBeforeTaxRatio": 0.0937614009,
    "incomeTaxExpense": 54000000,
    "netIncome": 203000000,
    "netIncomeRatio": 0.0740605618,
    "eps": 0.13,
    "epsdiluted": 0.13,
    "weightedAverageShsOut": 1525600000,
    "weightedAverageShsOutDil": 1545200000,
    "link": "https://www.sec.gov/Archives/edgar/data/753308/000075330805000081/0000753308-05-000081-index.htm",
    "finalLink": "https://www.sec.gov/Archives/edgar/data/37634/000075330805000081/form10q2q2005.htm"
  },
  {
    "date": "2005-03-31",
    "symbol": "NEE",
    "reportedCurrency": "USD",
    "cik": "0000753308",
    "fillingDate": "2005-05-09",
    "acceptedDate": "2005-05-09 09:57:06",
    "calendarYear": "2005",
    "period": "Q1",
    "revenue": 2437000000,
    "costOfRevenue": 1238000000,
    "grossProfit": 1199000000,
    "grossProfitRatio": 0.4919983586,
    "researchAndDevelopmentExpenses": 0,
    "generalAndAdministrativeExpenses": 0,
    "sellingAndMarketingExpenses": 0,
    "sellingGeneralAndAdministrativeExpenses": 0,
    "otherExpenses": 965000000,
    "operatingExpenses": 965000000,
    "costAndExpenses": 2203000000,
    "interestIncome": 0,
    "interestExpense": 0,
    "depreciationAndAmortization": 339000000,
    "ebitda": 573000000,
    "ebitdaratio": 0.2351251539,
    "operatingIncome": 234000000,
    "operatingIncomeRatio": 0.0960196963,
    "totalOtherIncomeExpensesNet": -75000000,
    "incomeBeforeTax": 159000000,
    "incomeBeforeTaxRatio": 0.0652441526,
    "incomeTaxExpense": 22000000,
    "netIncome": 137000000,
    "netIncomeRatio": 0.0562166598,
    "eps": 0.0924,
    "epsdiluted": 0.0909,
    "weightedAverageShsOut": 1482800000,
    "weightedAverageShsOutDil": 1506800000,
    "link": "https://www.sec.gov/Archives/edgar/data/753308/000075330805000042/0000753308-05-000042-index.htm",
    "finalLink": "https://www.sec.gov/Archives/edgar/data/37634/000075330805000042/form10q1q2005.htm"
  },
  {
    "date": "2004-12-31",
    "symbol": "NEE",
    "reportedCurrency": "USD",
    "cik": "0000753308",
    "fillingDate": "2005-02-28",
    "acceptedDate": "2005-02-25 18:08:33",
    "calendarYear": "2004",
    "period": "Q4",
    "revenue": 2589000000,
    "costOfRevenue": 1328000000,
    "grossProfit": 1261000000,
    "grossProfitRatio": 0.4870606412,
    "researchAndDevelopmentExpenses": 0,
    "generalAndAdministrativeExpenses": 0,
    "sellingAndMarketingExpenses": 0,
    "sellingGeneralAndAdministrativeExpenses": 0,
    "otherExpenses": 1007000000,
    "operatingExpenses": 1007000000,
    "costAndExpenses": 2335000000,
    "interestIncome": 0,
    "interestExpense": 0,
    "depreciationAndAmortization": 311000000,
    "ebitda": 565000000,
    "ebitdaratio": 0.2182309772,
    "operatingIncome": 254000000,
    "operatingIncomeRatio": 0.0981073774,
    "totalOtherIncomeExpensesNet": -81000000,
    "incomeBeforeTax": 173000000,
    "incomeBeforeTaxRatio": 0.0668211665,
    "incomeTaxExpense": 1000000,
    "netIncome": 172000000,
    "netIncomeRatio": 0.066434917,
    "eps": 0.12,
    "epsdiluted": 0.12,
    "weightedAverageShsOut": 1432000000,
    "weightedAverageShsOutDil": 1482800000,
    "link": "https://www.sec.gov/Archives/edgar/data/753308/000075330805000017/0000753308-05-000017-index.htm",
    "finalLink": "https://www.sec.gov/Archives/edgar/data/37634/000075330805000017/file10k2004.htm"
  },
  {
    "date": "2004-09-30",
    "symbol": "NEE",
    "reportedCurrency": "USD",
    "cik": "0000753308",
    "fillingDate": "2004-11-03",
    "acceptedDate": "2004-11-03 15:56:38",
    "calendarYear": "2004",
    "period": "Q3",
    "revenue": 2983000000,
    "costOfRevenue": 1488000000,
    "grossProfit": 1495000000,
    "grossProfitRatio": 0.5011733155,
    "researchAndDevelopmentExpenses": 0,
    "generalAndAdministrativeExpenses": 0,
    "sellingAndMarketingExpenses": 0,
    "sellingGeneralAndAdministrativeExpenses": 0,
    "otherExpenses": 972000000,
    "operatingExpenses": 972000000,
    "costAndExpenses": 2460000000,
    "interestIncome": 0,
    "interestExpense": 0,
    "depreciationAndAmortization": 311000000,
    "ebitda": 834000000,
    "ebitdaratio": 0.2795843111,
    "operatingIncome": 523000000,
    "operatingIncomeRatio": 0.1753268522,
    "totalOtherIncomeExpensesNet": -60000000,
    "incomeBeforeTax": 463000000,
    "incomeBeforeTaxRatio": 0.1552128729,
    "incomeTaxExpense": 143000000,
    "netIncome": 320000000,
    "netIncomeRatio": 0.1072745558,
    "eps": 0.22,
    "epsdiluted": 0.22,
    "weightedAverageShsOut": 1436800000,
    "weightedAverageShsOutDil": 1448800000,
    "link": "https://www.sec.gov/Archives/edgar/data/753308/000075330804000054/0000753308-04-000054-index.htm",
    "finalLink": "https://www.sec.gov/Archives/edgar/data/37634/000075330804000054/form10q3q2004.htm"
  },
  {
    "date": "2004-06-30",
    "symbol": "NEE",
    "reportedCurrency": "USD",
    "cik": "0000753308",
    "fillingDate": "2004-08-03",
    "acceptedDate": "2004-08-03 15:01:07",
    "calendarYear": "2004",
    "period": "Q2",
    "revenue": 2619000000,
    "costOfRevenue": 1243000000,
    "grossProfit": 1376000000,
    "grossProfitRatio": 0.5253913708,
    "researchAndDevelopmentExpenses": 0,
    "generalAndAdministrativeExpenses": 0,
    "sellingAndMarketingExpenses": 0,
    "sellingGeneralAndAdministrativeExpenses": 0,
    "otherExpenses": 919000000,
    "operatingExpenses": 919000000,
    "costAndExpenses": 2162000000,
    "interestIncome": 0,
    "interestExpense": 0,
    "depreciationAndAmortization": 310000000,
    "ebitda": 767000000,
    "ebitdaratio": 0.2928598702,
    "operatingIncome": 457000000,
    "operatingIncomeRatio": 0.1744940817,
    "totalOtherIncomeExpensesNet": -105000000,
    "incomeBeforeTax": 352000000,
    "incomeBeforeTaxRatio": 0.1344024437,
    "incomeTaxExpense": 95000000,
    "netIncome": 257000000,
    "netIncomeRatio": 0.0981290569,
    "eps": 0.18,
    "epsdiluted": 0.18,
    "weightedAverageShsOut": 1432800000,
    "weightedAverageShsOutDil": 1439200000,
    "link": "https://www.sec.gov/Archives/edgar/data/753308/000075330804000040/0000753308-04-000040-index.htm",
    "finalLink": "https://www.sec.gov/Archives/edgar/data/37634/000075330804000040/form10q2q2004.htm"
  },
  {
    "date": "2004-03-31",
    "symbol": "NEE",
    "reportedCurrency": "USD",
    "cik": "0000753308",
    "fillingDate": "2004-05-04",
    "acceptedDate": "2004-05-04 16:22:05",
    "calendarYear": "2004",
    "period": "Q1",
    "revenue": 2331000000,
    "costOfRevenue": 1159000000,
    "grossProfit": 1172000000,
    "grossProfitRatio": 0.5027885028,
    "researchAndDevelopmentExpenses": 0,
    "generalAndAdministrativeExpenses": 0,
    "sellingAndMarketingExpenses": 0,
    "sellingGeneralAndAdministrativeExpenses": 0,
    "otherExpenses": 911000000,
    "operatingExpenses": 911000000,
    "costAndExpenses": 2070000000,
    "interestIncome": 0,
    "interestExpense": 0,
    "depreciationAndAmortization": 314000000,
    "ebitda": 575000000,
    "ebitdaratio": 0.2466752467,
    "operatingIncome": 261000000,
    "operatingIncomeRatio": 0.111969112,
    "totalOtherIncomeExpensesNet": -95000000,
    "incomeBeforeTax": 166000000,
    "incomeBeforeTaxRatio": 0.0712140712,
    "incomeTaxExpense": 28000000,
    "netIncome": 138000000,
    "netIncomeRatio": 0.0592020592,
    "eps": 0.0968,
    "epsdiluted": 0.0963,
    "weightedAverageShsOut": 1425600000,
    "weightedAverageShsOutDil": 1433200000,
    "link": "https://www.sec.gov/Archives/edgar/data/753308/000075330804000026/0000753308-04-000026-index.htm",
    "finalLink": "https://www.sec.gov/Archives/edgar/data/37634/000075330804000026/form10q1q2004.htm"
  },
  {
    "date": "2003-12-31",
    "symbol": "NEE",
    "reportedCurrency": "USD",
    "cik": "0000753308",
    "fillingDate": "2004-02-27",
    "acceptedDate": "2004-02-27 17:25:07",
    "calendarYear": "2003",
    "period": "Q4",
    "revenue": 2025000000,
    "costOfRevenue": 803000000,
    "grossProfit": 1222000000,
    "grossProfitRatio": 0.6034567901,
    "researchAndDevelopmentExpenses": 0,
    "generalAndAdministrativeExpenses": 0,
    "sellingAndMarketingExpenses": 0,
    "sellingGeneralAndAdministrativeExpenses": 0,
    "otherExpenses": 962000000,
    "operatingExpenses": 962000000,
    "costAndExpenses": 1765000000,
    "interestIncome": 0,
    "interestExpense": 0,
    "depreciationAndAmortization": 305000000,
    "ebitda": 565000000,
    "ebitdaratio": 0.2790123457,
    "operatingIncome": 260000000,
    "operatingIncomeRatio": 0.1283950617,
    "totalOtherIncomeExpensesNet": -97000000,
    "incomeBeforeTax": 163000000,
    "incomeBeforeTaxRatio": 0.0804938272,
    "incomeTaxExpense": 19000000,
    "netIncome": 144000000,
    "netIncomeRatio": 0.0711111111,
    "eps": 0.1,
    "epsdiluted": 0.1,
    "weightedAverageShsOut": 1418400000,
    "weightedAverageShsOutDil": 1427200000,
    "link": "https://www.sec.gov/Archives/edgar/data/753308/000075330804000017/0000753308-04-000017-index.htm",
    "finalLink": "https://www.sec.gov/Archives/edgar/data/37634/000075330804000017/file10k2003.htm"
  },
  {
    "date": "2003-09-30",
    "symbol": "NEE",
    "reportedCurrency": "USD",
    "cik": "0000753308",
    "fillingDate": "2003-11-12",
    "acceptedDate": "2003-11-12 09:16:28",
    "calendarYear": "2003",
    "period": "Q3",
    "revenue": 2775000000,
    "costOfRevenue": 1318000000,
    "grossProfit": 1457000000,
    "grossProfitRatio": 0.525045045,
    "researchAndDevelopmentExpenses": 0,
    "generalAndAdministrativeExpenses": 0,
    "sellingAndMarketingExpenses": 0,
    "sellingGeneralAndAdministrativeExpenses": 0,
    "otherExpenses": 892000000,
    "operatingExpenses": 892000000,
    "costAndExpenses": 2210000000,
    "interestIncome": 0,
    "interestExpense": 0,
    "depreciationAndAmortization": 295000000,
    "ebitda": 860000000,
    "ebitdaratio": 0.3099099099,
    "operatingIncome": 565000000,
    "operatingIncomeRatio": 0.2036036036,
    "totalOtherIncomeExpensesNet": -71000000,
    "incomeBeforeTax": 494000000,
    "incomeBeforeTaxRatio": 0.178018018,
    "incomeTaxExpense": 160000000,
    "netIncome": 332000000,
    "netIncomeRatio": 0.1196396396,
    "eps": 0.23,
    "epsdiluted": 0.23,
    "weightedAverageShsOut": 1422400000,
    "weightedAverageShsOutDil": 1426400000,
    "link": "https://www.sec.gov/Archives/edgar/data/753308/000075330803000049/0000753308-03-000049-index.htm",
    "finalLink": "https://www.sec.gov/Archives/edgar/data/37634/000075330803000049/form10q3q2003.htm"
  },
  {
    "date": "2003-06-30",
    "symbol": "NEE",
    "reportedCurrency": "USD",
    "cik": "0000753308",
    "fillingDate": "2003-08-08",
    "acceptedDate": "2003-08-08 17:16:48",
    "calendarYear": "2003",
    "period": "Q2",
    "revenue": 2459000000,
    "costOfRevenue": 1182000000,
    "grossProfit": 1277000000,
    "grossProfitRatio": 0.5193167954,
    "researchAndDevelopmentExpenses": 0,
    "generalAndAdministrativeExpenses": 0,
    "sellingAndMarketingExpenses": 0,
    "sellingGeneralAndAdministrativeExpenses": 0,
    "otherExpenses": 863000000,
    "operatingExpenses": 863000000,
    "costAndExpenses": 2045000000,
    "interestIncome": 0,
    "interestExpense": 0,
    "depreciationAndAmortization": 270000000,
    "ebitda": 684000000,
    "ebitdaratio": 0.2781618544,
    "operatingIncome": 414000000,
    "operatingIncomeRatio": 0.1683611224,
    "totalOtherIncomeExpensesNet": -64000000,
    "incomeBeforeTax": 350000000,
    "incomeBeforeTaxRatio": 0.1423342822,
    "incomeTaxExpense": 111000000,
    "netIncome": 239000000,
    "netIncomeRatio": 0.0971939813,
    "eps": 0.17,
    "epsdiluted": 0.17,
    "weightedAverageShsOut": 1418400000,
    "weightedAverageShsOutDil": 1424800000,
    "link": "https://www.sec.gov/Archives/edgar/data/753308/000075330803000039/0000753308-03-000039-index.htm",
    "finalLink": "https://www.sec.gov/Archives/edgar/data/37634/000075330803000039/form10q2q2003.htm"
  },
  {
    "date": "2003-03-31",
    "symbol": "NEE",
    "reportedCurrency": "USD",
    "cik": "0000753308",
    "fillingDate": "2003-05-09",
    "acceptedDate": "2003-05-09 16:32:49",
    "calendarYear": "2003",
    "period": "Q1",
    "revenue": 2082000000,
    "costOfRevenue": 944000000,
    "grossProfit": 1138000000,
    "grossProfitRatio": 0.5465898175,
    "researchAndDevelopmentExpenses": 0,
    "generalAndAdministrativeExpenses": 0,
    "sellingAndMarketingExpenses": 0,
    "sellingGeneralAndAdministrativeExpenses": 0,
    "otherExpenses": 844000000,
    "operatingExpenses": 844000000,
    "costAndExpenses": 1788000000,
    "interestIncome": 0,
    "interestExpense": 0,
    "depreciationAndAmortization": 248000000,
    "ebitda": 553000000,
    "ebitdaratio": 0.2656099904,
    "operatingIncome": 294000000,
    "operatingIncomeRatio": 0.1412103746,
    "totalOtherIncomeExpensesNet": -41000000,
    "incomeBeforeTax": 253000000,
    "incomeBeforeTaxRatio": 0.1215177714,
    "incomeTaxExpense": 78000000,
    "netIncome": 175000000,
    "netIncomeRatio": 0.0840537944,
    "eps": 0.12,
    "epsdiluted": 0.12,
    "weightedAverageShsOut": 1414400000,
    "weightedAverageShsOutDil": 1416800000,
    "link": "https://www.sec.gov/Archives/edgar/data/753308/000075330803000024/0000753308-03-000024-index.htm",
    "finalLink": "https://www.sec.gov/Archives/edgar/data/37634/000075330803000024/form10q1q2003.htm"
  },
  {
    "date": "2002-12-31",
    "symbol": "NEE",
    "reportedCurrency": "USD",
    "cik": "0000753308",
    "fillingDate": "2003-03-27",
    "acceptedDate": "2003-03-26 21:39:20",
    "calendarYear": "2002",
    "period": "Q4",
    "revenue": 2060000000,
    "costOfRevenue": 928000000,
    "grossProfit": 1132000000,
    "grossProfitRatio": 0.5495145631,
    "researchAndDevelopmentExpenses": 0,
    "generalAndAdministrativeExpenses": 0,
    "sellingAndMarketingExpenses": 0,
    "sellingGeneralAndAdministrativeExpenses": 0,
    "otherExpenses": 884000000,
    "operatingExpenses": 884000000,
    "costAndExpenses": 1812000000,
    "interestIncome": 0,
    "interestExpense": 0,
    "depreciationAndAmortization": 223000000,
    "ebitda": 482000000,
    "ebitdaratio": 0.2339805825,
    "operatingIncome": 248000000,
    "operatingIncomeRatio": 0.1203883495,
    "totalOtherIncomeExpensesNet": -74000000,
    "incomeBeforeTax": 174000000,
    "incomeBeforeTaxRatio": 0.0844660194,
    "incomeTaxExpense": 45000000,
    "netIncome": 129000000,
    "netIncomeRatio": 0.0626213592,
    "eps": 0.0912,
    "epsdiluted": 0.0912,
    "weightedAverageShsOut": 1374400000,
    "weightedAverageShsOutDil": 1414400000,
    "link": "https://www.sec.gov/Archives/edgar/data/753308/000075330803000017/0000753308-03-000017-index.htm",
    "finalLink": "https://www.sec.gov/Archives/edgar/data/37634/000075330803000017/file10k2002.htm"
  },
  {
    "date": "2002-09-30",
    "symbol": "NEE",
    "reportedCurrency": "USD",
    "cik": "0000753308",
    "fillingDate": "2002-11-13",
    "acceptedDate": "2002-11-13 10:20:44",
    "calendarYear": "2002",
    "period": "Q3",
    "revenue": 2353000000,
    "costOfRevenue": 1082000000,
    "grossProfit": 1271000000,
    "grossProfitRatio": 0.540161496,
    "researchAndDevelopmentExpenses": 0,
    "generalAndAdministrativeExpenses": 0,
    "sellingAndMarketingExpenses": 0,
    "sellingGeneralAndAdministrativeExpenses": 0,
    "otherExpenses": 1004000000,
    "operatingExpenses": 1004000000,
    "costAndExpenses": 2086000000,
    "interestIncome": 0,
    "interestExpense": 0,
    "depreciationAndAmortization": 0,
    "ebitda": 492000000,
    "ebitdaratio": 0.2090947726,
    "operatingIncome": 267000000,
    "operatingIncomeRatio": 0.1134721632,
    "totalOtherIncomeExpensesNet": -60000000,
    "incomeBeforeTax": 207000000,
    "incomeBeforeTaxRatio": 0.0879728007,
    "incomeTaxExpense": 57000000,
    "netIncome": 150000000,
    "netIncomeRatio": 0.0637484063,
    "eps": 0.11,
    "epsdiluted": 0.11,
    "weightedAverageShsOut": 1405600000,
    "weightedAverageShsOutDil": 1407200000,
    "link": "https://www.sec.gov/Archives/edgar/data/753308/000075330802000060/0000753308-02-000060-index.htm",
    "finalLink": "https://www.sec.gov/Archives/edgar/data/37634/000075330802000060/form10q3q02.htm"
  },
  {
    "date": "2002-06-30",
    "symbol": "NEE",
    "reportedCurrency": "USD",
    "cik": "0000753308",
    "fillingDate": "2002-08-12",
    "acceptedDate": "2002-08-09 17:33:27",
    "calendarYear": "2002",
    "period": "Q2",
    "revenue": 2128000000,
    "costOfRevenue": 969000000,
    "grossProfit": 1159000000,
    "grossProfitRatio": 0.5446428571,
    "researchAndDevelopmentExpenses": 0,
    "generalAndAdministrativeExpenses": 0,
    "sellingAndMarketingExpenses": 0,
    "sellingGeneralAndAdministrativeExpenses": 0,
    "otherExpenses": 750000000,
    "operatingExpenses": 750000000,
    "costAndExpenses": 1719000000,
    "interestIncome": 0,
    "interestExpense": 0,
    "depreciationAndAmortization": 0,
    "ebitda": 639000000,
    "ebitdaratio": 0.3002819549,
    "operatingIncome": 409000000,
    "operatingIncomeRatio": 0.1921992481,
    "totalOtherIncomeExpensesNet": -36000000,
    "incomeBeforeTax": 373000000,
    "incomeBeforeTaxRatio": 0.1752819549,
    "incomeTaxExpense": 123000000,
    "netIncome": 250000000,
    "netIncomeRatio": 0.117481203,
    "eps": 0.18,
    "epsdiluted": 0.18,
    "weightedAverageShsOut": 1379200000,
    "weightedAverageShsOutDil": 1380800000,
    "link": "https://www.sec.gov/Archives/edgar/data/753308/000075330802000051/0000753308-02-000051-index.htm",
    "finalLink": "https://www.sec.gov/Archives/edgar/data/37634/000075330802000051/file10q.htm"
  },
  {
    "date": "2002-03-31",
    "symbol": "NEE",
    "reportedCurrency": "USD",
    "cik": "0000753308",
    "fillingDate": "2002-05-15",
    "acceptedDate": "2002-05-15 11:37:25",
    "calendarYear": "2002",
    "period": "Q1",
    "revenue": 1843000000,
    "costOfRevenue": 804000000,
    "grossProfit": 1039000000,
    "grossProfitRatio": 0.5637547477,
    "researchAndDevelopmentExpenses": 0,
    "generalAndAdministrativeExpenses": 0,
    "sellingAndMarketingExpenses": 0,
    "sellingGeneralAndAdministrativeExpenses": 0,
    "otherExpenses": 783000000,
    "operatingExpenses": 783000000,
    "costAndExpenses": 1587000000,
    "interestIncome": 0,
    "interestExpense": 0,
    "depreciationAndAmortization": 0,
    "ebitda": 520000000,
    "ebitdaratio": 0.2821486706,
    "operatingIncome": 256000000,
    "operatingIncomeRatio": 0.1389039609,
    "totalOtherIncomeExpensesNet": -71000000,
    "incomeBeforeTax": 185000000,
    "incomeBeforeTaxRatio": 0.1003798155,
    "incomeTaxExpense": 19000000,
    "netIncome": -56000000,
    "netIncomeRatio": -0.0303852415,
    "eps": -0.0414,
    "epsdiluted": -0.0413,
    "weightedAverageShsOut": 1352800000,
    "weightedAverageShsOutDil": 1354400000,
    "link": "https://www.sec.gov/Archives/edgar/data/753308/000075330802000029/0000753308-02-000029-index.htm",
    "finalLink": "https://www.sec.gov/Archives/edgar/data/37634/000075330802000029/file10q.htm"
  },
  {
    "date": "2001-12-31",
    "symbol": "NEE",
    "reportedCurrency": "USD",
    "cik": "0000753308",
    "fillingDate": "2002-03-29",
    "acceptedDate": "2002-03-29 00:00:00",
    "calendarYear": "2001",
    "period": "Q4",
    "revenue": 1839000000,
    "costOfRevenue": 783000000,
    "grossProfit": 1056000000,
    "grossProfitRatio": 0.5742251223,
    "researchAndDevelopmentExpenses": 0,
    "generalAndAdministrativeExpenses": 0,
    "sellingAndMarketingExpenses": 0,
    "sellingGeneralAndAdministrativeExpenses": 0,
    "otherExpenses": 819000000,
    "operatingExpenses": 819000000,
    "costAndExpenses": 1602000000,
    "interestIncome": 0,
    "interestExpense": 0,
    "depreciationAndAmortization": 0,
    "ebitda": 488000000,
    "ebitdaratio": 0.2653616096,
    "operatingIncome": 237000000,
    "operatingIncomeRatio": 0.1288743883,
    "totalOtherIncomeExpensesNet": -70000000,
    "incomeBeforeTax": 167000000,
    "incomeBeforeTaxRatio": 0.0908102229,
    "incomeTaxExpense": 49000000,
    "netIncome": 118000000,
    "netIncomeRatio": 0.0641653072,
    "eps": 0.0872,
    "epsdiluted": 0.0872,
    "weightedAverageShsOut": 1352000000,
    "weightedAverageShsOutDil": 1352800000,
    "link": "https://www.sec.gov/Archives/edgar/data/753308/000075330802000021/0000753308-02-000021-index.htm",
    "finalLink": "https://www.sec.gov/Archives/edgar/data/37634/000075330802000021/file10k2001.htm"
  },
  {
    "date": "2001-09-30",
    "symbol": "NEE",
    "reportedCurrency": "USD",
    "cik": "0000753308",
    "fillingDate": "2001-11-09",
    "acceptedDate": "2001-11-09 00:00:00",
    "calendarYear": "2001",
    "period": "Q3",
    "revenue": 2529000000,
    "costOfRevenue": 1242000000,
    "grossProfit": 1287000000,
    "grossProfitRatio": 0.5088967972,
    "researchAndDevelopmentExpenses": 0,
    "generalAndAdministrativeExpenses": 0,
    "sellingAndMarketingExpenses": 0,
    "sellingGeneralAndAdministrativeExpenses": 0,
    "otherExpenses": 747000000,
    "operatingExpenses": 747000000,
    "costAndExpenses": 1989000000,
    "interestIncome": 0,
    "interestExpense": 0,
    "depreciationAndAmortization": 0,
    "ebitda": 786000000,
    "ebitdaratio": 0.3107947805,
    "operatingIncome": 540000000,
    "operatingIncomeRatio": 0.2135231317,
    "totalOtherIncomeExpensesNet": -41000000,
    "incomeBeforeTax": 499000000,
    "incomeBeforeTaxRatio": 0.1973111902,
    "incomeTaxExpense": 165000000,
    "netIncome": 334000000,
    "netIncomeRatio": 0.1320680111,
    "eps": 0.25,
    "epsdiluted": 0.25,
    "weightedAverageShsOut": 1352000000,
    "weightedAverageShsOutDil": 1352000000,
    "link": "https://www.sec.gov/Archives/edgar/data/753308/000075330801500063/0000753308-01-500063-index.htm",
    "finalLink": "https://www.sec.gov/Archives/edgar/data/37634/000075330801500063/file10q.htm"
  },
  {
    "date": "2001-06-30",
    "symbol": "NEE",
    "reportedCurrency": "USD",
    "cik": "0000753308",
    "fillingDate": "2001-08-10",
    "acceptedDate": "2001-08-10 00:00:00",
    "calendarYear": "2001",
    "period": "Q2",
    "revenue": 2166000000,
    "costOfRevenue": 1054000000,
    "grossProfit": 1112000000,
    "grossProfitRatio": 0.513388735,
    "researchAndDevelopmentExpenses": 0,
    "generalAndAdministrativeExpenses": 0,
    "sellingAndMarketingExpenses": 0,
    "sellingGeneralAndAdministrativeExpenses": 0,
    "otherExpenses": 732000000,
    "operatingExpenses": 732000000,
    "costAndExpenses": 1786000000,
    "interestIncome": 0,
    "interestExpense": 0,
    "depreciationAndAmortization": 0,
    "ebitda": 625000000,
    "ebitdaratio": 0.2885503232,
    "operatingIncome": 380000000,
    "operatingIncomeRatio": 0.1754385965,
    "totalOtherIncomeExpensesNet": -52000000,
    "incomeBeforeTax": 328000000,
    "incomeBeforeTaxRatio": 0.1514312096,
    "incomeTaxExpense": 109000000,
    "netIncome": 219000000,
    "netIncomeRatio": 0.1011080332,
    "eps": 0.16,
    "epsdiluted": 0.16,
    "weightedAverageShsOut": 1352000000,
    "weightedAverageShsOutDil": 1352000000,
    "link": "https://www.sec.gov/Archives/edgar/data/753308/000075330801500043/0000753308-01-500043-index.htm",
    "finalLink": "https://www.sec.gov/Archives/edgar/data/37634/000075330801500043/file10q.txt"
  },
  {
    "date": "2001-03-31",
    "symbol": "NEE",
    "reportedCurrency": "USD",
    "cik": "0000753308",
    "fillingDate": "2001-05-07",
    "acceptedDate": "2001-05-07 00:00:00",
    "calendarYear": "2001",
    "period": "Q1",
    "revenue": 1941000000,
    "costOfRevenue": 951000000,
    "grossProfit": 990000000,
    "grossProfitRatio": 0.5100463679,
    "researchAndDevelopmentExpenses": 0,
    "generalAndAdministrativeExpenses": 0,
    "sellingAndMarketingExpenses": 0,
    "sellingGeneralAndAdministrativeExpenses": 0,
    "otherExpenses": 750000000,
    "operatingExpenses": 750000000,
    "costAndExpenses": 1701000000,
    "interestIncome": 0,
    "interestExpense": 0,
    "depreciationAndAmortization": 0,
    "ebitda": 480000000,
    "ebitdaratio": 0.2472952087,
    "operatingIncome": 240000000,
    "operatingIncomeRatio": 0.1236476043,
    "totalOtherIncomeExpensesNet": -74000000,
    "incomeBeforeTax": 166000000,
    "incomeBeforeTaxRatio": 0.0855229263,
    "incomeTaxExpense": 56000000,
    "netIncome": 110000000,
    "netIncomeRatio": 0.0566718187,
    "eps": 0.0782,
    "epsdiluted": 0.0782,
    "weightedAverageShsOut": 1406860560,
    "weightedAverageShsOutDil": 1406860560,
    "link": "https://www.sec.gov/Archives/edgar/data/753308/000075330801500027/0000753308-01-500027-index.htm",
    "finalLink": "https://www.sec.gov/Archives/edgar/data/37634/000075330801500027/file10q.txt"
  },
  {
    "date": "2000-12-31",
    "symbol": "NEE",
    "reportedCurrency": "USD",
    "cik": "0000753308",
    "fillingDate": "2001-03-08",
    "acceptedDate": "2001-03-08 00:00:00",
    "calendarYear": "2000",
    "period": "Q4",
    "revenue": 1857000000,
    "costOfRevenue": 876000000,
    "grossProfit": 981000000,
    "grossProfitRatio": 0.5282714055,
    "researchAndDevelopmentExpenses": 0,
    "generalAndAdministrativeExpenses": 0,
    "sellingAndMarketingExpenses": 0,
    "sellingGeneralAndAdministrativeExpenses": 0,
    "otherExpenses": 835000000,
    "operatingExpenses": 835000000,
    "costAndExpenses": 1711000000,
    "interestIncome": 0,
    "interestExpense": 0,
    "depreciationAndAmortization": 0,
    "ebitda": 415000000,
    "ebitdaratio": 0.2234787291,
    "operatingIncome": 146000000,
    "operatingIncomeRatio": 0.0786214324,
    "totalOtherIncomeExpensesNet": -68000000,
    "incomeBeforeTax": 78000000,
    "incomeBeforeTaxRatio": 0.042003231,
    "incomeTaxExpense": 13000000,
    "netIncome": 65000000,
    "netIncomeRatio": 0.0350026925,
    "eps": 0.0462,
    "epsdiluted": 0.0462,
    "weightedAverageShsOut": 1361545894,
    "weightedAverageShsOutDil": 1406860560,
    "link": "https://www.sec.gov/Archives/edgar/data/753308/000075330801500013/0000753308-01-500013-index.htm",
    "finalLink": "https://www.sec.gov/Archives/edgar/data/753308/000075330801500013/file10k.txt"
  },
  {
    "date": "2000-09-30",
    "symbol": "NEE",
    "reportedCurrency": "USD",
    "cik": "0000753308",
    "fillingDate": "2000-11-14",
    "acceptedDate": "2000-11-14 00:00:00",
    "calendarYear": "2000",
    "period": "Q3",
    "revenue": 2087000000,
    "costOfRevenue": 845000000,
    "grossProfit": 1242000000,
    "grossProfitRatio": 0.5951126018,
    "researchAndDevelopmentExpenses": 0,
    "generalAndAdministrativeExpenses": 0,
    "sellingAndMarketingExpenses": 0,
    "sellingGeneralAndAdministrativeExpenses": 0,
    "otherExpenses": 731000000,
    "operatingExpenses": 731000000,
    "costAndExpenses": 1576000000,
    "interestIncome": 0,
    "interestExpense": 0,
    "depreciationAndAmortization": 0,
    "ebitda": 748000000,
    "ebitdaratio": 0.3584091998,
    "operatingIncome": 511000000,
    "operatingIncomeRatio": 0.2448490656,
    "totalOtherIncomeExpensesNet": -32000000,
    "incomeBeforeTax": 479000000,
    "incomeBeforeTaxRatio": 0.2295160517,
    "incomeTaxExpense": 165000000,
    "netIncome": 314000000,
    "netIncomeRatio": 0.1504551989,
    "eps": 0.23,
    "epsdiluted": 0.23,
    "weightedAverageShsOut": 1360000000,
    "weightedAverageShsOutDil": 1368000000,
    "link": "https://www.sec.gov/Archives/edgar/data/753308/000075330800500016/0000753308-00-500016-index.htm",
    "finalLink": "https://www.sec.gov/Archives/edgar/data/37634/000075330800500016/0000753308-00-500016-0001.txt"
  },
  {
    "date": "2000-06-30",
    "symbol": "NEE",
    "reportedCurrency": "USD",
    "cik": "0000753308",
    "fillingDate": "2000-08-02",
    "acceptedDate": "2000-08-02 00:00:00",
    "calendarYear": "2000",
    "period": "Q2",
    "revenue": 1670000000,
    "costOfRevenue": 605000000,
    "grossProfit": 1065000000,
    "grossProfitRatio": 0.6377245509,
    "researchAndDevelopmentExpenses": 0,
    "generalAndAdministrativeExpenses": 0,
    "sellingAndMarketingExpenses": 0,
    "sellingGeneralAndAdministrativeExpenses": 0,
    "otherExpenses": 718000000,
    "operatingExpenses": 718000000,
    "costAndExpenses": 1323000000,
    "interestIncome": 0,
    "interestExpense": 0,
    "depreciationAndAmortization": 0,
    "ebitda": 613000000,
    "ebitdaratio": 0.3670658683,
    "operatingIncome": 347000000,
    "operatingIncomeRatio": 0.2077844311,
    "totalOtherIncomeExpensesNet": -42000000,
    "incomeBeforeTax": 305000000,
    "incomeBeforeTaxRatio": 0.1826347305,
    "incomeTaxExpense": 101000000,
    "netIncome": 204000000,
    "netIncomeRatio": 0.1221556886,
    "eps": 0.15,
    "epsdiluted": 0.15,
    "weightedAverageShsOut": 1360000000,
    "weightedAverageShsOutDil": 1360000000,
    "link": "https://www.sec.gov/Archives/edgar/data/753308/000075330800000014/0000753308-00-000014-index.htm",
    "finalLink": "https://www.sec.gov/Archives/edgar/data/37634/000075330800000014/0000753308-00-000014-0001.txt"
  },
  {
    "date": "2000-03-31",
    "symbol": "NEE",
    "reportedCurrency": "USD",
    "cik": "0000753308",
    "fillingDate": "2000-04-28",
    "acceptedDate": "2000-04-28 00:00:00",
    "calendarYear": "2000",
    "period": "Q1",
    "revenue": 1468000000,
    "costOfRevenue": 542000000,
    "grossProfit": 926000000,
    "grossProfitRatio": 0.6307901907,
    "researchAndDevelopmentExpenses": 0,
    "generalAndAdministrativeExpenses": 0,
    "sellingAndMarketingExpenses": 0,
    "sellingGeneralAndAdministrativeExpenses": 0,
    "otherExpenses": 689000000,
    "operatingExpenses": 689000000,
    "costAndExpenses": 1231000000,
    "interestIncome": 0,
    "interestExpense": 0,
    "depreciationAndAmortization": 0,
    "ebitda": 496000000,
    "ebitdaratio": 0.3378746594,
    "operatingIncome": 237000000,
    "operatingIncomeRatio": 0.1614441417,
    "totalOtherIncomeExpensesNet": -59000000,
    "incomeBeforeTax": 178000000,
    "incomeBeforeTaxRatio": 0.121253406,
    "incomeTaxExpense": 57000000,
    "netIncome": 121000000,
    "netIncomeRatio": 0.0824250681,
    "eps": 0.0869,
    "epsdiluted": 0.0869,
    "weightedAverageShsOut": 1392665340,
    "weightedAverageShsOutDil": 1392665340,
    "link": "https://www.sec.gov/Archives/edgar/data/753308/000075330800000006/0000753308-00-000006-index.html",
    "finalLink": "https://www.sec.gov/Archives/edgar/data/37634/000075330800000006/"
  },
  {
    "date": "1999-12-31",
    "symbol": "NEE",
    "reportedCurrency": "USD",
    "cik": "0000753308",
    "fillingDate": "2000-03-02",
    "acceptedDate": "2000-03-02 00:00:00",
    "calendarYear": "1999",
    "period": "Q4",
    "revenue": 1520000000,
    "costOfRevenue": 577000000,
    "grossProfit": 943000000,
    "grossProfitRatio": 0.6203947368,
    "researchAndDevelopmentExpenses": 0,
    "generalAndAdministrativeExpenses": 0,
    "sellingAndMarketingExpenses": 0,
    "sellingGeneralAndAdministrativeExpenses": 0,
    "otherExpenses": 729000000,
    "operatingExpenses": 729000000,
    "costAndExpenses": 1306000000,
    "interestIncome": 0,
    "interestExpense": 0,
    "depreciationAndAmortization": 0,
    "ebitda": 486000000,
    "ebitdaratio": 0.3197368421,
    "operatingIncome": 214000000,
    "operatingIncomeRatio": 0.1407894737,
    "totalOtherIncomeExpensesNet": -62000000,
    "incomeBeforeTax": 152000000,
    "incomeBeforeTaxRatio": 0.1,
    "incomeTaxExpense": 32000000,
    "netIncome": 120000000,
    "netIncomeRatio": 0.0789473684,
    "eps": 0.0842,
    "epsdiluted": 0.0842,
    "weightedAverageShsOut": 1425330680,
    "weightedAverageShsOutDil": 1425330680,
    "link": "https://www.sec.gov/Archives/edgar/data/753308/000075330800000004/0000753308-00-000004-index.html",
    "finalLink": "https://www.sec.gov/Archives/edgar/data/37634/000075330800000004/"
  },
  {
    "date": "1999-09-30",
    "symbol": "NEE",
    "reportedCurrency": "USD",
    "cik": "0000753308",
    "fillingDate": "1999-11-12",
    "acceptedDate": "1999-11-12 00:00:00",
    "calendarYear": "1999",
    "period": "Q3",
    "revenue": 1892000000,
    "costOfRevenue": 693000000,
    "grossProfit": 1199000000,
    "grossProfitRatio": 0.6337209302,
    "researchAndDevelopmentExpenses": 0,
    "generalAndAdministrativeExpenses": 0,
    "sellingAndMarketingExpenses": 0,
    "sellingGeneralAndAdministrativeExpenses": 0,
    "otherExpenses": 729000000,
    "operatingExpenses": 729000000,
    "costAndExpenses": 1422000000,
    "interestIncome": 0,
    "interestExpense": 0,
    "depreciationAndAmortization": 245000000,
    "ebitda": 715000000,
    "ebitdaratio": 0.3779069767,
    "operatingIncome": 470000000,
    "operatingIncomeRatio": 0.2484143763,
    "totalOtherIncomeExpensesNet": -23000000,
    "incomeBeforeTax": 447000000,
    "incomeBeforeTaxRatio": 0.2362579281,
    "incomeTaxExpense": 156000000,
    "netIncome": 291000000,
    "netIncomeRatio": 0.1538054968,
    "eps": 0.2,
    "epsdiluted": 0.2,
    "weightedAverageShsOut": 1433128000,
    "weightedAverageShsOutDil": 1433128000,
    "link": "https://www.sec.gov/Archives/edgar/data/753308/000075330899000040/0000753308-99-000040-index.html",
    "finalLink": "https://www.sec.gov/Archives/edgar/data/37634/000075330899000040/"
  },
  {
    "date": "1999-06-30",
    "symbol": "NEE",
    "reportedCurrency": "USD",
    "cik": "0000753308",
    "fillingDate": "1999-08-06",
    "acceptedDate": "1999-08-06 00:00:00",
    "calendarYear": "1999",
    "period": "Q2",
    "revenue": 1614000000,
    "costOfRevenue": 588000000,
    "grossProfit": 1026000000,
    "grossProfitRatio": 0.6356877323,
    "researchAndDevelopmentExpenses": 0,
    "generalAndAdministrativeExpenses": 0,
    "sellingAndMarketingExpenses": 0,
    "sellingGeneralAndAdministrativeExpenses": 0,
    "otherExpenses": 891000000,
    "operatingExpenses": 891000000,
    "costAndExpenses": 1479000000,
    "interestIncome": 0,
    "interestExpense": 0,
    "depreciationAndAmortization": 244000000,
    "ebitda": 379000000,
    "ebitdaratio": 0.2348203222,
    "operatingIncome": 135000000,
    "operatingIncomeRatio": 0.0836431227,
    "totalOtherIncomeExpensesNet": -30000000,
    "incomeBeforeTax": 105000000,
    "incomeBeforeTaxRatio": 0.0650557621,
    "incomeTaxExpense": 28000000,
    "netIncome": 77000000,
    "netIncomeRatio": 0.0477075589,
    "eps": 0.0537,
    "epsdiluted": 0.0537,
    "weightedAverageShsOut": 1433928000,
    "weightedAverageShsOutDil": 1433928000,
    "link": "https://www.sec.gov/Archives/edgar/data/753308/000075330899000029/0000753308-99-000029-index.html",
    "finalLink": "https://www.sec.gov/Archives/edgar/data/37634/000075330899000029/"
  },
  {
    "date": "1999-03-31",
    "symbol": "NEE",
    "reportedCurrency": "USD",
    "cik": "0000753308",
    "fillingDate": "1999-05-04",
    "acceptedDate": "1999-05-04 00:00:00",
    "calendarYear": "1999",
    "period": "Q1",
    "revenue": 1412000000,
    "costOfRevenue": 506000000,
    "grossProfit": 906000000,
    "grossProfitRatio": 0.6416430595,
    "researchAndDevelopmentExpenses": 0,
    "generalAndAdministrativeExpenses": 0,
    "sellingAndMarketingExpenses": 0,
    "sellingGeneralAndAdministrativeExpenses": 0,
    "otherExpenses": 549000000,
    "operatingExpenses": 549000000,
    "costAndExpenses": 1055000000,
    "interestIncome": 0,
    "interestExpense": 0,
    "depreciationAndAmortization": 279000000,
    "ebitda": 636000000,
    "ebitdaratio": 0.4504249292,
    "operatingIncome": 357000000,
    "operatingIncomeRatio": 0.2528328612,
    "totalOtherIncomeExpensesNet": -42000000,
    "incomeBeforeTax": 315000000,
    "incomeBeforeTaxRatio": 0.2230878187,
    "incomeTaxExpense": 106000000,
    "netIncome": 209000000,
    "netIncomeRatio": 0.1480169972,
    "eps": 0.15,
    "epsdiluted": 0.15,
    "weightedAverageShsOut": 1441320000,
    "weightedAverageShsOutDil": 1441320000,
    "link": "https://www.sec.gov/Archives/edgar/data/753308/0000753308-99-000016-index.html",
    "finalLink": "https://www.sec.gov/Archives/edgar/data/37634/0000753308-99-000016.txt"
  },
  {
    "date": "1998-12-31",
    "symbol": "NEE",
    "reportedCurrency": "USD",
    "cik": "0000753308",
    "fillingDate": "1999-03-02",
    "acceptedDate": "1999-03-02 00:00:00",
    "calendarYear": "1998",
    "period": "Q4",
    "revenue": 1631000000,
    "costOfRevenue": 592000000,
    "grossProfit": 1039000000,
    "grossProfitRatio": 0.6370324954,
    "researchAndDevelopmentExpenses": 0,
    "generalAndAdministrativeExpenses": 0,
    "sellingAndMarketingExpenses": 0,
    "sellingGeneralAndAdministrativeExpenses": 0,
    "otherExpenses": 852000000,
    "operatingExpenses": 852000000,
    "costAndExpenses": 1444000000,
    "interestIncome": 0,
    "interestExpense": 0,
    "depreciationAndAmortization": 0,
    "ebitda": 560000000,
    "ebitdaratio": 0.3433476395,
    "operatingIncome": 187000000,
    "operatingIncomeRatio": 0.1146535868,
    "totalOtherIncomeExpensesNet": -112000000,
    "incomeBeforeTax": 75000000,
    "incomeBeforeTaxRatio": 0.0459840589,
    "incomeTaxExpense": -18000000,
    "netIncome": 93000000,
    "netIncomeRatio": 0.057020233,
    "eps": 0.0645,
    "epsdiluted": 0.0645,
    "weightedAverageShsOut": 1441320000,
    "weightedAverageShsOutDil": 1441320000,
    "link": "https://www.sec.gov/Archives/edgar/data/753308/000075330899000009/0000753308-99-000009-index.html",
    "finalLink": "https://www.sec.gov/Archives/edgar/data/37634/"
  },
  {
    "date": "1998-09-30",
    "symbol": "NEE",
    "reportedCurrency": "USD",
    "cik": "0000753308",
    "fillingDate": "1998-11-04",
    "acceptedDate": "1998-11-04 00:00:00",
    "calendarYear": "1998",
    "period": "Q3",
    "revenue": 1999000000,
    "costOfRevenue": 659000000,
    "grossProfit": 1340000000,
    "grossProfitRatio": 0.6703351676,
    "researchAndDevelopmentExpenses": 0,
    "generalAndAdministrativeExpenses": 0,
    "sellingAndMarketingExpenses": 0,
    "sellingGeneralAndAdministrativeExpenses": 0,
    "otherExpenses": 812000000,
    "operatingExpenses": 812000000,
    "costAndExpenses": 1471000000,
    "interestIncome": 0,
    "interestExpense": 0,
    "depreciationAndAmortization": 0,
    "ebitda": 842000000,
    "ebitdaratio": 0.4212106053,
    "operatingIncome": 528000000,
    "operatingIncomeRatio": 0.264132066,
    "totalOtherIncomeExpensesNet": -84000000,
    "incomeBeforeTax": 444000000,
    "incomeBeforeTaxRatio": 0.2221110555,
    "incomeTaxExpense": 157000000,
    "netIncome": 287000000,
    "netIncomeRatio": 0.1435717859,
    "eps": 0.2,
    "epsdiluted": 0.2,
    "weightedAverageShsOut": 1447072000,
    "weightedAverageShsOutDil": 1447072000,
    "link": "https://www.sec.gov/Archives/edgar/data/753308/000075330898000018/0000753308-98-000018-index.html",
    "finalLink": "https://www.sec.gov/Archives/edgar/data/37634/"
  },
  {
    "date": "1998-06-30",
    "symbol": "NEE",
    "reportedCurrency": "USD",
    "cik": "0000753308",
    "fillingDate": "1998-08-03",
    "acceptedDate": "1998-08-03 00:00:00",
    "calendarYear": "1998",
    "period": "Q2",
    "revenue": 1692000000,
    "costOfRevenue": 558000000,
    "grossProfit": 1134000000,
    "grossProfitRatio": 0.670212766,
    "researchAndDevelopmentExpenses": 0,
    "generalAndAdministrativeExpenses": 0,
    "sellingAndMarketingExpenses": 0,
    "sellingGeneralAndAdministrativeExpenses": 0,
    "otherExpenses": 817000000,
    "operatingExpenses": 817000000,
    "costAndExpenses": 1375000000,
    "interestIncome": 0,
    "interestExpense": 0,
    "depreciationAndAmortization": 0,
    "ebitda": 665000000,
    "ebitdaratio": 0.3930260047,
    "operatingIncome": 317000000,
    "operatingIncomeRatio": 0.1873522459,
    "totalOtherIncomeExpensesNet": -52000000,
    "incomeBeforeTax": 265000000,
    "incomeBeforeTaxRatio": 0.1566193853,
    "incomeTaxExpense": 89000000,
    "netIncome": 176000000,
    "netIncomeRatio": 0.1040189125,
    "eps": 0.12,
    "epsdiluted": 0.12,
    "weightedAverageShsOut": 1449736000,
    "weightedAverageShsOutDil": 1449736000,
    "link": "https://www.sec.gov/Archives/edgar/data/753308/000075330898000015/0000753308-98-000015-index.html",
    "finalLink": "https://www.sec.gov/Archives/edgar/data/37634/"
  },
  {
    "date": "1998-03-31",
    "symbol": "NEE",
    "reportedCurrency": "USD",
    "cik": "0000753308",
    "fillingDate": "1998-05-01",
    "acceptedDate": "1998-05-01 00:00:00",
    "calendarYear": "1998",
    "period": "Q1",
    "revenue": 1338000000,
    "costOfRevenue": 436000000,
    "grossProfit": 902000000,
    "grossProfitRatio": 0.6741405082,
    "researchAndDevelopmentExpenses": 0,
    "generalAndAdministrativeExpenses": 0,
    "sellingAndMarketingExpenses": 0,
    "sellingGeneralAndAdministrativeExpenses": 0,
    "otherExpenses": 684000000,
    "operatingExpenses": 684000000,
    "costAndExpenses": 1120000000,
    "interestIncome": 0,
    "interestExpense": 0,
    "depreciationAndAmortization": 0,
    "ebitda": 467000000,
    "ebitdaratio": 0.3490284006,
    "operatingIncome": 218000000,
    "operatingIncomeRatio": 0.1629297459,
    "totalOtherIncomeExpensesNet": -60000000,
    "incomeBeforeTax": 158000000,
    "incomeBeforeTaxRatio": 0.1180866966,
    "incomeTaxExpense": 50000000,
    "netIncome": 108000000,
    "netIncomeRatio": 0.0807174888,
    "eps": 0.0744,
    "epsdiluted": 0.0744,
    "weightedAverageShsOut": 1451856000,
    "weightedAverageShsOutDil": 1451856000,
    "link": "https://www.sec.gov/Archives/edgar/data/753308/000075330898000009/0000753308-98-000009-index.html",
    "finalLink": "https://www.sec.gov/Archives/edgar/data/37634/"
  },
  {
    "date": "1997-12-31",
    "symbol": "NEE",
    "reportedCurrency": "USD",
    "cik": "0000753308",
    "fillingDate": "1998-02-27",
    "acceptedDate": "1998-02-27 00:00:00",
    "calendarYear": "1997",
    "period": "Q4",
    "revenue": 1477700000,
    "costOfRevenue": 477500000,
    "grossProfit": 1000200000,
    "grossProfitRatio": 0.676862692,
    "researchAndDevelopmentExpenses": 0,
    "generalAndAdministrativeExpenses": 0,
    "sellingAndMarketingExpenses": 0,
    "sellingGeneralAndAdministrativeExpenses": 0,
    "otherExpenses": 783100000,
    "operatingExpenses": 783100000,
    "costAndExpenses": 1260600000,
    "interestIncome": 0,
    "interestExpense": 0,
    "depreciationAndAmortization": 0,
    "ebitda": 481500000,
    "ebitdaratio": 0.3258442174,
    "operatingIncome": 217100000,
    "operatingIncomeRatio": 0.1469175069,
    "totalOtherIncomeExpensesNet": -105100000,
    "incomeBeforeTax": 112000000,
    "incomeBeforeTaxRatio": 0.0757934628,
    "incomeTaxExpense": 21800000,
    "netIncome": 90200000,
    "netIncomeRatio": 0.0610408067,
    "eps": 0.0621,
    "epsdiluted": 0.0621,
    "weightedAverageShsOut": 1451856000,
    "weightedAverageShsOutDil": 1451856000,
    "link": "https://www.sec.gov/Archives/edgar/data/753308/000075330898000006/0000753308-98-000006-index.html",
    "finalLink": "https://www.sec.gov/Archives/edgar/data/37634/"
  },
  {
    "date": "1997-09-30",
    "symbol": "NEE",
    "reportedCurrency": "USD",
    "cik": "0000753308",
    "fillingDate": "1997-11-05",
    "acceptedDate": "1997-11-05 00:00:00",
    "calendarYear": "1997",
    "period": "Q3",
    "revenue": 1859000000,
    "costOfRevenue": 674000000,
    "grossProfit": 1185000000,
    "grossProfitRatio": 0.6374394836,
    "researchAndDevelopmentExpenses": 0,
    "generalAndAdministrativeExpenses": 0,
    "sellingAndMarketingExpenses": 0,
    "sellingGeneralAndAdministrativeExpenses": 0,
    "otherExpenses": 721000000,
    "operatingExpenses": 721000000,
    "costAndExpenses": 1395000000,
    "interestIncome": 0,
    "interestExpense": 0,
    "depreciationAndAmortization": 0,
    "ebitda": 730000000,
    "ebitdaratio": 0.3926842388,
    "operatingIncome": 464000000,
    "operatingIncomeRatio": 0.2495965573,
    "totalOtherIncomeExpensesNet": -58000000,
    "incomeBeforeTax": 406000000,
    "incomeBeforeTaxRatio": 0.2183969876,
    "incomeTaxExpense": 144000000,
    "netIncome": 262400000,
    "netIncomeRatio": 0.1411511565,
    "eps": 0.18,
    "epsdiluted": 0.18,
    "weightedAverageShsOut": 1455240000,
    "weightedAverageShsOutDil": 1455240000,
    "link": "https://www.sec.gov/Archives/edgar/data/753308/000075330897000038/0000753308-97-000038-index.html",
    "finalLink": "https://www.sec.gov/Archives/edgar/data/37634/"
  },
  {
    "date": "1997-06-30",
    "symbol": "NEE",
    "reportedCurrency": "USD",
    "cik": "0000753308",
    "fillingDate": "1997-08-01",
    "acceptedDate": "1997-08-01 00:00:00",
    "calendarYear": "1997",
    "period": "Q2",
    "revenue": 1587000000,
    "costOfRevenue": 560000000,
    "grossProfit": 1027000000,
    "grossProfitRatio": 0.6471329553,
    "researchAndDevelopmentExpenses": 0,
    "generalAndAdministrativeExpenses": 0,
    "sellingAndMarketingExpenses": 0,
    "sellingGeneralAndAdministrativeExpenses": 0,
    "otherExpenses": 706000000,
    "operatingExpenses": 706000000,
    "costAndExpenses": 1266000000,
    "interestIncome": 0,
    "interestExpense": 0,
    "depreciationAndAmortization": 0,
    "ebitda": 583000000,
    "ebitdaratio": 0.3673597984,
    "operatingIncome": 321000000,
    "operatingIncomeRatio": 0.202268431,
    "totalOtherIncomeExpensesNet": -74000000,
    "incomeBeforeTax": 247000000,
    "incomeBeforeTaxRatio": 0.1556395715,
    "incomeTaxExpense": 83000000,
    "netIncome": 164400000,
    "netIncomeRatio": 0.1035916824,
    "eps": 0.11,
    "epsdiluted": 0.11,
    "weightedAverageShsOut": 1456744000,
    "weightedAverageShsOutDil": 1456744000,
    "link": "https://www.sec.gov/Archives/edgar/data/753308/000075330897000031/0000753308-97-000031-index.html",
    "finalLink": "https://www.sec.gov/Archives/edgar/data/37634/"
  },
  {
    "date": "1997-03-31",
    "symbol": "NEE",
    "reportedCurrency": "USD",
    "cik": "0000753308",
    "fillingDate": "1997-05-02",
    "acceptedDate": "1997-05-02 00:00:00",
    "calendarYear": "1997",
    "period": "Q1",
    "revenue": 1445000000,
    "costOfRevenue": 544000000,
    "grossProfit": 901000000,
    "grossProfitRatio": 0.6235294118,
    "researchAndDevelopmentExpenses": 0,
    "generalAndAdministrativeExpenses": 0,
    "sellingAndMarketingExpenses": 0,
    "sellingGeneralAndAdministrativeExpenses": 0,
    "otherExpenses": 676000000,
    "operatingExpenses": 676000000,
    "costAndExpenses": 1220000000,
    "interestIncome": 0,
    "interestExpense": 0,
    "depreciationAndAmortization": 0,
    "ebitda": 493000000,
    "ebitdaratio": 0.3411764706,
    "operatingIncome": 225000000,
    "operatingIncomeRatio": 0.1557093426,
    "totalOtherIncomeExpensesNet": -69000000,
    "incomeBeforeTax": 156000000,
    "incomeBeforeTaxRatio": 0.1079584775,
    "incomeTaxExpense": 55000000,
    "netIncome": 101100000,
    "netIncomeRatio": 0.0699653979,
    "eps": 0.0693,
    "epsdiluted": 0.0693,
    "weightedAverageShsOut": 1459552000,
    "weightedAverageShsOutDil": 1459552000,
    "link": "https://www.sec.gov/Archives/edgar/data/753308/000075330897000015/0000753308-97-000015-index.html",
    "finalLink": "https://www.sec.gov/Archives/edgar/data/37634/"
  },
  {
    "date": "1996-12-31",
    "symbol": "NEE",
    "reportedCurrency": "USD",
    "cik": "0000753308",
    "fillingDate": "1997-03-06",
    "acceptedDate": "1997-03-06 00:00:00",
    "calendarYear": "1996",
    "period": "Q4",
    "revenue": 1435400000,
    "costOfRevenue": 552300000,
    "grossProfit": 883100000,
    "grossProfitRatio": 0.6152292044,
    "researchAndDevelopmentExpenses": 0,
    "generalAndAdministrativeExpenses": 0,
    "sellingAndMarketingExpenses": 0,
    "sellingGeneralAndAdministrativeExpenses": 0,
    "otherExpenses": 694200000,
    "operatingExpenses": 694200000,
    "costAndExpenses": 1246500000,
    "interestIncome": 0,
    "interestExpense": 0,
    "depreciationAndAmortization": 0,
    "ebitda": 392000000,
    "ebitdaratio": 0.2730946078,
    "operatingIncome": 188900000,
    "operatingIncomeRatio": 0.1316009475,
    "totalOtherIncomeExpensesNet": -71200000,
    "incomeBeforeTax": 117700000,
    "incomeBeforeTaxRatio": 0.0819980493,
    "incomeTaxExpense": 32300000,
    "netIncome": 85400000,
    "netIncomeRatio": 0.059495611,
    "eps": 0.0585,
    "epsdiluted": 0.0585,
    "weightedAverageShsOut": 1459552000,
    "weightedAverageShsOutDil": 1459552000,
    "link": "https://www.sec.gov/Archives/edgar/data/753308/000075330897000010/0000753308-97-000010-index.html",
    "finalLink": "https://www.sec.gov/Archives/edgar/data/37634/"
  },
  {
    "date": "1996-09-30",
    "symbol": "NEE",
    "reportedCurrency": "USD",
    "cik": "0000753308",
    "fillingDate": "1996-11-05",
    "acceptedDate": "1996-11-05 00:00:00",
    "calendarYear": "1996",
    "period": "Q3",
    "revenue": 1769600000,
    "costOfRevenue": 628500000,
    "grossProfit": 1141100000,
    "grossProfitRatio": 0.644834991,
    "researchAndDevelopmentExpenses": 0,
    "generalAndAdministrativeExpenses": 0,
    "sellingAndMarketingExpenses": 0,
    "sellingGeneralAndAdministrativeExpenses": 0,
    "otherExpenses": 682000000,
    "operatingExpenses": 682000000,
    "costAndExpenses": 1310500000,
    "interestIncome": 0,
    "interestExpense": 0,
    "depreciationAndAmortization": 0,
    "ebitda": 716900000,
    "ebitdaratio": 0.4051198011,
    "operatingIncome": 459100000,
    "operatingIncomeRatio": 0.2594371609,
    "totalOtherIncomeExpensesNet": -66900000,
    "incomeBeforeTax": 392200000,
    "incomeBeforeTaxRatio": 0.2216320072,
    "incomeTaxExpense": 142100000,
    "netIncome": 250100000,
    "netIncomeRatio": 0.1413313743,
    "eps": 0.17,
    "epsdiluted": 0.17,
    "weightedAverageShsOut": 1463984000,
    "weightedAverageShsOutDil": 1463984000,
    "link": "https://www.sec.gov/Archives/edgar/data/753308/000075330896000028/0000753308-96-000028-index.html",
    "finalLink": "https://www.sec.gov/Archives/edgar/data/37634/"
  },
  {
    "date": "1996-06-30",
    "symbol": "NEE",
    "reportedCurrency": "USD",
    "cik": "0000753308",
    "fillingDate": "1996-08-08",
    "acceptedDate": "1996-08-08 00:00:00",
    "calendarYear": "1996",
    "period": "Q2",
    "revenue": 1474100000,
    "costOfRevenue": 500200000,
    "grossProfit": 973900000,
    "grossProfitRatio": 0.6606743097,
    "researchAndDevelopmentExpenses": 0,
    "generalAndAdministrativeExpenses": 0,
    "sellingAndMarketingExpenses": 0,
    "sellingGeneralAndAdministrativeExpenses": 0,
    "otherExpenses": 674700000,
    "operatingExpenses": 674700000,
    "costAndExpenses": 1174900000,
    "interestIncome": 0,
    "interestExpense": 0,
    "depreciationAndAmortization": 0,
    "ebitda": 531100000,
    "ebitdaratio": 0.3602876331,
    "operatingIncome": 299200000,
    "operatingIncomeRatio": 0.2029713045,
    "totalOtherIncomeExpensesNet": -82100000,
    "incomeBeforeTax": 217100000,
    "incomeBeforeTaxRatio": 0.1472763042,
    "incomeTaxExpense": 66800000,
    "netIncome": 150300000,
    "netIncomeRatio": 0.1019605183,
    "eps": 0.1,
    "epsdiluted": 0.1,
    "weightedAverageShsOut": 1466824000,
    "weightedAverageShsOutDil": 1466824000,
    "link": "https://www.sec.gov/Archives/edgar/data/753308/000075330896000023/0000753308-96-000023-index.html",
    "finalLink": "https://www.sec.gov/Archives/edgar/data/37634/"
  },
  {
    "date": "1996-03-31",
    "symbol": "NEE",
    "reportedCurrency": "USD",
    "cik": "0000753308",
    "fillingDate": "1996-05-08",
    "acceptedDate": "1996-05-08 00:00:00",
    "calendarYear": "1996",
    "period": "Q1",
    "revenue": 1357700000,
    "costOfRevenue": 449700000,
    "grossProfit": 908000000,
    "grossProfitRatio": 0.6687780806,
    "researchAndDevelopmentExpenses": 0,
    "generalAndAdministrativeExpenses": 0,
    "sellingAndMarketingExpenses": 0,
    "sellingGeneralAndAdministrativeExpenses": 0,
    "otherExpenses": 684700000,
    "operatingExpenses": 684700000,
    "costAndExpenses": 1134400000,
    "interestIncome": 0,
    "interestExpense": 0,
    "depreciationAndAmortization": 0,
    "ebitda": 491000000,
    "ebitdaratio": 0.3616410105,
    "operatingIncome": 223300000,
    "operatingIncomeRatio": 0.1644693231,
    "totalOtherIncomeExpensesNet": -77000000,
    "incomeBeforeTax": 146300000,
    "incomeBeforeTaxRatio": 0.1077557634,
    "incomeTaxExpense": 52600000,
    "netIncome": 93700000,
    "netIncomeRatio": 0.0690137733,
    "eps": 0.0635,
    "epsdiluted": 0.0635,
    "weightedAverageShsOut": 1476100280,
    "weightedAverageShsOutDil": 1476100280,
    "link": "https://www.sec.gov/Archives/edgar/data/753308/000075330896000009/0000753308-96-000009-index.html",
    "finalLink": "https://www.sec.gov/Archives/edgar/data/37634/"
  },
  {
    "date": "1995-12-31",
    "symbol": "NEE",
    "reportedCurrency": "USD",
    "cik": "0000753308",
    "fillingDate": "1996-03-12",
    "acceptedDate": "1996-03-12 00:00:00",
    "calendarYear": "1995",
    "period": "Q4",
    "revenue": 1361400000,
    "costOfRevenue": 437500000,
    "grossProfit": 923900000,
    "grossProfitRatio": 0.6786396357,
    "researchAndDevelopmentExpenses": 0,
    "generalAndAdministrativeExpenses": 0,
    "sellingAndMarketingExpenses": 0,
    "sellingGeneralAndAdministrativeExpenses": 0,
    "otherExpenses": 735500000,
    "operatingExpenses": 735500000,
    "costAndExpenses": 1173000000,
    "interestIncome": 0,
    "interestExpense": 0,
    "depreciationAndAmortization": 0,
    "ebitda": 430500000,
    "ebitdaratio": 0.3162185985,
    "operatingIncome": 188400000,
    "operatingIncomeRatio": 0.1383869546,
    "totalOtherIncomeExpensesNet": -78900000,
    "incomeBeforeTax": 109500000,
    "incomeBeforeTaxRatio": 0.0804319083,
    "incomeTaxExpense": 34800000,
    "netIncome": 74700000,
    "netIncomeRatio": 0.0548699868,
    "eps": 0.0506,
    "epsdiluted": 0.0506,
    "weightedAverageShsOut": 1476100280,
    "weightedAverageShsOutDil": 1476100280,
    "link": "https://www.sec.gov/Archives/edgar/data/753308/000075330896000005/0000753308-96-000005-index.html",
    "finalLink": "https://www.sec.gov/Archives/edgar/data/37634/"
  },
  {
    "date": "1995-09-30",
    "symbol": "NEE",
    "reportedCurrency": "USD",
    "cik": "0000753308",
    "fillingDate": "1995-11-08",
    "acceptedDate": "1995-11-08 00:00:00",
    "calendarYear": "1995",
    "period": "Q3",
    "revenue": 1587000000,
    "costOfRevenue": 480900000,
    "grossProfit": 1106100000,
    "grossProfitRatio": 0.6969754253,
    "researchAndDevelopmentExpenses": 0,
    "generalAndAdministrativeExpenses": 0,
    "sellingAndMarketingExpenses": 0,
    "sellingGeneralAndAdministrativeExpenses": 0,
    "otherExpenses": 658200000,
    "operatingExpenses": 658200000,
    "costAndExpenses": 1139100000,
    "interestIncome": 0,
    "interestExpense": 0,
    "depreciationAndAmortization": 0,
    "ebitda": 660600000,
    "ebitdaratio": 0.4162570888,
    "operatingIncome": 447900000,
    "operatingIncomeRatio": 0.2822306238,
    "totalOtherIncomeExpensesNet": -70300000,
    "incomeBeforeTax": 377600000,
    "incomeBeforeTaxRatio": 0.2379332073,
    "incomeTaxExpense": 137200000,
    "netIncome": 240400000,
    "netIncomeRatio": 0.1514807813,
    "eps": 0.16,
    "epsdiluted": 0.16,
    "weightedAverageShsOut": 1476104000,
    "weightedAverageShsOutDil": 1476104000,
    "link": "https://www.sec.gov/Archives/edgar/data/753308/000075330895000029/0000753308-95-000029-index.html",
    "finalLink": "https://www.sec.gov/Archives/edgar/data/753308/"
  }
]