[
  {
    "date": "2024-12-31",
    "symbol": "NEE",
    "reportedCurrency": "USD",
    "cik": "0000753308",
    "fillingDate": "2025-02-14",
    "acceptedDate": "2025-02-14 14:23:43",
    "calendarYear": "2024",
    "period": "FY",
    "revenue": 24753000000,
    "costOfRevenue": 9886000000,
    "grossProfit": 14867000000,
    "grossProfitRatio": 0.600614067,
    "researchAndDevelopmentExpenses": 0,
    "generalAndAdministrativeExpenses": 0,
    "sellingAndMarketingExpenses": 0,
    "sellingGeneralAndAdministrativeExpenses": 0,
    "otherExpenses": 7388000000,
    "operatingExpenses": 7388000000,
    "costAndExpenses": 17274000000,
    "interestIncome": 0,
    "interestExpense": 2235000000,
    "depreciationAndAmortization": 5761000000,
    "ebitda": 14033000000,
    "ebitdaratio": 0.5669211813,
    "operatingIncome": 7479000000,
    "operatingIncomeRatio": 0.3021451945,
    "totalOtherIncomeExpensesNet": -1442000000,
    "incomeBeforeTax": 6037000000,
    "incomeBeforeTaxRatio": 0.2438896295,
    "incomeTaxExpense": 339000000,
    "netIncome": 6946000000,
    "netIncomeRatio": 0.280612451,
    "eps": 3.38,
    "epsdiluted": 3.37,
    "weightedAverageShsOut": 2057000000,
    "weightedAverageShsOutDil": 2059000000,
    "link": "https://www.sec.gov/Archives/edgar/data/753308/000075330825000011/0000753308-25-000011-index.htm",
    "finalLink": "https://www.sec.gov/Archives/edgar/data/37634/000075330825000011/nee-20241231.htm"
  },
  {
    "date": "2023-12-31",
    "symbol": "NEE",
    "reportedCurrency": "USD",
    "cik": "0000753308",
    "fillingDate": "2024-02-16",
    "acceptedDate": "2024-02-16 17:17:00",
    "calendarYear": "2023",
    "period": "FY",
    "revenue": 28114000000,
    "costOfRevenue": 10138000000,
    "grossProfit": 17976000000,
    "grossProfitRatio": 0.6393967418,
    "researchAndDevelopmentExpenses": 0,
    "generalAndAdministrativeExpenses": 0,
    "sellingAndMarketingExpenses": 0,
    "sellingGeneralAndAdministrativeExpenses": 0,
    "otherExpenses": 7739000000,
    "operatingExpenses": 7739000000,
    "costAndExpenses": 17877000000,
    "interestIncome": 0,
    "interestExpense": 3324000000,
    "depreciationAndAmortization": 6151000000,
    "ebitda": 16763000000,
    "ebitdaratio": 0.5962509782,
    "operatingIncome": 10237000000,
    "operatingIncomeRatio": 0.3641246354,
    "totalOtherIncomeExpensesNet": -2949000000,
    "incomeBeforeTax": 7288000000,
    "incomeBeforeTaxRatio": 0.2592302767,
    "incomeTaxExpense": 1006000000,
    "netIncome": 7310000000,
    "netIncomeRatio": 0.260012805,
    "eps": 3.61,
    "epsdiluted": 3.6,
    "weightedAverageShsOut": 2026100000,
    "weightedAverageShsOutDil": 2030800000,
    "link": "https://www.sec.gov/Archives/edgar/data/753308/000075330824000008/0000753308-24-000008-index.htm",
    "finalLink": "https://www.sec.gov/Archives/edgar/data/37634/000075330824000008/nee-20231231.htm"
  },
  {
    "date": "2022-12-31",
    "symbol": "NEE",
    "reportedCurrency": "USD",
    "cik": "0000753308",
    "fillingDate": "2023-02-17",
    "acceptedDate": "2023-02-17 16:25:38",
    "calendarYear": "2022",
    "period": "FY",
    "revenue": 20956000000,
    "costOfRevenue": 10817000000,
    "grossProfit": 10139000000,
    "grossProfitRatio": 0.4838232487,
    "researchAndDevelopmentExpenses": 0,
    "generalAndAdministrativeExpenses": 0,
    "sellingAndMarketingExpenses": 0,
    "sellingGeneralAndAdministrativeExpenses": 0,
    "otherExpenses": 6058000000,
    "operatingExpenses": 6058000000,
    "costAndExpenses": 16875000000,
    "interestIncome": 0,
    "interestExpense": 585000000,
    "depreciationAndAmortization": 4790000000,
    "ebitda": 9207000000,
    "ebitdaratio": 0.4393491124,
    "operatingIncome": 4081000000,
    "operatingIncomeRatio": 0.1947413629,
    "totalOtherIncomeExpensesNet": -249000000,
    "incomeBeforeTax": 3832000000,
    "incomeBeforeTaxRatio": 0.1828593243,
    "incomeTaxExpense": 586000000,
    "netIncome": 4147000000,
    "netIncomeRatio": 0.1978908189,
    "eps": 2.1023,
    "epsdiluted": 2.0959,
    "weightedAverageShsOut": 1972600000,
    "weightedAverageShsOutDil": 1978600000,
    "link": "https://www.sec.gov/Archives/edgar/data/753308/000075330823000019/0000753308-23-000019-index.htm",
    "finalLink": "https://www.sec.gov/Archives/edgar/data/37634/000075330823000019/nee-20221231.htm"
  },
  {
    "date": "2021-12-31",
    "symbol": "NEE",
    "reportedCurrency": "USD",
    "cik": "0000753308",
    "fillingDate": "2022-02-18",
    "acceptedDate": "2022-02-18 06:28:58",
    "calendarYear": "2021",
    "period": "FY",
    "revenue": 17069000000,
    "costOfRevenue": 8508000000,
    "grossProfit": 8561000000,
    "grossProfitRatio": 0.5015525221,
    "researchAndDevelopmentExpenses": 0,
    "generalAndAdministrativeExpenses": 0,
    "sellingAndMarketingExpenses": 0,
    "sellingGeneralAndAdministrativeExpenses": 0,
    "otherExpenses": 5648000000,
    "operatingExpenses": 5648000000,
    "costAndExpenses": 14156000000,
    "interestIncome": 0,
    "interestExpense": 1270000000,
    "depreciationAndAmortization": 4214000000,
    "ebitda": 8659000000,
    "ebitdaratio": 0.5072939247,
    "operatingIncome": 2913000000,
    "operatingIncomeRatio": 0.1706602613,
    "totalOtherIncomeExpensesNet": 262000000,
    "incomeBeforeTax": 3175000000,
    "incomeBeforeTaxRatio": 0.1860097252,
    "incomeTaxExpense": 348000000,
    "netIncome": 3573000000,
    "netIncomeRatio": 0.2093268498,
    "eps": 1.8206,
    "epsdiluted": 1.8117,
    "weightedAverageShsOut": 1962500000,
    "weightedAverageShsOutDil": 1972200000,
    "link": "https://www.sec.gov/Archives/edgar/data/753308/000075330822000014/0000753308-22-000014-index.htm",
    "finalLink": "https://www.sec.gov/Archives/edgar/data/37634/000075330822000014/nee-20211231.htm"
  },
  {
    "date": "2020-12-31",
    "symbol": "NEE",
    "reportedCurrency": "USD",
    "cik": "0000753308",
    "fillingDate": "2021-02-12",
    "acceptedDate": "2021-02-12 16:07:50",
    "calendarYear": "2020",
    "period": "FY",
    "revenue": 17997000000,
    "costOfRevenue": 7290000000,
    "grossProfit": 10707000000,
    "grossProfitRatio": 0.5949324887,
    "researchAndDevelopmentExpenses": 0,
    "generalAndAdministrativeExpenses": 0,
    "sellingAndMarketingExpenses": 0,
    "sellingGeneralAndAdministrativeExpenses": 0,
    "otherExpenses": 5591000000,
    "operatingExpenses": 5591000000,
    "costAndExpenses": 12881000000,
    "interestIncome": 0,
    "interestExpense": 1950000000,
    "depreciationAndAmortization": 4315000000,
    "ebitda": 8678000000,
    "ebitdaratio": 0.4821914764,
    "operatingIncome": 5116000000,
    "operatingIncomeRatio": 0.2842696005,
    "totalOtherIncomeExpensesNet": -2703000000,
    "incomeBeforeTax": 2413000000,
    "incomeBeforeTaxRatio": 0.1340779019,
    "incomeTaxExpense": 44000000,
    "netIncome": 2919000000,
    "netIncomeRatio": 0.1621936989,
    "eps": 1.49,
    "epsdiluted": 1.48,
    "weightedAverageShsOut": 1959000000,
    "weightedAverageShsOutDil": 1968800000,
    "link": "https://www.sec.gov/Archives/edgar/data/753308/000075330821000014/0000753308-21-000014-index.htm",
    "finalLink": "https://www.sec.gov/Archives/edgar/data/37634/000075330821000014/nee-20201231.htm"
  },
  {
    "date": "2019-12-31",
    "symbol": "NEE",
    "reportedCurrency": "USD",
    "cik": "0000753308",
    "fillingDate": "2020-02-14",
    "acceptedDate": "2020-02-14 15:24:19",
    "calendarYear": "2019",
    "period": "FY",
    "revenue": 19204000000,
    "costOfRevenue": 8003000000,
    "grossProfit": 11201000000,
    "grossProfitRatio": 0.5832639034,
    "researchAndDevelopmentExpenses": 0,
    "generalAndAdministrativeExpenses": 0,
    "sellingAndMarketingExpenses": 0,
    "sellingGeneralAndAdministrativeExpenses": 0,
    "otherExpenses": 5848000000,
    "operatingExpenses": 5848000000,
    "costAndExpenses": 13851000000,
    "interestIncome": 0,
    "interestExpense": 2249000000,
    "depreciationAndAmortization": 4478000000,
    "ebitda": 10563000000,
    "ebitdaratio": 0.550041658,
    "operatingIncome": 5353000000,
    "operatingIncomeRatio": 0.2787440117,
    "totalOtherIncomeExpensesNet": -1517000000,
    "incomeBeforeTax": 3836000000,
    "incomeBeforeTaxRatio": 0.1997500521,
    "incomeTaxExpense": 448000000,
    "netIncome": 3769000000,
    "netIncomeRatio": 0.1962611956,
    "eps": 1.95,
    "epsdiluted": 1.94,
    "weightedAverageShsOut": 1928000000,
    "weightedAverageShsOutDil": 1942000000,
    "link": "https://www.sec.gov/Archives/edgar/data/37634/000075330820000021/0000753308-20-000021-index.html",
    "finalLink": "https://www.sec.gov/Archives/edgar/data/37634/000075330820000021/nee-12312019x10k.htm"
  },
  {
    "date": "2018-12-31",
    "symbol": "NEE",
    "reportedCurrency": "USD",
    "cik": "0000753308",
    "fillingDate": "2019-02-15",
    "acceptedDate": "2019-02-15 17:22:00",
    "calendarYear": "2018",
    "period": "FY",
    "revenue": 16727000000,
    "costOfRevenue": 7062000000,
    "grossProfit": 9665000000,
    "grossProfitRatio": 0.5778083338,
    "researchAndDevelopmentExpenses": 0,
    "generalAndAdministrativeExpenses": 0,
    "sellingAndMarketingExpenses": 0,
    "sellingGeneralAndAdministrativeExpenses": 0,
    "otherExpenses": 5385000000,
    "operatingExpenses": 5385000000,
    "costAndExpenses": 12447000000,
    "interestIncome": 51000000,
    "interestExpense": 1498000000,
    "depreciationAndAmortization": 4147000000,
    "ebitda": 12997000000,
    "ebitdaratio": 0.7770072338,
    "operatingIncome": 4280000000,
    "operatingIncomeRatio": 0.2558737371,
    "totalOtherIncomeExpensesNet": 3072000000,
    "incomeBeforeTax": 7352000000,
    "incomeBeforeTaxRatio": 0.4395289054,
    "incomeTaxExpense": 1576000000,
    "netIncome": 6638000000,
    "netIncomeRatio": 0.3968434268,
    "eps": 3.51,
    "epsdiluted": 3.47,
    "weightedAverageShsOut": 1892800000,
    "weightedAverageShsOutDil": 1912000000,
    "link": "https://www.sec.gov/Archives/edgar/data/753308/000075330819000039/0000753308-19-000039-index.htm",
    "finalLink": "https://www.sec.gov/Archives/edgar/data/37634/000075330819000039/nee-12312018x10k.htm"
  },
  {
    "date": "2017-12-31",
    "symbol": "NEE",
    "reportedCurrency": "USD",
    "cik": "0000753308",
    "fillingDate": "2018-02-16",
    "acceptedDate": "2018-02-16 15:44:58",
    "calendarYear": "2017",
    "period": "FY",
    "revenue": 17173000000,
    "costOfRevenue": 7529000000,
    "grossProfit": 9644000000,
    "grossProfitRatio": 0.5615792232,
    "researchAndDevelopmentExpenses": 0,
    "generalAndAdministrativeExpenses": 0,
    "sellingAndMarketingExpenses": 0,
    "sellingGeneralAndAdministrativeExpenses": 0,
    "otherExpenses": 4471000000,
    "operatingExpenses": 4471000000,
    "costAndExpenses": 12000000000,
    "interestIncome": 81000000,
    "interestExpense": 1558000000,
    "depreciationAndAmortization": 2638000000,
    "ebitda": 8859000000,
    "ebitdaratio": 0.5158679322,
    "operatingIncome": 5173000000,
    "operatingIncomeRatio": 0.3012286729,
    "totalOtherIncomeExpensesNet": -510000000,
    "incomeBeforeTax": 4663000000,
    "incomeBeforeTaxRatio": 0.2715308915,
    "incomeTaxExpense": -660000000,
    "netIncome": 5380000000,
    "netIncomeRatio": 0.3132824783,
    "eps": 2.85,
    "epsdiluted": 2.84,
    "weightedAverageShsOut": 1884000000,
    "weightedAverageShsOutDil": 1892000000,
    "link": "https://www.sec.gov/Archives/edgar/data/753308/000075330818000013/0000753308-18-000013-index.htm",
    "finalLink": "https://www.sec.gov/Archives/edgar/data/37634/000075330818000013/nee-12312017x10k.htm"
  },
  {
    "date": "2016-12-31",
    "symbol": "NEE",
    "reportedCurrency": "USD",
    "cik": "0000753308",
    "fillingDate": "2017-02-23",
    "acceptedDate": "2017-02-23 15:57:53",
    "calendarYear": "2016",
    "period": "FY",
    "revenue": 16138000000,
    "costOfRevenue": 7521000000,
    "grossProfit": 8617000000,
    "grossProfitRatio": 0.5339571198,
    "researchAndDevelopmentExpenses": 0,
    "generalAndAdministrativeExpenses": 0,
    "sellingAndMarketingExpenses": 0,
    "sellingGeneralAndAdministrativeExpenses": 0,
    "otherExpenses": 4158000000,
    "operatingExpenses": 4158000000,
    "costAndExpenses": 11679000000,
    "interestIncome": 82000000,
    "interestExpense": 1098000000,
    "depreciationAndAmortization": 3428000000,
    "ebitda": 8904000000,
    "ebitdaratio": 0.5517412319,
    "operatingIncome": 4459000000,
    "operatingIncomeRatio": 0.2763043748,
    "totalOtherIncomeExpensesNet": -81000000,
    "incomeBeforeTax": 4378000000,
    "incomeBeforeTaxRatio": 0.2712851654,
    "incomeTaxExpense": 1379000000,
    "netIncome": 2912000000,
    "netIncomeRatio": 0.1804436733,
    "eps": 1.56,
    "epsdiluted": 1.56,
    "weightedAverageShsOut": 1863680000,
    "weightedAverageShsOutDil": 1864000000,
    "link": "https://www.sec.gov/Archives/edgar/data/753308/000075330817000060/0000753308-17-000060-index.htm",
    "finalLink": "https://www.sec.gov/Archives/edgar/data/37634/000075330817000060/nee-12312016x10k.htm"
  },
  {
    "date": "2015-12-31",
    "symbol": "NEE",
    "reportedCurrency": "USD",
    "cik": "0000753308",
    "fillingDate": "2016-02-22",
    "acceptedDate": "2016-02-19 17:37:18",
    "calendarYear": "2015",
    "period": "FY",
    "revenue": 17486000000,
    "costOfRevenue": 8596000000,
    "grossProfit": 8890000000,
    "grossProfitRatio": 0.5084067254,
    "researchAndDevelopmentExpenses": 0,
    "generalAndAdministrativeExpenses": 0,
    "sellingAndMarketingExpenses": 0,
    "sellingGeneralAndAdministrativeExpenses": 0,
    "otherExpenses": 4258000000,
    "operatingExpenses": 4258000000,
    "costAndExpenses": 12854000000,
    "interestIncome": 86000000,
    "interestExpense": 1211000000,
    "depreciationAndAmortization": 3203000000,
    "ebitda": 8404000000,
    "ebitdaratio": 0.4806130619,
    "operatingIncome": 4632000000,
    "operatingIncomeRatio": 0.2648976324,
    "totalOtherIncomeExpensesNet": -642000000,
    "incomeBeforeTax": 3990000000,
    "incomeBeforeTaxRatio": 0.228182546,
    "incomeTaxExpense": 1228000000,
    "netIncome": 2752000000,
    "netIncomeRatio": 0.1573830493,
    "eps": 1.49,
    "epsdiluted": 1.49,
    "weightedAverageShsOut": 1816501650,
    "weightedAverageShsOutDil": 1844000000,
    "link": "https://www.sec.gov/Archives/edgar/data/753308/000075330816000337/0000753308-16-000337-index.htm",
    "finalLink": "https://www.sec.gov/Archives/edgar/data/37634/000075330816000337/nee-12312015x10k.htm"
  },
  {
    "date": "2014-12-31",
    "symbol": "NEE",
    "reportedCurrency": "USD",
    "cik": "0000753308",
    "fillingDate": "2015-02-20",
    "acceptedDate": "2015-02-20 16:20:04",
    "calendarYear": "2014",
    "period": "FY",
    "revenue": 17021000000,
    "costOfRevenue": 8751000000,
    "grossProfit": 8270000000,
    "grossProfitRatio": 0.4858703954,
    "researchAndDevelopmentExpenses": 0,
    "generalAndAdministrativeExpenses": 0,
    "sellingAndMarketingExpenses": 0,
    "sellingGeneralAndAdministrativeExpenses": 0,
    "otherExpenses": 3886000000,
    "operatingExpenses": 3886000000,
    "costAndExpenses": 12637000000,
    "interestIncome": 80000000,
    "interestExpense": 1261000000,
    "depreciationAndAmortization": 2896000000,
    "ebitda": 7802000000,
    "ebitdaratio": 0.4583749486,
    "operatingIncome": 4384000000,
    "operatingIncomeRatio": 0.2575641854,
    "totalOtherIncomeExpensesNet": -739000000,
    "incomeBeforeTax": 3645000000,
    "incomeBeforeTaxRatio": 0.2141472299,
    "incomeTaxExpense": 1176000000,
    "netIncome": 2465000000,
    "netIncomeRatio": 0.1448211033,
    "eps": 1.4,
    "epsdiluted": 1.4,
    "weightedAverageShsOut": 1760714285,
    "weightedAverageShsOutDil": 1760714286,
    "link": "https://www.sec.gov/Archives/edgar/data/753308/000075330815000079/0000753308-15-000079-index.htm",
    "finalLink": "https://www.sec.gov/Archives/edgar/data/37634/000075330815000079/nee-12312014x10k.htm"
  },
  {
    "date": "2013-12-31",
    "symbol": "NEE",
    "reportedCurrency": "USD",
    "cik": "0000753308",
    "fillingDate": "2014-02-24",
    "acceptedDate": "2014-02-24 11:06:46",
    "calendarYear": "2013",
    "period": "FY",
    "revenue": 15136000000,
    "costOfRevenue": 8152000000,
    "grossProfit": 6984000000,
    "grossProfitRatio": 0.4614164905,
    "researchAndDevelopmentExpenses": 0,
    "generalAndAdministrativeExpenses": 0,
    "sellingAndMarketingExpenses": 0,
    "sellingGeneralAndAdministrativeExpenses": 0,
    "otherExpenses": 3743000000,
    "operatingExpenses": 3743000000,
    "costAndExpenses": 11895000000,
    "interestIncome": 78000000,
    "interestExpense": 1121000000,
    "depreciationAndAmortization": 2521000000,
    "ebitda": 6096000000,
    "ebitdaratio": 0.4027484144,
    "operatingIncome": 3241000000,
    "operatingIncomeRatio": 0.2141252643,
    "totalOtherIncomeExpensesNet": -787000000,
    "incomeBeforeTax": 2454000000,
    "incomeBeforeTaxRatio": 0.1621300211,
    "incomeTaxExpense": 777000000,
    "netIncome": 1720000000,
    "netIncomeRatio": 0.1136363636,
    "eps": 1.1,
    "epsdiluted": 1.1,
    "weightedAverageShsOut": 1706870229,
    "weightedAverageShsOutDil": 1740000000,
    "link": "https://www.sec.gov/Archives/edgar/data/753308/000075330814000025/0000753308-14-000025-index.htm",
    "finalLink": "https://www.sec.gov/Archives/edgar/data/37634/000075330814000025/nee-12312013x10k.htm"
  },
  {
    "date": "2012-12-31",
    "symbol": "NEE",
    "reportedCurrency": "USD",
    "cik": "0000753308",
    "fillingDate": "2013-02-28",
    "acceptedDate": "2013-02-28 16:40:05",
    "calendarYear": "2012",
    "period": "FY",
    "revenue": 14256000000,
    "costOfRevenue": 8276000000,
    "grossProfit": 5980000000,
    "grossProfitRatio": 0.4194725028,
    "researchAndDevelopmentExpenses": 0,
    "generalAndAdministrativeExpenses": 0,
    "sellingAndMarketingExpenses": 0,
    "sellingGeneralAndAdministrativeExpenses": 0,
    "otherExpenses": 2704000000,
    "operatingExpenses": 2704000000,
    "costAndExpenses": 10980000000,
    "interestIncome": 86000000,
    "interestExpense": 1038000000,
    "depreciationAndAmortization": 1777000000,
    "ebitda": 5418000000,
    "ebitdaratio": 0.3800505051,
    "operatingIncome": 3276000000,
    "operatingIncomeRatio": 0.2297979798,
    "totalOtherIncomeExpensesNet": -673000000,
    "incomeBeforeTax": 2603000000,
    "incomeBeforeTaxRatio": 0.1825897868,
    "incomeTaxExpense": 692000000,
    "netIncome": 1911000000,
    "netIncomeRatio": 0.1340488215,
    "eps": 1.13,
    "epsdiluted": 1.13,
    "weightedAverageShsOut": 1676315789,
    "weightedAverageShsOutDil": 1696000000,
    "link": "https://www.sec.gov/Archives/edgar/data/753308/000075330813000023/0000753308-13-000023-index.htm",
    "finalLink": "https://www.sec.gov/Archives/edgar/data/37634/000075330813000023/nee-12312012x10k.htm"
  },
  {
    "date": "2011-12-31",
    "symbol": "NEE",
    "reportedCurrency": "USD",
    "cik": "0000753308",
    "fillingDate": "2012-02-28",
    "acceptedDate": "2012-02-28 15:26:15",
    "calendarYear": "2011",
    "period": "FY",
    "revenue": 15341000000,
    "costOfRevenue": 9258000000,
    "grossProfit": 6083000000,
    "grossProfitRatio": 0.3965191317,
    "researchAndDevelopmentExpenses": 0,
    "generalAndAdministrativeExpenses": 0,
    "sellingAndMarketingExpenses": 0,
    "sellingGeneralAndAdministrativeExpenses": 0,
    "otherExpenses": 2822000000,
    "operatingExpenses": 2822000000,
    "costAndExpenses": 12080000000,
    "interestIncome": 79000000,
    "interestExpense": 1035000000,
    "depreciationAndAmortization": 1849000000,
    "ebitda": 5336000000,
    "ebitdaratio": 0.347826087,
    "operatingIncome": 3261000000,
    "operatingIncomeRatio": 0.2125676292,
    "totalOtherIncomeExpensesNet": -809000000,
    "incomeBeforeTax": 2452000000,
    "incomeBeforeTaxRatio": 0.1598331269,
    "incomeTaxExpense": 529000000,
    "netIncome": 1923000000,
    "netIncomeRatio": 0.1253503683,
    "eps": 1.15,
    "epsdiluted": 1.15,
    "weightedAverageShsOut": 1676000000,
    "weightedAverageShsOutDil": 1676000000,
    "link": "https://www.sec.gov/Archives/edgar/data/753308/000075330812000025/0000753308-12-000025-index.htm",
    "finalLink": "https://www.sec.gov/Archives/edgar/data/37634/000075330812000025/nee-12312011x10k.htm"
  },
  {
    "date": "2010-12-31",
    "symbol": "NEE",
    "reportedCurrency": "USD",
    "cik": "0000753308",
    "fillingDate": "2011-02-28",
    "acceptedDate": "2011-02-28 10:42:56",
    "calendarYear": "2010",
    "period": "FY",
    "revenue": 15317000000,
    "costOfRevenue": 9119000000,
    "grossProfit": 6198000000,
    "grossProfitRatio": 0.4046484298,
    "researchAndDevelopmentExpenses": 0,
    "generalAndAdministrativeExpenses": 0,
    "sellingAndMarketingExpenses": 0,
    "sellingGeneralAndAdministrativeExpenses": 0,
    "otherExpenses": 2971000000,
    "operatingExpenses": 2971000000,
    "costAndExpenses": 12090000000,
    "interestIncome": 91000000,
    "interestExpense": 979000000,
    "depreciationAndAmortization": 2073000000,
    "ebitda": 5541000000,
    "ebitdaratio": 0.3617549128,
    "operatingIncome": 3227000000,
    "operatingIncomeRatio": 0.2106809427,
    "totalOtherIncomeExpensesNet": -738000000,
    "incomeBeforeTax": 2489000000,
    "incomeBeforeTaxRatio": 0.1624991839,
    "incomeTaxExpense": 532000000,
    "netIncome": 1957000000,
    "netIncomeRatio": 0.1277665339,
    "eps": 1.19,
    "epsdiluted": 1.18,
    "weightedAverageShsOut": 1641200000,
    "weightedAverageShsOutDil": 1652000000,
    "link": "https://www.sec.gov/Archives/edgar/data/753308/000075330811000025/0000753308-11-000025-index.htm",
    "finalLink": "https://www.sec.gov/Archives/edgar/data/37634/000075330811000025/form10k123110.htm"
  },
  {
    "date": "2009-12-31",
    "symbol": "NEE",
    "reportedCurrency": "USD",
    "cik": "0000753308",
    "fillingDate": "2010-02-26",
    "acceptedDate": "2010-02-26 14:59:17",
    "calendarYear": "2009",
    "period": "FY",
    "revenue": 15643000000,
    "costOfRevenue": 7405000000,
    "grossProfit": 8238000000,
    "grossProfitRatio": 0.5266253276,
    "researchAndDevelopmentExpenses": 0,
    "generalAndAdministrativeExpenses": 0,
    "sellingAndMarketingExpenses": 0,
    "sellingGeneralAndAdministrativeExpenses": 0,
    "otherExpenses": 5644000000,
    "operatingExpenses": 5644000000,
    "costAndExpenses": 13049000000,
    "interestIncome": 78000000,
    "interestExpense": 849000000,
    "depreciationAndAmortization": 2004000000,
    "ebitda": 4795000000,
    "ebitdaratio": 0.306526881,
    "operatingIncome": 2594000000,
    "operatingIncomeRatio": 0.1658249696,
    "totalOtherIncomeExpensesNet": -652000000,
    "incomeBeforeTax": 1942000000,
    "incomeBeforeTaxRatio": 0.124144985,
    "incomeTaxExpense": 327000000,
    "netIncome": 1615000000,
    "netIncomeRatio": 0.1032410663,
    "eps": 0.99,
    "epsdiluted": 0.99,
    "weightedAverageShsOut": 1628000000,
    "weightedAverageShsOutDil": 1628000000,
    "link": "https://www.sec.gov/Archives/edgar/data/753308/000075330810000025/0000753308-10-000025-index.htm",
    "finalLink": "https://www.sec.gov/Archives/edgar/data/37634/000075330810000025/form10k123109.htm"
  },
  {
    "date": "2008-12-31",
    "symbol": "NEE",
    "reportedCurrency": "USD",
    "cik": "0000753308",
    "fillingDate": "2009-02-27",
    "acceptedDate": "2009-02-26 19:15:04",
    "calendarYear": "2008",
    "period": "FY",
    "revenue": 16410000000,
    "costOfRevenue": 8412000000,
    "grossProfit": 7998000000,
    "grossProfitRatio": 0.4873857404,
    "researchAndDevelopmentExpenses": 0,
    "generalAndAdministrativeExpenses": 0,
    "sellingAndMarketingExpenses": 0,
    "sellingGeneralAndAdministrativeExpenses": 0,
    "otherExpenses": 5173000000,
    "operatingExpenses": 5173000000,
    "costAndExpenses": 13585000000,
    "interestIncome": 72000000,
    "interestExpense": 813000000,
    "depreciationAndAmortization": 1643000000,
    "ebitda": 4545000000,
    "ebitdaratio": 0.2769652651,
    "operatingIncome": 2825000000,
    "operatingIncomeRatio": 0.1721511274,
    "totalOtherIncomeExpensesNet": -736000000,
    "incomeBeforeTax": 2089000000,
    "incomeBeforeTaxRatio": 0.1273004266,
    "incomeTaxExpense": 450000000,
    "netIncome": 1639000000,
    "netIncomeRatio": 0.0998781231,
    "eps": 1.02,
    "epsdiluted": 1.02,
    "weightedAverageShsOut": 1600400000,
    "weightedAverageShsOutDil": 1610800000,
    "link": "https://www.sec.gov/Archives/edgar/data/753308/000075330809000025/0000753308-09-000025-index.htm",
    "finalLink": "https://www.sec.gov/Archives/edgar/data/37634/000075330809000025/form10k123108.htm"
  },
  {
    "date": "2007-12-31",
    "symbol": "NEE",
    "reportedCurrency": "USD",
    "cik": "0000753308",
    "fillingDate": "2008-02-28",
    "acceptedDate": "2008-02-28 15:34:56",
    "calendarYear": "2007",
    "period": "FY",
    "revenue": 15263000000,
    "costOfRevenue": 8192000000,
    "grossProfit": 7071000000,
    "grossProfitRatio": 0.4632772063,
    "researchAndDevelopmentExpenses": 0,
    "generalAndAdministrativeExpenses": 0,
    "sellingAndMarketingExpenses": 0,
    "sellingGeneralAndAdministrativeExpenses": 0,
    "otherExpenses": 4788000000,
    "operatingExpenses": 4788000000,
    "costAndExpenses": 12980000000,
    "interestIncome": 0,
    "interestExpense": 0,
    "depreciationAndAmortization": 1479000000,
    "ebitda": 3762000000,
    "ebitdaratio": 0.2464784118,
    "operatingIncome": 2283000000,
    "operatingIncomeRatio": 0.1495774094,
    "totalOtherIncomeExpensesNet": -603000000,
    "incomeBeforeTax": 1680000000,
    "incomeBeforeTaxRatio": 0.1100701042,
    "incomeTaxExpense": 368000000,
    "netIncome": 1312000000,
    "netIncomeRatio": 0.0859595099,
    "eps": 0.82,
    "epsdiluted": 0.82,
    "weightedAverageShsOut": 1590800000,
    "weightedAverageShsOutDil": 1602400000,
    "link": "https://www.sec.gov/Archives/edgar/data/753308/000075330808000003/0000753308-08-000003-index.htm",
    "finalLink": "https://www.sec.gov/Archives/edgar/data/37634/000075330808000003/form10k2007.htm"
  },
  {
    "date": "2006-12-31",
    "symbol": "NEE",
    "reportedCurrency": "USD",
    "cik": "0000753308",
    "fillingDate": "2007-02-27",
    "acceptedDate": "2007-02-27 13:47:18",
    "calendarYear": "2006",
    "period": "FY",
    "revenue": 15710000000,
    "costOfRevenue": 8943000000,
    "grossProfit": 6767000000,
    "grossProfitRatio": 0.4307447486,
    "researchAndDevelopmentExpenses": 0,
    "generalAndAdministrativeExpenses": 0,
    "sellingAndMarketingExpenses": 0,
    "sellingGeneralAndAdministrativeExpenses": 0,
    "otherExpenses": 4670000000,
    "operatingExpenses": 4670000000,
    "costAndExpenses": 13613000000,
    "interestIncome": 0,
    "interestExpense": 0,
    "depreciationAndAmortization": 1421000000,
    "ebitda": 3518000000,
    "ebitdaratio": 0.2239338001,
    "operatingIncome": 2097000000,
    "operatingIncomeRatio": 0.1334818587,
    "totalOtherIncomeExpensesNet": -419000000,
    "incomeBeforeTax": 1678000000,
    "incomeBeforeTaxRatio": 0.1068109484,
    "incomeTaxExpense": 397000000,
    "netIncome": 1281000000,
    "netIncomeRatio": 0.0815404201,
    "eps": 0.81,
    "epsdiluted": 0.81,
    "weightedAverageShsOut": 1574000000,
    "weightedAverageShsOutDil": 1586000000,
    "link": "https://www.sec.gov/Archives/edgar/data/753308/000075330807000016/0000753308-07-000016-index.htm",
    "finalLink": "https://www.sec.gov/Archives/edgar/data/37634/000075330807000016/form10k2006.htm"
  },
  {
    "date": "2005-12-31",
    "symbol": "NEE",
    "reportedCurrency": "USD",
    "cik": "0000753308",
    "fillingDate": "2006-02-23",
    "acceptedDate": "2006-02-23 16:04:29",
    "calendarYear": "2005",
    "period": "FY",
    "revenue": 11846000000,
    "costOfRevenue": 6171000000,
    "grossProfit": 5675000000,
    "grossProfitRatio": 0.4790646632,
    "researchAndDevelopmentExpenses": 0,
    "generalAndAdministrativeExpenses": 0,
    "sellingAndMarketingExpenses": 0,
    "sellingGeneralAndAdministrativeExpenses": 0,
    "otherExpenses": 4185000000,
    "operatingExpenses": 4185000000,
    "costAndExpenses": 10356000000,
    "interestIncome": 0,
    "interestExpense": 0,
    "depreciationAndAmortization": 1496000000,
    "ebitda": 2986000000,
    "ebitdaratio": 0.2520682087,
    "operatingIncome": 1490000000,
    "operatingIncomeRatio": 0.1257808543,
    "totalOtherIncomeExpensesNet": -307000000,
    "incomeBeforeTax": 1183000000,
    "incomeBeforeTaxRatio": 0.0998649333,
    "incomeTaxExpense": 282000000,
    "netIncome": 901000000,
    "netIncomeRatio": 0.0760594293,
    "eps": 0.58,
    "epsdiluted": 0.57,
    "weightedAverageShsOut": 1520400000,
    "weightedAverageShsOutDil": 1542800000,
    "link": "https://www.sec.gov/Archives/edgar/data/753308/000075330806000032/0000753308-06-000032-index.htm",
    "finalLink": "https://www.sec.gov/Archives/edgar/data/37634/000075330806000032/file10k2005.htm"
  },
  {
    "date": "2004-12-31",
    "symbol": "NEE",
    "reportedCurrency": "USD",
    "cik": "0000753308",
    "fillingDate": "2005-02-28",
    "acceptedDate": "2005-02-25 18:08:33",
    "calendarYear": "2004",
    "period": "FY",
    "revenue": 10522000000,
    "costOfRevenue": 5217000000,
    "grossProfit": 5305000000,
    "grossProfitRatio": 0.5041817145,
    "researchAndDevelopmentExpenses": 0,
    "generalAndAdministrativeExpenses": 0,
    "sellingAndMarketingExpenses": 0,
    "sellingGeneralAndAdministrativeExpenses": 1672000000,
    "otherExpenses": 3820000000,
    "operatingExpenses": 3820000000,
    "costAndExpenses": 9037000000,
    "interestIncome": 0,
    "interestExpense": 0,
    "depreciationAndAmortization": 1246000000,
    "ebitda": 2731000000,
    "ebitdaratio": 0.2595514161,
    "operatingIncome": 1485000000,
    "operatingIncomeRatio": 0.1411328645,
    "totalOtherIncomeExpensesNet": -317000000,
    "incomeBeforeTax": 1168000000,
    "incomeBeforeTaxRatio": 0.1110055123,
    "incomeTaxExpense": 272000000,
    "netIncome": 887000000,
    "netIncomeRatio": 0.0842995628,
    "eps": 0.62,
    "epsdiluted": 0.62,
    "weightedAverageShsOut": 1432000000,
    "weightedAverageShsOutDil": 1441600000,
    "link": "https://www.sec.gov/Archives/edgar/data/753308/000075330805000017/0000753308-05-000017-index.htm",
    "finalLink": "https://www.sec.gov/Archives/edgar/data/37634/000075330805000017/file10k2004.htm"
  },
  {
    "date": "2003-12-31",
    "symbol": "NEE",
    "reportedCurrency": "USD",
    "cik": "0000753308",
    "fillingDate": "2004-02-27",
    "acceptedDate": "2004-02-27 17:25:07",
    "calendarYear": "2003",
    "period": "FY",
    "revenue": 9630000000,
    "costOfRevenue": 4539000000,
    "grossProfit": 5091000000,
    "grossProfitRatio": 0.5286604361,
    "researchAndDevelopmentExpenses": 0,
    "generalAndAdministrativeExpenses": 0,
    "sellingAndMarketingExpenses": 0,
    "sellingGeneralAndAdministrativeExpenses": 0,
    "otherExpenses": 3560000000,
    "operatingExpenses": 3560000000,
    "costAndExpenses": 8099000000,
    "interestIncome": 0,
    "interestExpense": 0,
    "depreciationAndAmortization": 1118000000,
    "ebitda": 2649000000,
    "ebitdaratio": 0.2750778816,
    "operatingIncome": 1531000000,
    "operatingIncomeRatio": 0.1589823468,
    "totalOtherIncomeExpensesNet": -270000000,
    "incomeBeforeTax": 1261000000,
    "incomeBeforeTaxRatio": 0.1309449637,
    "incomeTaxExpense": 368000000,
    "netIncome": 890000000,
    "netIncomeRatio": 0.0924195223,
    "eps": 0.63,
    "epsdiluted": 0.63,
    "weightedAverageShsOut": 1418400000,
    "weightedAverageShsOutDil": 1422400000,
    "link": "https://www.sec.gov/Archives/edgar/data/753308/000075330804000017/0000753308-04-000017-index.htm",
    "finalLink": "https://www.sec.gov/Archives/edgar/data/37634/000075330804000017/file10k2003.htm"
  },
  {
    "date": "2002-12-31",
    "symbol": "NEE",
    "reportedCurrency": "USD",
    "cik": "0000753308",
    "fillingDate": "2003-03-27",
    "acceptedDate": "2003-03-26 21:39:20",
    "calendarYear": "2002",
    "period": "FY",
    "revenue": 8173000000,
    "costOfRevenue": 3576000000,
    "grossProfit": 4597000000,
    "grossProfitRatio": 0.5624617643,
    "researchAndDevelopmentExpenses": 0,
    "generalAndAdministrativeExpenses": 0,
    "sellingAndMarketingExpenses": 0,
    "sellingGeneralAndAdministrativeExpenses": 0,
    "otherExpenses": 3420000000,
    "operatingExpenses": 3420000000,
    "costAndExpenses": 6996000000,
    "interestIncome": 0,
    "interestExpense": 0,
    "depreciationAndAmortization": 908000000,
    "ebitda": 2129000000,
    "ebitdaratio": 0.2604918635,
    "operatingIncome": 1177000000,
    "operatingIncomeRatio": 0.1440107672,
    "totalOtherIncomeExpensesNet": -238000000,
    "incomeBeforeTax": 939000000,
    "incomeBeforeTaxRatio": 0.1148904931,
    "incomeTaxExpense": 244000000,
    "netIncome": 473000000,
    "netIncomeRatio": 0.0578734859,
    "eps": 0.34,
    "epsdiluted": 0.34,
    "weightedAverageShsOut": 1374400000,
    "weightedAverageShsOutDil": 1376800000,
    "link": "https://www.sec.gov/Archives/edgar/data/753308/000075330803000017/0000753308-03-000017-index.htm",
    "finalLink": "https://www.sec.gov/Archives/edgar/data/37634/000075330803000017/file10k2002.htm"
  },
  {
    "date": "2001-12-31",
    "symbol": "NEE",
    "reportedCurrency": "USD",
    "cik": "0000753308",
    "fillingDate": "2002-03-29",
    "acceptedDate": "2002-03-29 00:00:00",
    "calendarYear": "2001",
    "period": "FY",
    "revenue": 8217000000,
    "costOfRevenue": 3759000000,
    "grossProfit": 4458000000,
    "grossProfitRatio": 0.5425337714,
    "researchAndDevelopmentExpenses": 0,
    "generalAndAdministrativeExpenses": 0,
    "sellingAndMarketingExpenses": 0,
    "sellingGeneralAndAdministrativeExpenses": 0,
    "otherExpenses": 3048000000,
    "operatingExpenses": 3048000000,
    "costAndExpenses": 6807000000,
    "interestIncome": 0,
    "interestExpense": 0,
    "depreciationAndAmortization": 983000000,
    "ebitda": 2393000000,
    "ebitdaratio": 0.2912255081,
    "operatingIncome": 1410000000,
    "operatingIncomeRatio": 0.1715954728,
    "totalOtherIncomeExpensesNet": -250000000,
    "incomeBeforeTax": 1160000000,
    "incomeBeforeTaxRatio": 0.1411707436,
    "incomeTaxExpense": 379000000,
    "netIncome": 781000000,
    "netIncomeRatio": 0.0950468541,
    "eps": 0.58,
    "epsdiluted": 0.58,
    "weightedAverageShsOut": 1352000000,
    "weightedAverageShsOutDil": 1352000000,
    "link": "https://www.sec.gov/Archives/edgar/data/753308/000075330802000021/0000753308-02-000021-index.htm",
    "finalLink": "https://www.sec.gov/Archives/edgar/data/37634/000075330802000021/file10k2001.htm"
  },
  {
    "date": "2000-12-31",
    "symbol": "NEE",
    "reportedCurrency": "USD",
    "cik": "0000753308",
    "fillingDate": "2001-03-08",
    "acceptedDate": "2001-03-08 00:00:00",
    "calendarYear": "2000",
    "period": "FY",
    "revenue": 7082000000,
    "costOfRevenue": 2868000000,
    "grossProfit": 4214000000,
    "grossProfitRatio": 0.5950296526,
    "researchAndDevelopmentExpenses": 0,
    "generalAndAdministrativeExpenses": 0,
    "sellingAndMarketingExpenses": 0,
    "sellingGeneralAndAdministrativeExpenses": 0,
    "otherExpenses": 2974000000,
    "operatingExpenses": 2974000000,
    "costAndExpenses": 5842000000,
    "interestIncome": 0,
    "interestExpense": 0,
    "depreciationAndAmortization": 1032000000,
    "ebitda": 2272000000,
    "ebitdaratio": 0.3208133296,
    "operatingIncome": 1240000000,
    "operatingIncomeRatio": 0.175091782,
    "totalOtherIncomeExpensesNet": -200000000,
    "incomeBeforeTax": 1040000000,
    "incomeBeforeTaxRatio": 0.146851172,
    "incomeTaxExpense": 336000000,
    "netIncome": 704000000,
    "netIncomeRatio": 0.0994069472,
    "eps": 0.52,
    "epsdiluted": 0.52,
    "weightedAverageShsOut": 1360386473,
    "weightedAverageShsOutDil": 1360386473,
    "link": "https://www.sec.gov/Archives/edgar/data/753308/000075330801500013/0000753308-01-500013-index.htm",
    "finalLink": "https://www.sec.gov/Archives/edgar/data/753308/000075330801500013/file10k.txt"
  },
  {
    "date": "1999-12-31",
    "symbol": "NEE",
    "reportedCurrency": "USD",
    "cik": "0000753308",
    "fillingDate": "2000-03-02",
    "acceptedDate": "2000-03-02 00:00:00",
    "calendarYear": "1999",
    "period": "FY",
    "revenue": 6438000000,
    "costOfRevenue": 2365000000,
    "grossProfit": 4073000000,
    "grossProfitRatio": 0.6326498913,
    "researchAndDevelopmentExpenses": 0,
    "generalAndAdministrativeExpenses": 0,
    "sellingAndMarketingExpenses": 0,
    "sellingGeneralAndAdministrativeExpenses": 0,
    "otherExpenses": 2896000000,
    "operatingExpenses": 2896000000,
    "costAndExpenses": 5261000000,
    "interestIncome": 0,
    "interestExpense": 0,
    "depreciationAndAmortization": 0,
    "ebitda": 2217000000,
    "ebitdaratio": 0.344361603,
    "operatingIncome": 1177000000,
    "operatingIncomeRatio": 0.1828207518,
    "totalOtherIncomeExpensesNet": -157000000,
    "incomeBeforeTax": 1020000000,
    "incomeBeforeTaxRatio": 0.1584342964,
    "incomeTaxExpense": 323000000,
    "netIncome": 697000000,
    "netIncomeRatio": 0.1082634358,
    "eps": 0.51,
    "epsdiluted": 0.51,
    "weightedAverageShsOut": 1368000000,
    "weightedAverageShsOutDil": 1368000000,
    "link": "https://www.sec.gov/Archives/edgar/data/753308/000075330800000004/0000753308-00-000004-index.html",
    "finalLink": "https://www.sec.gov/Archives/edgar/data/37634/000075330800000004/"
  },
  {
    "date": "1998-12-31",
    "symbol": "NEE",
    "reportedCurrency": "USD",
    "cik": "0000753308",
    "fillingDate": "1999-03-02",
    "acceptedDate": "1999-03-02 00:00:00",
    "calendarYear": "1998",
    "period": "FY",
    "revenue": 6661000000,
    "costOfRevenue": 2244000000,
    "grossProfit": 4417000000,
    "grossProfitRatio": 0.6631136466,
    "researchAndDevelopmentExpenses": 0,
    "generalAndAdministrativeExpenses": 0,
    "sellingAndMarketingExpenses": 0,
    "sellingGeneralAndAdministrativeExpenses": 0,
    "otherExpenses": 3165000000,
    "operatingExpenses": 3165000000,
    "costAndExpenses": 5409000000,
    "interestIncome": 0,
    "interestExpense": 0,
    "depreciationAndAmortization": 0,
    "ebitda": 2536000000,
    "ebitdaratio": 0.3807236151,
    "operatingIncome": 1252000000,
    "operatingIncomeRatio": 0.1879597658,
    "totalOtherIncomeExpensesNet": -309000000,
    "incomeBeforeTax": 943000000,
    "incomeBeforeTaxRatio": 0.1415703348,
    "incomeTaxExpense": 279000000,
    "netIncome": 664000000,
    "netIncomeRatio": 0.099684732,
    "eps": 0.48,
    "epsdiluted": 0.48,
    "weightedAverageShsOut": 1384000000,
    "weightedAverageShsOutDil": 1384000000,
    "link": "https://www.sec.gov/Archives/edgar/data/753308/000075330899000009/0000753308-99-000009-index.html",
    "finalLink": "https://www.sec.gov/Archives/edgar/data/37634/"
  },
  {
    "date": "1997-12-31",
    "symbol": "NEE",
    "reportedCurrency": "USD",
    "cik": "0000753308",
    "fillingDate": "1998-02-27",
    "acceptedDate": "1998-02-27 00:00:00",
    "calendarYear": "1997",
    "period": "FY",
    "revenue": 6369000000,
    "costOfRevenue": 2255000000,
    "grossProfit": 4114000000,
    "grossProfitRatio": 0.6459412781,
    "researchAndDevelopmentExpenses": 0,
    "generalAndAdministrativeExpenses": 0,
    "sellingAndMarketingExpenses": 0,
    "sellingGeneralAndAdministrativeExpenses": 0,
    "otherExpenses": 2886000000,
    "operatingExpenses": 2886000000,
    "costAndExpenses": 5141000000,
    "interestIncome": 0,
    "interestExpense": 0,
    "depreciationAndAmortization": 0,
    "ebitda": 2289000000,
    "ebitdaratio": 0.3593970796,
    "operatingIncome": 1228000000,
    "operatingIncomeRatio": 0.1928089182,
    "totalOtherIncomeExpensesNet": -306000000,
    "incomeBeforeTax": 922000000,
    "incomeBeforeTaxRatio": 0.1447636992,
    "incomeTaxExpense": 304000000,
    "netIncome": 618000000,
    "netIncomeRatio": 0.0970325012,
    "eps": 0.43,
    "epsdiluted": 0.43,
    "weightedAverageShsOut": 1454096000,
    "weightedAverageShsOutDil": 1454096000,
    "link": "https://www.sec.gov/Archives/edgar/data/753308/000075330898000006/0000753308-98-000006-index.html",
    "finalLink": "https://www.sec.gov/Archives/edgar/data/37634/"
  },
  {
    "date": "1996-12-31",
    "symbol": "NEE",
    "reportedCurrency": "USD",
    "cik": "0000753308",
    "fillingDate": "1997-03-06",
    "acceptedDate": "1997-03-06 00:00:00",
    "calendarYear": "1996",
    "period": "FY",
    "revenue": 6037000000,
    "costOfRevenue": 2131000000,
    "grossProfit": 3906000000,
    "grossProfitRatio": 0.6470101044,
    "researchAndDevelopmentExpenses": 0,
    "generalAndAdministrativeExpenses": 0,
    "sellingAndMarketingExpenses": 0,
    "sellingGeneralAndAdministrativeExpenses": 0,
    "otherExpenses": 2735000000,
    "operatingExpenses": 2735000000,
    "costAndExpenses": 4866000000,
    "interestIncome": 0,
    "interestExpense": 0,
    "depreciationAndAmortization": 0,
    "ebitda": 2131000000,
    "ebitdaratio": 0.3529898956,
    "operatingIncome": 1171000000,
    "operatingIncomeRatio": 0.1939705152,
    "totalOtherIncomeExpensesNet": -298000000,
    "incomeBeforeTax": 873000000,
    "incomeBeforeTaxRatio": 0.1446082491,
    "incomeTaxExpense": 294000000,
    "netIncome": 579500000,
    "netIncomeRatio": 0.0959913865,
    "eps": 0.4,
    "epsdiluted": 0.4,
    "weightedAverageShsOut": 1459552000,
    "weightedAverageShsOutDil": 1459552000,
    "link": "https://www.sec.gov/Archives/edgar/data/753308/000075330897000010/0000753308-97-000010-index.html",
    "finalLink": "https://www.sec.gov/Archives/edgar/data/37634/"
  },
  {
    "date": "1995-12-31",
    "symbol": "NEE",
    "reportedCurrency": "USD",
    "cik": "0000753308",
    "fillingDate": "1996-03-12",
    "acceptedDate": "1996-03-12 00:00:00",
    "calendarYear": "1995",
    "period": "FY",
    "revenue": 5592000000,
    "costOfRevenue": 1722000000,
    "grossProfit": 3870000000,
    "grossProfitRatio": 0.6920600858,
    "researchAndDevelopmentExpenses": 0,
    "generalAndAdministrativeExpenses": 0,
    "sellingAndMarketingExpenses": 0,
    "sellingGeneralAndAdministrativeExpenses": 0,
    "otherExpenses": 2673000000,
    "operatingExpenses": 2673000000,
    "costAndExpenses": 4395000000,
    "interestIncome": 0,
    "interestExpense": 0,
    "depreciationAndAmortization": 0,
    "ebitda": 2115000000,
    "ebitdaratio": 0.3782188841,
    "operatingIncome": 1197000000,
    "operatingIncomeRatio": 0.214055794,
    "totalOtherIncomeExpensesNet": -315000000,
    "incomeBeforeTax": 882000000,
    "incomeBeforeTaxRatio": 0.1577253219,
    "incomeTaxExpense": 329000000,
    "netIncome": 553300000,
    "netIncomeRatio": 0.0989449213,
    "eps": 0.37,
    "epsdiluted": 0.37,
    "weightedAverageShsOut": 1476104000,
    "weightedAverageShsOutDil": 1476104000,
    "link": "https://www.sec.gov/Archives/edgar/data/753308/000075330896000005/0000753308-96-000005-index.html",
    "finalLink": "https://www.sec.gov/Archives/edgar/data/37634/"
  },
  {
    "date": "1994-12-31",
    "symbol": "NEE",
    "reportedCurrency": "USD",
    "cik": "0000753308",
    "fillingDate": "1995-03-20",
    "acceptedDate": "1995-03-20 00:00:00",
    "calendarYear": "1994",
    "period": "FY",
    "revenue": 5422700000,
    "costOfRevenue": 1715300000,
    "grossProfit": 3707400000,
    "grossProfitRatio": 0.6836815608,
    "researchAndDevelopmentExpenses": 0,
    "generalAndAdministrativeExpenses": 0,
    "sellingAndMarketingExpenses": 0,
    "sellingGeneralAndAdministrativeExpenses": 0,
    "otherExpenses": 2558900000,
    "operatingExpenses": 2558900000,
    "costAndExpenses": 4274200000,
    "interestIncome": 0,
    "interestExpense": 0,
    "depreciationAndAmortization": 0,
    "ebitda": 1872400000,
    "ebitdaratio": 0.3452892471,
    "operatingIncome": 1148500000,
    "operatingIncomeRatio": 0.2117948623,
    "totalOtherIncomeExpensesNet": -322500000,
    "incomeBeforeTax": 826000000,
    "incomeBeforeTaxRatio": 0.1523226437,
    "incomeTaxExpense": 307300000,
    "netIncome": 518700000,
    "netIncomeRatio": 0.0956534568,
    "eps": 0.35,
    "epsdiluted": 0.35,
    "weightedAverageShsOut": 1491544000,
    "weightedAverageShsOutDil": 1491544000,
    "link": "https://www.sec.gov/Archives/edgar/data/753308/000075330895000007/0000753308-95-000007-index.html",
    "finalLink": "https://www.sec.gov/Archives/edgar/data/753308/"
  },
  {
    "date": "1993-12-31",
    "symbol": "NEE",
    "reportedCurrency": "USD",
    "cik": "0000753308",
    "fillingDate": "1994-03-22",
    "acceptedDate": "1994-03-22 00:00:00",
    "calendarYear": "1993",
    "period": "FY",
    "revenue": 5316300000,
    "costOfRevenue": 0,
    "grossProfit": 0,
    "grossProfitRatio": 0,
    "researchAndDevelopmentExpenses": 0,
    "generalAndAdministrativeExpenses": 0,
    "sellingAndMarketingExpenses": 0,
    "sellingGeneralAndAdministrativeExpenses": 0,
    "otherExpenses": 5316300000,
    "operatingExpenses": 5316300000,
    "costAndExpenses": 5316300000,
    "interestIncome": 0,
    "interestExpense": 0,
    "depreciationAndAmortization": 0,
    "ebitda": 5316300000,
    "ebitdaratio": 1,
    "operatingIncome": 5316300000,
    "operatingIncomeRatio": 1,
    "totalOtherIncomeExpensesNet": -5316300000,
    "incomeBeforeTax": 0,
    "incomeBeforeTaxRatio": 0,
    "incomeTaxExpense": 0,
    "netIncome": 428700000,
    "netIncomeRatio": 0.0806387901,
    "eps": 0.28,
    "epsdiluted": 0.28,
    "weightedAverageShsOut": 1520528000,
    "weightedAverageShsOutDil": 1520528000,
    "link": "https://www.sec.gov/Archives/edgar/data/753308/000075330894000004/0000753308-94-000004-index.html",
    "finalLink": "https://www.sec.gov/Archives/edgar/data/753308/"
  },
  {
    "date": "1992-12-31",
    "symbol": "NEE",
    "reportedCurrency": "USD",
    "cik": "0000753308",
    "fillingDate": "1992-12-31",
    "acceptedDate": "1992-12-30 19:00:00",
    "calendarYear": "1992",
    "period": "FY",
    "revenue": 5193300000,
    "costOfRevenue": 0,
    "grossProfit": 0,
    "grossProfitRatio": 0,
    "researchAndDevelopmentExpenses": 0,
    "generalAndAdministrativeExpenses": 0,
    "sellingAndMarketingExpenses": 0,
    "sellingGeneralAndAdministrativeExpenses": 0,
    "otherExpenses": 5193300000,
    "operatingExpenses": 5193300000,
    "costAndExpenses": 5193300000,
    "interestIncome": 0,
    "interestExpense": 0,
    "depreciationAndAmortization": 0,
    "ebitda": 5193300000,
    "ebitdaratio": 1,
    "operatingIncome": 5193300000,
    "operatingIncomeRatio": 1,
    "totalOtherIncomeExpensesNet": -5193300000,
    "incomeBeforeTax": 0,
    "incomeBeforeTaxRatio": 0,
    "incomeTaxExpense": 0,
    "netIncome": 466900000,
    "netIncomeRatio": 0.0899042998,
    "eps": 0.32,
    "epsdiluted": 0.32,
    "weightedAverageShsOut": 1462304000,
    "weightedAverageShsOutDil": 1462304000,
    "link": "",
    "finalLink": ""
  },
  {
    "date": "1991-12-31",
    "symbol": "NEE",
    "reportedCurrency": "USD",
    "cik": "0000753308",
    "fillingDate": "1991-12-31",
    "acceptedDate": "1991-12-30 19:00:00",
    "calendarYear": "1991",
    "period": "FY",
    "revenue": 5249400000,
    "costOfRevenue": 0,
    "grossProfit": 0,
    "grossProfitRatio": 0,
    "researchAndDevelopmentExpenses": 0,
    "generalAndAdministrativeExpenses": 0,
    "sellingAndMarketingExpenses": 0,
    "sellingGeneralAndAdministrativeExpenses": 0,
    "otherExpenses": 5249400000,
    "operatingExpenses": 5249400000,
    "costAndExpenses": 5249400000,
    "interestIncome": 0,
    "interestExpense": 0,
    "depreciationAndAmortization": 0,
    "ebitda": 5249400000,
    "ebitdaratio": 1,
    "operatingIncome": 5249400000,
    "operatingIncomeRatio": 1,
    "totalOtherIncomeExpensesNet": -5249400000,
    "incomeBeforeTax": 0,
    "incomeBeforeTaxRatio": 0,
    "incomeTaxExpense": 0,
    "netIncome": 240500000,
    "netIncomeRatio": 0.0458147598,
    "eps": 0.18,
    "epsdiluted": 0.18,
    "weightedAverageShsOut": 1366048000,
    "weightedAverageShsOutDil": 1366048000,
    "link": "",
    "finalLink": ""
  },
  {
    "date": "1990-12-31",
    "symbol": "NEE",
    "reportedCurrency": "USD",
    "cik": "0000753308",
    "fillingDate": "1990-12-31",
    "acceptedDate": "1990-12-30 19:00:00",
    "calendarYear": "1990",
    "period": "FY",
    "revenue": 6289000000,
    "costOfRevenue": 0,
    "grossProfit": 0,
    "grossProfitRatio": 0,
    "researchAndDevelopmentExpenses": 0,
    "generalAndAdministrativeExpenses": 0,
    "sellingAndMarketingExpenses": 0,
    "sellingGeneralAndAdministrativeExpenses": 0,
    "otherExpenses": 6289000000,
    "operatingExpenses": 6289000000,
    "costAndExpenses": 6289000000,
    "interestIncome": 0,
    "interestExpense": 0,
    "depreciationAndAmortization": 0,
    "ebitda": 6289000000,
    "ebitdaratio": 1,
    "operatingIncome": 6289000000,
    "operatingIncomeRatio": 1,
    "totalOtherIncomeExpensesNet": -6289000000,
    "incomeBeforeTax": 0,
    "incomeBeforeTaxRatio": 0,
    "incomeTaxExpense": 0,
    "netIncome": -391000000,
    "netIncomeRatio": -0.0621720464,
    "eps": -0.3,
    "epsdiluted": -0.3,
    "weightedAverageShsOut": 1288520000,
    "weightedAverageShsOutDil": 1288520000,
    "link": "",
    "finalLink": ""
  },
  {
    "date": "1989-12-31",
    "symbol": "NEE",
    "reportedCurrency": "USD",
    "cik": "0000753308",
    "fillingDate": "1989-12-31",
    "acceptedDate": "1989-12-30 19:00:00",
    "calendarYear": "1989",
    "period": "FY",
    "revenue": 6179800000,
    "costOfRevenue": 0,
    "grossProfit": 0,
    "grossProfitRatio": 0,
    "researchAndDevelopmentExpenses": 0,
    "generalAndAdministrativeExpenses": 0,
    "sellingAndMarketingExpenses": 0,
    "sellingGeneralAndAdministrativeExpenses": 0,
    "otherExpenses": 6179800000,
    "operatingExpenses": 6179800000,
    "costAndExpenses": 6179800000,
    "interestIncome": 0,
    "interestExpense": 0,
    "depreciationAndAmortization": 0,
    "ebitda": 6179800000,
    "ebitdaratio": 1,
    "operatingIncome": 6179800000,
    "operatingIncomeRatio": 1,
    "totalOtherIncomeExpensesNet": -6179800000,
    "incomeBeforeTax": 0,
    "incomeBeforeTaxRatio": 0,
    "incomeTaxExpense": 0,
    "netIncome": 410400000,
    "netIncomeRatio": 0.0664099162,
    "eps": 0.39,
    "epsdiluted": 0.39,
    "weightedAverageShsOut": 1057752000,
    "weightedAverageShsOutDil": 1057752000,
    "link": "",
    "finalLink": ""
  },
  {
    "date": "1988-12-31",
    "symbol": "NEE",
    "reportedCurrency": "USD",
    "cik": "0000753308",
    "fillingDate": "1988-12-31",
    "acceptedDate": "1988-12-30 19:00:00",
    "calendarYear": "1988",
    "period": "FY",
    "revenue": 5853500000,
    "costOfRevenue": 0,
    "grossProfit": 0,
    "grossProfitRatio": 0,
    "researchAndDevelopmentExpenses": 0,
    "generalAndAdministrativeExpenses": 0,
    "sellingAndMarketingExpenses": 0,
    "sellingGeneralAndAdministrativeExpenses": 0,
    "otherExpenses": 5853500000,
    "operatingExpenses": 5853500000,
    "costAndExpenses": 5853500000,
    "interestIncome": 0,
    "interestExpense": 0,
    "depreciationAndAmortization": 0,
    "ebitda": 5853500000,
    "ebitdaratio": 1,
    "operatingIncome": 5853500000,
    "operatingIncomeRatio": 1,
    "totalOtherIncomeExpensesNet": -5853500000,
    "incomeBeforeTax": 0,
    "incomeBeforeTaxRatio": 0,
    "incomeTaxExpense": 0,
    "netIncome": 447800000,
    "netIncomeRatio": 0.0765012386,
    "eps": 0.43,
    "epsdiluted": 0.43,
    "weightedAverageShsOut": 1048976000,
    "weightedAverageShsOutDil": 1048976000,
    "link": "",
    "finalLink": ""
  },
  {
    "date": "1987-12-31",
    "symbol": "NEE",
    "reportedCurrency": "USD",
    "cik": "0000753308",
    "fillingDate": "1987-12-31",
    "acceptedDate": "1987-12-30 19:00:00",
    "calendarYear": "1987",
    "period": "FY",
    "revenue": 4439200000,
    "costOfRevenue": 0,
    "grossProfit": 0,
    "grossProfitRatio": 0,
    "researchAndDevelopmentExpenses": 0,
    "generalAndAdministrativeExpenses": 0,
    "sellingAndMarketingExpenses": 0,
    "sellingGeneralAndAdministrativeExpenses": 0,
    "otherExpenses": 4439200000,
    "operatingExpenses": 4439200000,
    "costAndExpenses": 4439200000,
    "interestIncome": 0,
    "interestExpense": 0,
    "depreciationAndAmortization": 0,
    "ebitda": 4439200000,
    "ebitdaratio": 1,
    "operatingIncome": 4439200000,
    "operatingIncomeRatio": 1,
    "totalOtherIncomeExpensesNet": -4439200000,
    "incomeBeforeTax": 0,
    "incomeBeforeTaxRatio": 0,
    "incomeTaxExpense": 0,
    "netIncome": 402900000,
    "netIncomeRatio": 0.0907595963,
    "eps": 0.39,
    "epsdiluted": 0.39,
    "weightedAverageShsOut": 1040248000,
    "weightedAverageShsOutDil": 1040248000,
    "link": "",
    "finalLink": ""
  },
  {
    "date": "1986-12-31",
    "symbol": "NEE",
    "reportedCurrency": "USD",
    "cik": "0000753308",
    "fillingDate": "1986-12-31",
    "acceptedDate": "1986-12-30 19:00:00",
    "calendarYear": "1986",
    "period": "FY",
    "revenue": 4091500000,
    "costOfRevenue": 0,
    "grossProfit": 0,
    "grossProfitRatio": 0,
    "researchAndDevelopmentExpenses": 0,
    "generalAndAdministrativeExpenses": 0,
    "sellingAndMarketingExpenses": 0,
    "sellingGeneralAndAdministrativeExpenses": 0,
    "otherExpenses": 4091500000,
    "operatingExpenses": 4091500000,
    "costAndExpenses": 4091500000,
    "interestIncome": 0,
    "interestExpense": 0,
    "depreciationAndAmortization": 0,
    "ebitda": 4091500000,
    "ebitdaratio": 1,
    "operatingIncome": 4091500000,
    "operatingIncomeRatio": 1,
    "totalOtherIncomeExpensesNet": -4091500000,
    "incomeBeforeTax": 0,
    "incomeBeforeTaxRatio": 0,
    "incomeTaxExpense": 0,
    "netIncome": 365400000,
    "netIncomeRatio": 0.0893071001,
    "eps": 0.35,
    "epsdiluted": 0.35,
    "weightedAverageShsOut": 1040248000,
    "weightedAverageShsOutDil": 1040248000,
    "link": "",
    "finalLink": ""
  },
  {
    "date": "1985-12-31",
    "symbol": "NEE",
    "reportedCurrency": "USD",
    "cik": "0000753308",
    "fillingDate": "1985-12-31",
    "acceptedDate": "1985-12-30 19:00:00",
    "calendarYear": "1985",
    "period": "FY",
    "revenue": 4348800000,
    "costOfRevenue": 0,
    "grossProfit": 0,
    "grossProfitRatio": 0,
    "researchAndDevelopmentExpenses": 0,
    "generalAndAdministrativeExpenses": 0,
    "sellingAndMarketingExpenses": 0,
    "sellingGeneralAndAdministrativeExpenses": 0,
    "otherExpenses": 4348800000,
    "operatingExpenses": 4348800000,
    "costAndExpenses": 4348800000,
    "interestIncome": 0,
    "interestExpense": 0,
    "depreciationAndAmortization": 0,
    "ebitda": 4348800000,
    "ebitdaratio": 1,
    "operatingIncome": 4348800000,
    "operatingIncomeRatio": 1,
    "totalOtherIncomeExpensesNet": -4348800000,
    "incomeBeforeTax": 0,
    "incomeBeforeTaxRatio": 0,
    "incomeTaxExpense": 0,
    "netIncome": 372300000,
    "netIncomeRatio": 0.0856098234,
    "eps": 0.38,
    "epsdiluted": 0.38,
    "weightedAverageShsOut": 968400000,
    "weightedAverageShsOutDil": 968400000,
    "link": "",
    "finalLink": ""
  }
]