[
  {
    "date": "2025-06-30",
    "symbol": "NEM",
    "reportedCurrency": "USD",
    "cik": "0001164727",
    "fillingDate": "2025-07-24",
    "acceptedDate": "2025-07-24 17:00:49",
    "calendarYear": "2025",
    "period": "Q2",
    "revenue": 5275000000,
    "costOfRevenue": 2765000000,
    "grossProfit": 2510000000,
    "grossProfitRatio": 0.4758293839,
    "researchAndDevelopmentExpenses": 40000000,
    "generalAndAdministrativeExpenses": 0,
    "sellingAndMarketingExpenses": 0,
    "sellingGeneralAndAdministrativeExpenses": 95000000,
    "otherExpenses": 34000000,
    "operatingExpenses": 169000000,
    "costAndExpenses": 2934000000,
    "interestIncome": 54000000,
    "interestExpense": 65000000,
    "depreciationAndAmortization": 703000000,
    "ebitda": 3886000000,
    "ebitdaratio": 0.7366824645,
    "operatingIncome": 2341000000,
    "operatingIncomeRatio": 0.4437914692,
    "totalOtherIncomeExpensesNet": 826000000,
    "incomeBeforeTax": 3167000000,
    "incomeBeforeTaxRatio": 0.6003791469,
    "incomeTaxExpense": 1092000000,
    "netIncome": 2061000000,
    "netIncomeRatio": 0.3907109005,
    "eps": 1.8568,
    "epsdiluted": 1.8534,
    "weightedAverageShsOut": 1110000000,
    "weightedAverageShsOutDil": 1112000000,
    "link": "https://www.sec.gov/Archives/edgar/data/1164727/000116472725000035/0001164727-25-000035-index.htm",
    "finalLink": "https://www.sec.gov/Archives/edgar/data/1164727/000116472725000035/nem-20250630.htm"
  },
  {
    "date": "2025-03-31",
    "symbol": "NEM",
    "reportedCurrency": "USD",
    "cik": "0001164727",
    "fillingDate": "2025-03-31",
    "acceptedDate": "2025-03-31 00:00:00",
    "calendarYear": "2025",
    "period": "Q1",
    "revenue": 4871000000,
    "costOfRevenue": 2841000000,
    "grossProfit": 2030000000,
    "grossProfitRatio": 0.4167522069,
    "researchAndDevelopmentExpenses": 43000000,
    "generalAndAdministrativeExpenses": 0,
    "sellingAndMarketingExpenses": 0,
    "sellingGeneralAndAdministrativeExpenses": 110000000,
    "otherExpenses": 12000000,
    "operatingExpenses": 165000000,
    "costAndExpenses": 3006000000,
    "interestIncome": 41000000,
    "interestExpense": 79000000,
    "depreciationAndAmortization": 686000000,
    "ebitda": 3236000000,
    "ebitdaratio": 0.6643399713,
    "operatingIncome": 1865000000,
    "operatingIncomeRatio": 0.3828782591,
    "totalOtherIncomeExpensesNet": 684000000,
    "incomeBeforeTax": 2549000000,
    "incomeBeforeTaxRatio": 0.5233011702,
    "incomeTaxExpense": 647000000,
    "netIncome": 1891000000,
    "netIncomeRatio": 0.3882159721,
    "eps": 1.6794,
    "epsdiluted": 1.6779,
    "weightedAverageShsOut": 1126000000,
    "weightedAverageShsOutDil": 1127000000,
    "link": null,
    "finalLink": null
  },
  {
    "date": "2024-12-31",
    "symbol": "NEM",
    "reportedCurrency": "USD",
    "cik": "0001164727",
    "fillingDate": "2025-02-21",
    "acceptedDate": "2025-02-20 20:20:57",
    "calendarYear": "2024",
    "period": "Q4",
    "revenue": 5724000000,
    "costOfRevenue": 3166000000,
    "grossProfit": 2558000000,
    "grossProfitRatio": 0.4468902865,
    "researchAndDevelopmentExpenses": 48000000,
    "generalAndAdministrativeExpenses": 0,
    "sellingAndMarketingExpenses": 0,
    "sellingGeneralAndAdministrativeExpenses": 128000000,
    "otherExpenses": 43000000,
    "operatingExpenses": 219000000,
    "costAndExpenses": 3385000000,
    "interestIncome": 38000000,
    "interestExpense": 93000000,
    "depreciationAndAmortization": 693000000,
    "ebitda": 2804000000,
    "ebitdaratio": 0.4898672257,
    "operatingIncome": 2339000000,
    "operatingIncomeRatio": 0.4086303284,
    "totalOtherIncomeExpensesNet": -216000000,
    "incomeBeforeTax": 2123000000,
    "incomeBeforeTaxRatio": 0.3708944794,
    "incomeTaxExpense": 702000000,
    "netIncome": 1403000000,
    "netIncomeRatio": 0.2451083159,
    "eps": 1.2383,
    "epsdiluted": 1.2361,
    "weightedAverageShsOut": 1147000000,
    "weightedAverageShsOutDil": 1149000000,
    "link": "https://www.sec.gov/Archives/edgar/data/1164727/000116472725000011/0001164727-25-000011-index.htm",
    "finalLink": "https://www.sec.gov/Archives/edgar/data/1164727/000116472725000011/nem-20241231.htm"
  },
  {
    "date": "2024-09-30",
    "symbol": "NEM",
    "reportedCurrency": "USD",
    "cik": "0001164727",
    "fillingDate": "2024-10-24",
    "acceptedDate": "2024-10-24 16:13:13",
    "calendarYear": "2024",
    "period": "Q3",
    "revenue": 4600000000,
    "costOfRevenue": 3147000000,
    "grossProfit": 1453000000,
    "grossProfitRatio": 0.3158695652,
    "researchAndDevelopmentExpenses": 47000000,
    "generalAndAdministrativeExpenses": 0,
    "sellingAndMarketingExpenses": 0,
    "sellingGeneralAndAdministrativeExpenses": 113000000,
    "otherExpenses": 8000000,
    "operatingExpenses": 168000000,
    "costAndExpenses": 3315000000,
    "interestIncome": 37000000,
    "interestExpense": 86000000,
    "depreciationAndAmortization": 763000000,
    "ebitda": 1908000000,
    "ebitdaratio": 0.4147826087,
    "operatingIncome": 1285000000,
    "operatingIncomeRatio": 0.2793478261,
    "totalOtherIncomeExpensesNet": -166000000,
    "incomeBeforeTax": 1119000000,
    "incomeBeforeTaxRatio": 0.2432608696,
    "incomeTaxExpense": 244000000,
    "netIncome": 922000000,
    "netIncomeRatio": 0.2004347826,
    "eps": 0.8038,
    "epsdiluted": 0.8024,
    "weightedAverageShsOut": 1147000000,
    "weightedAverageShsOutDil": 1149000000,
    "link": "https://www.sec.gov/Archives/edgar/data/1164727/000116472724000061/0001164727-24-000061-index.htm",
    "finalLink": "https://www.sec.gov/Archives/edgar/data/1164727/000116472724000061/nem-20240930.htm"
  },
  {
    "date": "2024-06-30",
    "symbol": "NEM",
    "reportedCurrency": "USD",
    "cik": "0001164727",
    "fillingDate": "2024-07-25",
    "acceptedDate": "2024-07-25 16:04:17",
    "calendarYear": "2024",
    "period": "Q2",
    "revenue": 4311000000,
    "costOfRevenue": 2909000000,
    "grossProfit": 1402000000,
    "grossProfitRatio": 0.3252145674,
    "researchAndDevelopmentExpenses": 49000000,
    "generalAndAdministrativeExpenses": 0,
    "sellingAndMarketingExpenses": 0,
    "sellingGeneralAndAdministrativeExpenses": 100000000,
    "otherExpenses": 20000000,
    "operatingExpenses": 169000000,
    "costAndExpenses": 3078000000,
    "interestIncome": 38000000,
    "interestExpense": 103000000,
    "depreciationAndAmortization": 696000000,
    "ebitda": 1835000000,
    "ebitdaratio": 0.4256553004,
    "operatingIncome": 1233000000,
    "operatingIncomeRatio": 0.2860125261,
    "totalOtherIncomeExpensesNet": -200000000,
    "incomeBeforeTax": 1033000000,
    "incomeBeforeTaxRatio": 0.2396195778,
    "incomeTaxExpense": 191000000,
    "netIncome": 853000000,
    "netIncomeRatio": 0.1978659244,
    "eps": 0.7398,
    "epsdiluted": 0.7385,
    "weightedAverageShsOut": 1153000000,
    "weightedAverageShsOutDil": 1155000000,
    "link": "https://www.sec.gov/Archives/edgar/data/1164727/000116472724000039/0001164727-24-000039-index.htm",
    "finalLink": "https://www.sec.gov/Archives/edgar/data/1164727/000116472724000039/nem-20240630.htm"
  },
  {
    "date": "2024-03-31",
    "symbol": "NEM",
    "reportedCurrency": "USD",
    "cik": "0001164727",
    "fillingDate": "2024-04-29",
    "acceptedDate": "2024-04-29 08:03:15",
    "calendarYear": "2024",
    "period": "Q1",
    "revenue": 4001000000,
    "costOfRevenue": 2911000000,
    "grossProfit": 1090000000,
    "grossProfitRatio": 0.272431892,
    "researchAndDevelopmentExpenses": 53000000,
    "generalAndAdministrativeExpenses": 0,
    "sellingAndMarketingExpenses": 0,
    "sellingGeneralAndAdministrativeExpenses": 101000000,
    "otherExpenses": 5000000,
    "operatingExpenses": 159000000,
    "costAndExpenses": 3070000000,
    "interestIncome": 39000000,
    "interestExpense": 93000000,
    "depreciationAndAmortization": 752000000,
    "ebitda": 1273000000,
    "ebitdaratio": 0.3181704574,
    "operatingIncome": 931000000,
    "operatingIncomeRatio": 0.232691827,
    "totalOtherIncomeExpensesNet": -496000000,
    "incomeBeforeTax": 435000000,
    "incomeBeforeTaxRatio": 0.1087228193,
    "incomeTaxExpense": 260000000,
    "netIncome": 166000000,
    "netIncomeRatio": 0.0414896276,
    "eps": 0.144,
    "epsdiluted": 0.144,
    "weightedAverageShsOut": 1153000000,
    "weightedAverageShsOutDil": 1153000000,
    "link": "https://www.sec.gov/Archives/edgar/data/1164727/000116472724000031/0001164727-24-000031-index.htm",
    "finalLink": "https://www.sec.gov/Archives/edgar/data/1164727/000116472724000031/nem-20240331.htm"
  },
  {
    "date": "2023-12-31",
    "symbol": "NEM",
    "reportedCurrency": "USD",
    "cik": "0001164727",
    "fillingDate": "2024-02-29",
    "acceptedDate": "2024-02-29 07:51:31",
    "calendarYear": "2023",
    "period": "Q4",
    "revenue": 3920000000,
    "costOfRevenue": 4235000000,
    "grossProfit": -315000000,
    "grossProfitRatio": -0.0803571429,
    "researchAndDevelopmentExpenses": 68000000,
    "generalAndAdministrativeExpenses": 0,
    "sellingAndMarketingExpenses": 0,
    "sellingGeneralAndAdministrativeExpenses": 84000000,
    "otherExpenses": 3000000,
    "operatingExpenses": 155000000,
    "costAndExpenses": 4390000000,
    "interestIncome": 40000000,
    "interestExpense": 86000000,
    "depreciationAndAmortization": 1859000000,
    "ebitda": -1100000000,
    "ebitdaratio": -0.2806122449,
    "operatingIncome": -470000000,
    "operatingIncomeRatio": -0.1198979592,
    "totalOtherIncomeExpensesNet": -2553000000,
    "incomeBeforeTax": -3023000000,
    "incomeBeforeTaxRatio": -0.7711734694,
    "incomeTaxExpense": 117000000,
    "netIncome": -3150000000,
    "netIncomeRatio": -0.8035714286,
    "eps": -3.2209,
    "epsdiluted": -3.2209,
    "weightedAverageShsOut": 978000000,
    "weightedAverageShsOutDil": 979000000,
    "link": "https://www.sec.gov/Archives/edgar/data/1164727/000116472724000016/0001164727-24-000016-index.htm",
    "finalLink": "https://www.sec.gov/Archives/edgar/data/1164727/000116472724000016/nem-20231231.htm"
  },
  {
    "date": "2023-09-30",
    "symbol": "NEM",
    "reportedCurrency": "USD",
    "cik": "0001164727",
    "fillingDate": "2023-10-26",
    "acceptedDate": "2023-10-26 07:02:46",
    "calendarYear": "2023",
    "period": "Q3",
    "revenue": 2493000000,
    "costOfRevenue": 2095000000,
    "grossProfit": 398000000,
    "grossProfitRatio": 0.1596470116,
    "researchAndDevelopmentExpenses": 53000000,
    "generalAndAdministrativeExpenses": 0,
    "sellingAndMarketingExpenses": 0,
    "sellingGeneralAndAdministrativeExpenses": 70000000,
    "otherExpenses": 10000000,
    "operatingExpenses": 133000000,
    "costAndExpenses": 2228000000,
    "interestIncome": 35000000,
    "interestExpense": 48000000,
    "depreciationAndAmortization": 646000000,
    "ebitda": 926000000,
    "ebitdaratio": 0.3714400321,
    "operatingIncome": 265000000,
    "operatingIncomeRatio": 0.1062976334,
    "totalOtherIncomeExpensesNet": -30000000,
    "incomeBeforeTax": 235000000,
    "incomeBeforeTaxRatio": 0.094263939,
    "incomeTaxExpense": 73000000,
    "netIncome": 158000000,
    "netIncomeRatio": 0.0633774569,
    "eps": 0.1987,
    "epsdiluted": 0.1985,
    "weightedAverageShsOut": 795000000,
    "weightedAverageShsOutDil": 796000000,
    "link": "https://www.sec.gov/Archives/edgar/data/1164727/000116472723000039/0001164727-23-000039-index.htm",
    "finalLink": "https://www.sec.gov/Archives/edgar/data/1164727/000116472723000039/nem-20230930.htm"
  },
  {
    "date": "2023-06-30",
    "symbol": "NEM",
    "reportedCurrency": "USD",
    "cik": "0001164727",
    "fillingDate": "2023-07-20",
    "acceptedDate": "2023-07-20 07:02:12",
    "calendarYear": "2023",
    "period": "Q2",
    "revenue": 2705000000,
    "costOfRevenue": 2161000000,
    "grossProfit": 544000000,
    "grossProfitRatio": 0.2011090573,
    "researchAndDevelopmentExpenses": 44000000,
    "generalAndAdministrativeExpenses": 0,
    "sellingAndMarketingExpenses": 0,
    "sellingGeneralAndAdministrativeExpenses": 71000000,
    "otherExpenses": 6000000,
    "operatingExpenses": 121000000,
    "costAndExpenses": 2282000000,
    "interestIncome": 37000000,
    "interestExpense": 49000000,
    "depreciationAndAmortization": 552000000,
    "ebitda": 901000000,
    "ebitdaratio": 0.3330868762,
    "operatingIncome": 423000000,
    "operatingIncomeRatio": 0.1563770795,
    "totalOtherIncomeExpensesNet": -107000000,
    "incomeBeforeTax": 316000000,
    "incomeBeforeTaxRatio": 0.1168207024,
    "incomeTaxExpense": 163000000,
    "netIncome": 155000000,
    "netIncomeRatio": 0.0573012939,
    "eps": 0.195,
    "epsdiluted": 0.195,
    "weightedAverageShsOut": 795000000,
    "weightedAverageShsOutDil": 795000000,
    "link": "https://www.sec.gov/Archives/edgar/data/1164727/000116472723000034/0001164727-23-000034-index.htm",
    "finalLink": "https://www.sec.gov/Archives/edgar/data/1164727/000116472723000034/nem-20230630.htm"
  },
  {
    "date": "2023-03-31",
    "symbol": "NEM",
    "reportedCurrency": "USD",
    "cik": "0001164727",
    "fillingDate": "2023-04-27",
    "acceptedDate": "2023-04-27 07:02:18",
    "calendarYear": "2023",
    "period": "Q1",
    "revenue": 2657000000,
    "costOfRevenue": 2057000000,
    "grossProfit": 600000000,
    "grossProfitRatio": 0.2258185924,
    "researchAndDevelopmentExpenses": 35000000,
    "generalAndAdministrativeExpenses": 0,
    "sellingAndMarketingExpenses": 0,
    "sellingGeneralAndAdministrativeExpenses": 74000000,
    "otherExpenses": 2000000,
    "operatingExpenses": 111000000,
    "costAndExpenses": 2168000000,
    "interestIncome": 36000000,
    "interestExpense": 65000000,
    "depreciationAndAmortization": 527000000,
    "ebitda": 1131000000,
    "ebitdaratio": 0.4256680467,
    "operatingIncome": 489000000,
    "operatingIncomeRatio": 0.1840421528,
    "totalOtherIncomeExpensesNet": 75000000,
    "incomeBeforeTax": 564000000,
    "incomeBeforeTaxRatio": 0.2122694769,
    "incomeTaxExpense": 213000000,
    "netIncome": 351000000,
    "netIncomeRatio": 0.1321038766,
    "eps": 0.4421,
    "epsdiluted": 0.4415,
    "weightedAverageShsOut": 795000000,
    "weightedAverageShsOutDil": 795000000,
    "link": "https://www.sec.gov/Archives/edgar/data/1164727/000116472723000021/0001164727-23-000021-index.htm",
    "finalLink": "https://www.sec.gov/Archives/edgar/data/1164727/000116472723000021/nem-20230331.htm"
  },
  {
    "date": "2022-12-31",
    "symbol": "NEM",
    "reportedCurrency": "USD",
    "cik": "0001164727",
    "fillingDate": "2023-02-23",
    "acceptedDate": "2023-02-23 07:11:58",
    "calendarYear": "2022",
    "period": "Q4",
    "revenue": 3148000000,
    "costOfRevenue": 3171000000,
    "grossProfit": -23000000,
    "grossProfitRatio": -0.0073062262,
    "researchAndDevelopmentExpenses": 60000000,
    "generalAndAdministrativeExpenses": 0,
    "sellingAndMarketingExpenses": 0,
    "sellingGeneralAndAdministrativeExpenses": 66000000,
    "otherExpenses": 12000000,
    "operatingExpenses": 138000000,
    "costAndExpenses": 3309000000,
    "interestIncome": 35000000,
    "interestExpense": 53000000,
    "depreciationAndAmortization": 1329000000,
    "ebitda": -1000000,
    "ebitdaratio": -0.000317662,
    "operatingIncome": -161000000,
    "operatingIncomeRatio": -0.0511435832,
    "totalOtherIncomeExpensesNet": -1196000000,
    "incomeBeforeTax": -1357000000,
    "incomeBeforeTaxRatio": -0.4310673443,
    "incomeTaxExpense": 112000000,
    "netIncome": -1488000000,
    "netIncomeRatio": -0.4726810673,
    "eps": -1.8602,
    "epsdiluted": -1.8602,
    "weightedAverageShsOut": 794000000,
    "weightedAverageShsOutDil": 795000000,
    "link": "https://www.sec.gov/Archives/edgar/data/1164727/000116472723000011/0001164727-23-000011-index.htm",
    "finalLink": "https://www.sec.gov/Archives/edgar/data/1164727/000116472723000011/nem-20221231.htm"
  },
  {
    "date": "2022-09-30",
    "symbol": "NEM",
    "reportedCurrency": "USD",
    "cik": "0001164727",
    "fillingDate": "2022-11-01",
    "acceptedDate": "2022-11-01 07:06:30",
    "calendarYear": "2022",
    "period": "Q3",
    "revenue": 2673000000,
    "costOfRevenue": 2175000000,
    "grossProfit": 498000000,
    "grossProfitRatio": 0.1863075196,
    "researchAndDevelopmentExpenses": 80000000,
    "generalAndAdministrativeExpenses": 0,
    "sellingAndMarketingExpenses": 0,
    "sellingGeneralAndAdministrativeExpenses": 73000000,
    "otherExpenses": 0,
    "operatingExpenses": 153000000,
    "costAndExpenses": 2328000000,
    "interestIncome": 27000000,
    "interestExpense": 55000000,
    "depreciationAndAmortization": 561000000,
    "ebitda": 912000000,
    "ebitdaratio": 0.3411896745,
    "operatingIncome": 345000000,
    "operatingIncomeRatio": 0.1290684624,
    "totalOtherIncomeExpensesNet": -24000000,
    "incomeBeforeTax": 321000000,
    "incomeBeforeTaxRatio": 0.1200897868,
    "incomeTaxExpense": 96000000,
    "netIncome": 213000000,
    "netIncomeRatio": 0.0796857464,
    "eps": 0.2683,
    "epsdiluted": 0.2679,
    "weightedAverageShsOut": 794000000,
    "weightedAverageShsOutDil": 795000000,
    "link": "https://www.sec.gov/Archives/edgar/data/1164727/000116472722000035/0001164727-22-000035-index.htm",
    "finalLink": "https://www.sec.gov/Archives/edgar/data/1164727/000116472722000035/nem-20220930.htm"
  },
  {
    "date": "2022-06-30",
    "symbol": "NEM",
    "reportedCurrency": "USD",
    "cik": "0001164727",
    "fillingDate": "2022-07-25",
    "acceptedDate": "2022-07-25 07:02:09",
    "calendarYear": "2022",
    "period": "Q2",
    "revenue": 3163000000,
    "costOfRevenue": 2378000000,
    "grossProfit": 785000000,
    "grossProfitRatio": 0.2481821056,
    "researchAndDevelopmentExpenses": 45000000,
    "generalAndAdministrativeExpenses": 0,
    "sellingAndMarketingExpenses": 0,
    "sellingGeneralAndAdministrativeExpenses": 73000000,
    "otherExpenses": 5000000,
    "operatingExpenses": 123000000,
    "costAndExpenses": 2501000000,
    "interestIncome": 0,
    "interestExpense": 57000000,
    "depreciationAndAmortization": 608000000,
    "ebitda": 1073000000,
    "ebitdaratio": 0.3392349036,
    "operatingIncome": 662000000,
    "operatingIncomeRatio": 0.2092949731,
    "totalOtherIncomeExpensesNet": -237000000,
    "incomeBeforeTax": 425000000,
    "incomeBeforeTaxRatio": 0.1343661081,
    "incomeTaxExpense": 33000000,
    "netIncome": 387000000,
    "netIncomeRatio": 0.1223521973,
    "eps": 0.4874,
    "epsdiluted": 0.4868,
    "weightedAverageShsOut": 794000000,
    "weightedAverageShsOutDil": 795000000,
    "link": "https://www.sec.gov/Archives/edgar/data/1164727/000116472722000024/0001164727-22-000024-index.htm",
    "finalLink": "https://www.sec.gov/Archives/edgar/data/1164727/000116472722000024/nem-20220630.htm"
  },
  {
    "date": "2022-03-31",
    "symbol": "NEM",
    "reportedCurrency": "USD",
    "cik": "0001164727",
    "fillingDate": "2022-04-22",
    "acceptedDate": "2022-04-22 07:03:22",
    "calendarYear": "2022",
    "period": "Q1",
    "revenue": 2965000000,
    "costOfRevenue": 2081000000,
    "grossProfit": 884000000,
    "grossProfitRatio": 0.2981450253,
    "researchAndDevelopmentExpenses": 44000000,
    "generalAndAdministrativeExpenses": 0,
    "sellingAndMarketingExpenses": 0,
    "sellingGeneralAndAdministrativeExpenses": 64000000,
    "otherExpenses": 4000000,
    "operatingExpenses": 112000000,
    "costAndExpenses": 2193000000,
    "interestIncome": 0,
    "interestExpense": 62000000,
    "depreciationAndAmortization": 608000000,
    "ebitda": 1298000000,
    "ebitdaratio": 0.4377740304,
    "operatingIncome": 772000000,
    "operatingIncomeRatio": 0.2603709949,
    "totalOtherIncomeExpensesNet": -105000000,
    "incomeBeforeTax": 667000000,
    "incomeBeforeTaxRatio": 0.2249578415,
    "incomeTaxExpense": 214000000,
    "netIncome": 448000000,
    "netIncomeRatio": 0.1510961214,
    "eps": 0.5649,
    "epsdiluted": 0.5642,
    "weightedAverageShsOut": 793000000,
    "weightedAverageShsOutDil": 794000000,
    "link": "https://www.sec.gov/Archives/edgar/data/1164727/000116472722000017/0001164727-22-000017-index.htm",
    "finalLink": "https://www.sec.gov/Archives/edgar/data/1164727/000116472722000017/nem-20220331.htm"
  },
  {
    "date": "2021-12-31",
    "symbol": "NEM",
    "reportedCurrency": "USD",
    "cik": "0001164727",
    "fillingDate": "2022-02-24",
    "acceptedDate": "2022-02-24 07:05:54",
    "calendarYear": "2021",
    "period": "Q4",
    "revenue": 3340000000,
    "costOfRevenue": 3868000000,
    "grossProfit": -528000000,
    "grossProfitRatio": -0.1580838323,
    "researchAndDevelopmentExpenses": 46000000,
    "generalAndAdministrativeExpenses": 0,
    "sellingAndMarketingExpenses": 0,
    "sellingGeneralAndAdministrativeExpenses": 69000000,
    "otherExpenses": 18000000,
    "operatingExpenses": 133000000,
    "costAndExpenses": 4001000000,
    "interestIncome": 6000000,
    "interestExpense": 51000000,
    "depreciationAndAmortization": 2265000000,
    "ebitda": 667000000,
    "ebitdaratio": 0.1997005988,
    "operatingIncome": -661000000,
    "operatingIncomeRatio": -0.1979041916,
    "totalOtherIncomeExpensesNet": 182000000,
    "incomeBeforeTax": -479000000,
    "incomeBeforeTaxRatio": -0.1434131737,
    "incomeTaxExpense": 300000000,
    "netIncome": -46000000,
    "netIncomeRatio": -0.0137724551,
    "eps": -0.0579,
    "epsdiluted": -0.0579,
    "weightedAverageShsOut": 795000000,
    "weightedAverageShsOutDil": 797000000,
    "link": "https://www.sec.gov/Archives/edgar/data/1164727/000116472722000007/0001164727-22-000007-index.htm",
    "finalLink": "https://www.sec.gov/Archives/edgar/data/1164727/000116472722000007/nem-20211231.htm"
  },
  {
    "date": "2021-09-30",
    "symbol": "NEM",
    "reportedCurrency": "USD",
    "cik": "0001164727",
    "fillingDate": "2021-10-28",
    "acceptedDate": "2021-10-28 07:07:00",
    "calendarYear": "2021",
    "period": "Q3",
    "revenue": 2906000000,
    "costOfRevenue": 2114000000,
    "grossProfit": 792000000,
    "grossProfitRatio": 0.2725395733,
    "researchAndDevelopmentExpenses": 40000000,
    "generalAndAdministrativeExpenses": 0,
    "sellingAndMarketingExpenses": 0,
    "sellingGeneralAndAdministrativeExpenses": 61000000,
    "otherExpenses": 13000000,
    "operatingExpenses": 114000000,
    "costAndExpenses": 2228000000,
    "interestIncome": 6000000,
    "interestExpense": 69000000,
    "depreciationAndAmortization": 687000000,
    "ebitda": 685000000,
    "ebitdaratio": 0.2357192017,
    "operatingIncome": 678000000,
    "operatingIncomeRatio": 0.2333103923,
    "totalOtherIncomeExpensesNet": -710000000,
    "incomeBeforeTax": -32000000,
    "incomeBeforeTaxRatio": -0.0110116999,
    "incomeTaxExpense": 222000000,
    "netIncome": 3000000,
    "netIncomeRatio": 0.0010323469,
    "eps": 0.0038,
    "epsdiluted": 0.0038,
    "weightedAverageShsOut": 799000000,
    "weightedAverageShsOutDil": 800000000,
    "link": "https://www.sec.gov/Archives/edgar/data/1164727/000116472721000235/0001164727-21-000235-index.htm",
    "finalLink": "https://www.sec.gov/Archives/edgar/data/1164727/000116472721000235/nem-20210930.htm"
  },
  {
    "date": "2021-06-30",
    "symbol": "NEM",
    "reportedCurrency": "USD",
    "cik": "0001164727",
    "fillingDate": "2021-07-22",
    "acceptedDate": "2021-07-22 07:06:00",
    "calendarYear": "2021",
    "period": "Q2",
    "revenue": 3036000000,
    "costOfRevenue": 1951000000,
    "grossProfit": 1085000000,
    "grossProfitRatio": 0.3573781291,
    "researchAndDevelopmentExpenses": 37000000,
    "generalAndAdministrativeExpenses": 0,
    "sellingAndMarketingExpenses": 0,
    "sellingGeneralAndAdministrativeExpenses": 64000000,
    "otherExpenses": 8000000,
    "operatingExpenses": 109000000,
    "costAndExpenses": 2060000000,
    "interestIncome": 3000000,
    "interestExpense": 70000000,
    "depreciationAndAmortization": 618000000,
    "ebitda": 1631000000,
    "ebitdaratio": 0.5372200264,
    "operatingIncome": 976000000,
    "operatingIncomeRatio": 0.3214756258,
    "totalOtherIncomeExpensesNet": 16000000,
    "incomeBeforeTax": 992000000,
    "incomeBeforeTaxRatio": 0.3267457181,
    "incomeTaxExpense": 341000000,
    "netIncome": 650000000,
    "netIncomeRatio": 0.2140974967,
    "eps": 0.8115,
    "epsdiluted": 0.8095,
    "weightedAverageShsOut": 801000000,
    "weightedAverageShsOutDil": 803000000,
    "link": "https://www.sec.gov/Archives/edgar/data/1164727/000116472721000194/0001164727-21-000194-index.htm",
    "finalLink": "https://www.sec.gov/Archives/edgar/data/1164727/000116472721000194/nem-20210630.htm"
  },
  {
    "date": "2021-03-31",
    "symbol": "NEM",
    "reportedCurrency": "USD",
    "cik": "0001164727",
    "fillingDate": "2021-04-29",
    "acceptedDate": "2021-04-29 07:04:07",
    "calendarYear": "2021",
    "period": "Q1",
    "revenue": 2908000000,
    "costOfRevenue": 1881000000,
    "grossProfit": 1027000000,
    "grossProfitRatio": 0.3531636864,
    "researchAndDevelopmentExpenses": 31000000,
    "generalAndAdministrativeExpenses": 0,
    "sellingAndMarketingExpenses": 0,
    "sellingGeneralAndAdministrativeExpenses": 65000000,
    "otherExpenses": 8000000,
    "operatingExpenses": 104000000,
    "costAndExpenses": 1985000000,
    "interestIncome": 3000000,
    "interestExpense": 76000000,
    "depreciationAndAmortization": 599000000,
    "ebitda": 1418000000,
    "ebitdaratio": 0.4876203576,
    "operatingIncome": 923000000,
    "operatingIncomeRatio": 0.3174002751,
    "totalOtherIncomeExpensesNet": -130000000,
    "incomeBeforeTax": 793000000,
    "incomeBeforeTaxRatio": 0.272696011,
    "incomeTaxExpense": 235000000,
    "netIncome": 559000000,
    "netIncomeRatio": 0.1922283356,
    "eps": 0.6979,
    "epsdiluted": 0.697,
    "weightedAverageShsOut": 801000000,
    "weightedAverageShsOutDil": 802000000,
    "link": "https://www.sec.gov/Archives/edgar/data/1164727/000116472721000114/0001164727-21-000114-index.htm",
    "finalLink": "https://www.sec.gov/Archives/edgar/data/1164727/000116472721000114/nem-20210331.htm"
  },
  {
    "date": "2020-12-31",
    "symbol": "NEM",
    "reportedCurrency": "USD",
    "cik": "0001164727",
    "fillingDate": "2021-02-18",
    "acceptedDate": "2021-02-18 07:06:48",
    "calendarYear": "2020",
    "period": "Q4",
    "revenue": 3366000000,
    "costOfRevenue": 2289000000,
    "grossProfit": 1077000000,
    "grossProfitRatio": 0.3199643494,
    "researchAndDevelopmentExpenses": 30000000,
    "generalAndAdministrativeExpenses": 0,
    "sellingAndMarketingExpenses": 0,
    "sellingGeneralAndAdministrativeExpenses": 64000000,
    "otherExpenses": 3000000,
    "operatingExpenses": 97000000,
    "costAndExpenses": 2386000000,
    "interestIncome": 3000000,
    "interestExpense": 72000000,
    "depreciationAndAmortization": 865000000,
    "ebitda": 1871000000,
    "ebitdaratio": 0.5558526441,
    "operatingIncome": 980000000,
    "operatingIncomeRatio": 0.2911467617,
    "totalOtherIncomeExpensesNet": 24000000,
    "incomeBeforeTax": 1004000000,
    "incomeBeforeTaxRatio": 0.2982768865,
    "incomeTaxExpense": 258000000,
    "netIncome": 824000000,
    "netIncomeRatio": 0.2448009507,
    "eps": 1.0274,
    "epsdiluted": 1.0249,
    "weightedAverageShsOut": 802000000,
    "weightedAverageShsOutDil": 804000000,
    "link": "https://www.sec.gov/Archives/edgar/data/1164727/000116472721000027/0001164727-21-000027-index.htm",
    "finalLink": "https://www.sec.gov/Archives/edgar/data/1164727/000116472721000027/nem-20201231.htm"
  },
  {
    "date": "2020-09-30",
    "symbol": "NEM",
    "reportedCurrency": "USD",
    "cik": "0001164727",
    "fillingDate": "2020-10-29",
    "acceptedDate": "2020-10-29 07:42:30",
    "calendarYear": "2020",
    "period": "Q3",
    "revenue": 3124000000,
    "costOfRevenue": 1947000000,
    "grossProfit": 1177000000,
    "grossProfitRatio": 0.3767605634,
    "researchAndDevelopmentExpenses": 39000000,
    "generalAndAdministrativeExpenses": 0,
    "sellingAndMarketingExpenses": 0,
    "sellingGeneralAndAdministrativeExpenses": 68000000,
    "otherExpenses": 110000000,
    "operatingExpenses": 217000000,
    "costAndExpenses": 2164000000,
    "interestIncome": 4000000,
    "interestExpense": 78000000,
    "depreciationAndAmortization": 630000000,
    "ebitda": 1588000000,
    "ebitdaratio": 0.5083226633,
    "operatingIncome": 960000000,
    "operatingIncomeRatio": 0.3072983355,
    "totalOtherIncomeExpensesNet": -27000000,
    "incomeBeforeTax": 933000000,
    "incomeBeforeTaxRatio": 0.2986555698,
    "incomeTaxExpense": 305000000,
    "netIncome": 839000000,
    "netIncomeRatio": 0.2685659411,
    "eps": 1.0448,
    "epsdiluted": 1.0409,
    "weightedAverageShsOut": 803000000,
    "weightedAverageShsOutDil": 806000000,
    "link": "https://www.sec.gov/Archives/edgar/data/1164727/000116472720000228/0001164727-20-000228-index.htm",
    "finalLink": "https://www.sec.gov/Archives/edgar/data/1164727/000116472720000228/nem-20200930.htm"
  },
  {
    "date": "2020-06-30",
    "symbol": "NEM",
    "reportedCurrency": "USD",
    "cik": "0001164727",
    "fillingDate": "2020-07-30",
    "acceptedDate": "2020-07-30 06:37:38",
    "calendarYear": "2020",
    "period": "Q2",
    "revenue": 2323000000,
    "costOfRevenue": 1654000000,
    "grossProfit": 669000000,
    "grossProfitRatio": 0.2879896685,
    "researchAndDevelopmentExpenses": 26000000,
    "generalAndAdministrativeExpenses": 0,
    "sellingAndMarketingExpenses": 0,
    "sellingGeneralAndAdministrativeExpenses": 72000000,
    "otherExpenses": 135000000,
    "operatingExpenses": 233000000,
    "costAndExpenses": 1887000000,
    "interestIncome": 6000000,
    "interestExpense": 80000000,
    "depreciationAndAmortization": 568000000,
    "ebitda": 1198000000,
    "ebitdaratio": 0.5157124408,
    "operatingIncome": 436000000,
    "operatingIncomeRatio": 0.1876883341,
    "totalOtherIncomeExpensesNet": 143000000,
    "incomeBeforeTax": 579000000,
    "incomeBeforeTaxRatio": 0.2492466638,
    "incomeTaxExpense": 164000000,
    "netIncome": 344000000,
    "netIncomeRatio": 0.1480843737,
    "eps": 0.4284,
    "epsdiluted": 0.4273,
    "weightedAverageShsOut": 803000000,
    "weightedAverageShsOutDil": 805000000,
    "link": "https://www.sec.gov/Archives/edgar/data/1164727/000116472720000178/0001164727-20-000178-index.htm",
    "finalLink": "https://www.sec.gov/Archives/edgar/data/1164727/000116472720000178/nem-20200630.htm"
  },
  {
    "date": "2020-03-31",
    "symbol": "NEM",
    "reportedCurrency": "USD",
    "cik": "0001164727",
    "fillingDate": "2020-05-05",
    "acceptedDate": "2020-05-05 06:40:09",
    "calendarYear": "2020",
    "period": "Q1",
    "revenue": 2604000000,
    "costOfRevenue": 1979000000,
    "grossProfit": 625000000,
    "grossProfitRatio": 0.240015361,
    "researchAndDevelopmentExpenses": 27000000,
    "generalAndAdministrativeExpenses": 0,
    "sellingAndMarketingExpenses": 0,
    "sellingGeneralAndAdministrativeExpenses": 65000000,
    "otherExpenses": 28000000,
    "operatingExpenses": 120000000,
    "costAndExpenses": 2099000000,
    "interestIncome": 11000000,
    "interestExpense": 93000000,
    "depreciationAndAmortization": 603000000,
    "ebitda": 1475000000,
    "ebitdaratio": 0.5664362519,
    "operatingIncome": 505000000,
    "operatingIncomeRatio": 0.1939324117,
    "totalOtherIncomeExpensesNet": 311000000,
    "incomeBeforeTax": 816000000,
    "incomeBeforeTaxRatio": 0.3133640553,
    "incomeTaxExpense": -23000000,
    "netIncome": 822000000,
    "netIncomeRatio": 0.3156682028,
    "eps": 1.0186,
    "epsdiluted": 1.0161,
    "weightedAverageShsOut": 807000000,
    "weightedAverageShsOutDil": 809000000,
    "link": "https://www.sec.gov/Archives/edgar/data/1164727/000116472720000132/0001164727-20-000132-index.htm",
    "finalLink": "https://www.sec.gov/Archives/edgar/data/1164727/000116472720000132/nem-20200331.htm"
  },
  {
    "date": "2019-12-31",
    "symbol": "NEM",
    "reportedCurrency": "USD",
    "cik": "0001164727",
    "fillingDate": "2020-02-20",
    "acceptedDate": "2020-02-20 07:08:38",
    "calendarYear": "2019",
    "period": "Q4",
    "revenue": 2963000000,
    "costOfRevenue": 2255000000,
    "grossProfit": 708000000,
    "grossProfitRatio": 0.2389470132,
    "researchAndDevelopmentExpenses": 48000000,
    "generalAndAdministrativeExpenses": 0,
    "sellingAndMarketingExpenses": 0,
    "sellingGeneralAndAdministrativeExpenses": 89000000,
    "otherExpenses": 15000000,
    "operatingExpenses": 152000000,
    "costAndExpenses": 2407000000,
    "interestIncome": 13000000,
    "interestExpense": 87000000,
    "depreciationAndAmortization": 728000000,
    "ebitda": 1435000000,
    "ebitdaratio": 0.4843064462,
    "operatingIncome": 556000000,
    "operatingIncomeRatio": 0.1876476544,
    "totalOtherIncomeExpensesNet": 106000000,
    "incomeBeforeTax": 662000000,
    "incomeBeforeTaxRatio": 0.2234222072,
    "incomeTaxExpense": 129000000,
    "netIncome": 565000000,
    "netIncomeRatio": 0.1906851164,
    "eps": 0.6907,
    "epsdiluted": 0.689,
    "weightedAverageShsOut": 818000000,
    "weightedAverageShsOutDil": 818000000,
    "link": "https://www.sec.gov/Archives/edgar/data/1164727/000155837020001041/0001558370-20-001041-index.htm",
    "finalLink": "https://www.sec.gov/Archives/edgar/data/1164727/000155837020001041/nem-20191231x10k047aaa.htm"
  },
  {
    "date": "2019-09-30",
    "symbol": "NEM",
    "reportedCurrency": "USD",
    "cik": "0001164727",
    "fillingDate": "2019-11-05",
    "acceptedDate": "2019-11-05 08:08:09",
    "calendarYear": "2019",
    "period": "Q3",
    "revenue": 2709000000,
    "costOfRevenue": 2090000000,
    "grossProfit": 619000000,
    "grossProfitRatio": 0.2284976006,
    "researchAndDevelopmentExpenses": 43000000,
    "generalAndAdministrativeExpenses": 0,
    "sellingAndMarketingExpenses": 0,
    "sellingGeneralAndAdministrativeExpenses": 84000000,
    "otherExpenses": 4000000,
    "operatingExpenses": 131000000,
    "costAndExpenses": 2221000000,
    "interestIncome": 10000000,
    "interestExpense": 79000000,
    "depreciationAndAmortization": 610000000,
    "ebitda": 3467000000,
    "ebitdaratio": 1.2798080472,
    "operatingIncome": 488000000,
    "operatingIncomeRatio": 0.1801402732,
    "totalOtherIncomeExpensesNet": 2322000000,
    "incomeBeforeTax": 2810000000,
    "incomeBeforeTaxRatio": 1.0372831303,
    "incomeTaxExpense": 558000000,
    "netIncome": 2178000000,
    "netIncomeRatio": 0.803986711,
    "eps": 2.6561,
    "epsdiluted": 2.6496,
    "weightedAverageShsOut": 820000000,
    "weightedAverageShsOutDil": 822000000,
    "link": "https://www.sec.gov/Archives/edgar/data/1164727/000155837019009890/0001558370-19-009890-index.htm",
    "finalLink": "https://www.sec.gov/Archives/edgar/data/1164727/000155837019009890/nem-20190930x10q294e94.htm"
  },
  {
    "date": "2019-06-30",
    "symbol": "NEM",
    "reportedCurrency": "USD",
    "cik": "0001164727",
    "fillingDate": "2019-07-25",
    "acceptedDate": "2019-07-25 07:04:26",
    "calendarYear": "2019",
    "period": "Q2",
    "revenue": 2254000000,
    "costOfRevenue": 1996000000,
    "grossProfit": 258000000,
    "grossProfitRatio": 0.1144631766,
    "researchAndDevelopmentExpenses": 32000000,
    "generalAndAdministrativeExpenses": 0,
    "sellingAndMarketingExpenses": 0,
    "sellingGeneralAndAdministrativeExpenses": 81000000,
    "otherExpenses": 12000000,
    "operatingExpenses": 125000000,
    "costAndExpenses": 2121000000,
    "interestIncome": 13000000,
    "interestExpense": 85000000,
    "depreciationAndAmortization": 560000000,
    "ebitda": 665000000,
    "ebitdaratio": 0.2950310559,
    "operatingIncome": 133000000,
    "operatingIncomeRatio": 0.0590062112,
    "totalOtherIncomeExpensesNet": -87000000,
    "incomeBeforeTax": 46000000,
    "incomeBeforeTaxRatio": 0.0204081633,
    "incomeTaxExpense": 20000000,
    "netIncome": -25000000,
    "netIncomeRatio": -0.0110913931,
    "eps": -0.0326,
    "epsdiluted": -0.0326,
    "weightedAverageShsOut": 766000000,
    "weightedAverageShsOutDil": 768000000,
    "link": "https://www.sec.gov/Archives/edgar/data/1164727/000155837019006289/0001558370-19-006289-index.htm",
    "finalLink": "https://www.sec.gov/Archives/edgar/data/1164727/000155837019006289/nem-20190630x10q.htm"
  },
  {
    "date": "2019-03-31",
    "symbol": "NEM",
    "reportedCurrency": "USD",
    "cik": "0001164727",
    "fillingDate": "2019-04-25",
    "acceptedDate": "2019-04-25 07:03:25",
    "calendarYear": "2019",
    "period": "Q1",
    "revenue": 1800000000,
    "costOfRevenue": 1362000000,
    "grossProfit": 438000000,
    "grossProfitRatio": 0.2433333333,
    "researchAndDevelopmentExpenses": 27000000,
    "generalAndAdministrativeExpenses": 0,
    "sellingAndMarketingExpenses": 0,
    "sellingGeneralAndAdministrativeExpenses": 59000000,
    "otherExpenses": 5000000,
    "operatingExpenses": 91000000,
    "costAndExpenses": 1453000000,
    "interestIncome": 21000000,
    "interestExpense": 61000000,
    "depreciationAndAmortization": 342000000,
    "ebitda": 678000000,
    "ebitdaratio": 0.3766666667,
    "operatingIncome": 347000000,
    "operatingIncomeRatio": 0.1927777778,
    "totalOtherIncomeExpensesNet": -77000000,
    "incomeBeforeTax": 270000000,
    "incomeBeforeTaxRatio": 0.15,
    "incomeTaxExpense": 125000000,
    "netIncome": 87000000,
    "netIncomeRatio": 0.0483333333,
    "eps": 0.1629,
    "epsdiluted": 0.1629,
    "weightedAverageShsOut": 534000000,
    "weightedAverageShsOutDil": 534000000,
    "link": "https://www.sec.gov/Archives/edgar/data/1164727/000155837019003261/0001558370-19-003261-index.htm",
    "finalLink": "https://www.sec.gov/Archives/edgar/data/1164727/000155837019003261/nem-20190331x10q.htm"
  },
  {
    "date": "2018-12-31",
    "symbol": "NEM",
    "reportedCurrency": "USD",
    "cik": "0001164727",
    "fillingDate": "2019-02-21",
    "acceptedDate": "2019-02-21 07:08:32",
    "calendarYear": "2018",
    "period": "Q4",
    "revenue": 2040000000,
    "costOfRevenue": 1568000000,
    "grossProfit": 472000000,
    "grossProfitRatio": 0.231372549,
    "researchAndDevelopmentExpenses": 46000000,
    "generalAndAdministrativeExpenses": 0,
    "sellingAndMarketingExpenses": 0,
    "sellingGeneralAndAdministrativeExpenses": 63000000,
    "otherExpenses": 0,
    "operatingExpenses": 109000000,
    "costAndExpenses": 1677000000,
    "interestIncome": 17000000,
    "interestExpense": 54000000,
    "depreciationAndAmortization": 403000000,
    "ebitda": 735000000,
    "ebitdaratio": 0.3602941176,
    "operatingIncome": 363000000,
    "operatingIncomeRatio": 0.1779411765,
    "totalOtherIncomeExpensesNet": -93000000,
    "incomeBeforeTax": 270000000,
    "incomeBeforeTaxRatio": 0.1323529412,
    "incomeTaxExpense": 260000000,
    "netIncome": 2000000,
    "netIncomeRatio": 0.0009803922,
    "eps": 0.0038,
    "epsdiluted": 0.0037,
    "weightedAverageShsOut": 533000000,
    "weightedAverageShsOutDil": 535000000,
    "link": "https://www.sec.gov/Archives/edgar/data/1164727/000155837019000806/0001558370-19-000806-index.htm",
    "finalLink": "https://www.sec.gov/Archives/edgar/data/1164727/000155837019000806/nem-20181231x10k.htm"
  },
  {
    "date": "2018-09-30",
    "symbol": "NEM",
    "reportedCurrency": "USD",
    "cik": "0001164727",
    "fillingDate": "2018-10-25",
    "acceptedDate": "2018-10-25 07:05:25",
    "calendarYear": "2018",
    "period": "Q3",
    "revenue": 1735000000,
    "costOfRevenue": 1374000000,
    "grossProfit": 361000000,
    "grossProfitRatio": 0.2080691643,
    "researchAndDevelopmentExpenses": 37000000,
    "generalAndAdministrativeExpenses": 0,
    "sellingAndMarketingExpenses": 0,
    "sellingGeneralAndAdministrativeExpenses": 59000000,
    "otherExpenses": 4000000,
    "operatingExpenses": 100000000,
    "costAndExpenses": 1474000000,
    "interestIncome": 15000000,
    "interestExpense": 49000000,
    "depreciationAndAmortization": 330000000,
    "ebitda": 251000000,
    "ebitdaratio": 0.1446685879,
    "operatingIncome": 261000000,
    "operatingIncomeRatio": 0.1504322767,
    "totalOtherIncomeExpensesNet": -398000000,
    "incomeBeforeTax": -137000000,
    "incomeBeforeTaxRatio": -0.078962536,
    "incomeTaxExpense": 3000000,
    "netIncome": -145000000,
    "netIncomeRatio": -0.083573487,
    "eps": -0.27,
    "epsdiluted": -0.27,
    "weightedAverageShsOut": 533000000,
    "weightedAverageShsOutDil": 535000000,
    "link": "https://www.sec.gov/Archives/edgar/data/1164727/000155837018007843/0001558370-18-007843-index.htm",
    "finalLink": "https://www.sec.gov/Archives/edgar/data/1164727/000155837018007843/nem-20180930x10q.htm"
  },
  {
    "date": "2018-06-30",
    "symbol": "NEM",
    "reportedCurrency": "USD",
    "cik": "0001164727",
    "fillingDate": "2018-07-26",
    "acceptedDate": "2018-07-26 07:01:17",
    "calendarYear": "2018",
    "period": "Q2",
    "revenue": 1668000000,
    "costOfRevenue": 1335000000,
    "grossProfit": 333000000,
    "grossProfitRatio": 0.1996402878,
    "researchAndDevelopmentExpenses": 36000000,
    "generalAndAdministrativeExpenses": 0,
    "sellingAndMarketingExpenses": 0,
    "sellingGeneralAndAdministrativeExpenses": 63000000,
    "otherExpenses": 4000000,
    "operatingExpenses": 103000000,
    "costAndExpenses": 1438000000,
    "interestIncome": 13000000,
    "interestExpense": 46000000,
    "depreciationAndAmortization": 316000000,
    "ebitda": 667000000,
    "ebitdaratio": 0.3998800959,
    "operatingIncome": 230000000,
    "operatingIncomeRatio": 0.1378896882,
    "totalOtherIncomeExpensesNet": 68000000,
    "incomeBeforeTax": 298000000,
    "incomeBeforeTaxRatio": 0.1786570743,
    "incomeTaxExpense": 18000000,
    "netIncome": 292000000,
    "netIncomeRatio": 0.175059952,
    "eps": 0.55,
    "epsdiluted": 0.5458,
    "weightedAverageShsOut": 533000000,
    "weightedAverageShsOutDil": 535000000,
    "link": "https://www.sec.gov/Archives/edgar/data/1164727/000155837018005735/0001558370-18-005735-index.htm",
    "finalLink": "https://www.sec.gov/Archives/edgar/data/1164727/000155837018005735/nem-20180630x10q.htm"
  },
  {
    "date": "2018-03-31",
    "symbol": "NEM",
    "reportedCurrency": "USD",
    "cik": "0001164727",
    "fillingDate": "2018-04-26",
    "acceptedDate": "2018-04-26 07:00:35",
    "calendarYear": "2018",
    "period": "Q1",
    "revenue": 1819000000,
    "costOfRevenue": 1397000000,
    "grossProfit": 422000000,
    "grossProfitRatio": 0.231995602,
    "researchAndDevelopmentExpenses": 34000000,
    "generalAndAdministrativeExpenses": 0,
    "sellingAndMarketingExpenses": 0,
    "sellingGeneralAndAdministrativeExpenses": 59000000,
    "otherExpenses": 5000000,
    "operatingExpenses": 98000000,
    "costAndExpenses": 1495000000,
    "interestIncome": 11000000,
    "interestExpense": 50000000,
    "depreciationAndAmortization": 329000000,
    "ebitda": 662000000,
    "ebitdaratio": 0.3639362287,
    "operatingIncome": 324000000,
    "operatingIncomeRatio": 0.1781198461,
    "totalOtherIncomeExpensesNet": -50000000,
    "incomeBeforeTax": 274000000,
    "incomeBeforeTaxRatio": 0.1506322155,
    "incomeTaxExpense": 105000000,
    "netIncome": 192000000,
    "netIncomeRatio": 0.1055525014,
    "eps": 0.36,
    "epsdiluted": 0.36,
    "weightedAverageShsOut": 534000000,
    "weightedAverageShsOutDil": 535000000,
    "link": "https://www.sec.gov/Archives/edgar/data/1164727/000155837018003287/0001558370-18-003287-index.htm",
    "finalLink": "https://www.sec.gov/Archives/edgar/data/1164727/000155837018003287/nem-20180331x10q.htm"
  },
  {
    "date": "2017-12-31",
    "symbol": "NEM",
    "reportedCurrency": "USD",
    "cik": "0001164727",
    "fillingDate": "2018-02-22",
    "acceptedDate": "2018-02-22 07:37:20",
    "calendarYear": "2017",
    "period": "Q4",
    "revenue": 1929000000,
    "costOfRevenue": 1518000000,
    "grossProfit": 411000000,
    "grossProfitRatio": 0.2130637636,
    "researchAndDevelopmentExpenses": 44000000,
    "generalAndAdministrativeExpenses": 0,
    "sellingAndMarketingExpenses": 0,
    "sellingGeneralAndAdministrativeExpenses": 66000000,
    "otherExpenses": 3000000,
    "operatingExpenses": 113000000,
    "costAndExpenses": 1631000000,
    "interestIncome": 9000000,
    "interestExpense": 54000000,
    "depreciationAndAmortization": 417000000,
    "ebitda": 736000000,
    "ebitdaratio": 0.3815448419,
    "operatingIncome": 298000000,
    "operatingIncomeRatio": 0.1544841887,
    "totalOtherIncomeExpensesNet": -45000000,
    "incomeBeforeTax": 253000000,
    "incomeBeforeTaxRatio": 0.1311560394,
    "incomeTaxExpense": 777000000,
    "netIncome": -542000000,
    "netIncomeRatio": -0.2809745982,
    "eps": -1.01,
    "epsdiluted": -1.01,
    "weightedAverageShsOut": 533000000,
    "weightedAverageShsOutDil": 534000000,
    "link": "https://www.sec.gov/Archives/edgar/data/1164727/000155837018000894/0001558370-18-000894-index.htm",
    "finalLink": "https://www.sec.gov/Archives/edgar/data/1164727/000155837018000894/nem-20171231x10k.htm"
  },
  {
    "date": "2017-09-30",
    "symbol": "NEM",
    "reportedCurrency": "USD",
    "cik": "0001164727",
    "fillingDate": "2017-10-26",
    "acceptedDate": "2017-10-26 07:32:01",
    "calendarYear": "2017",
    "period": "Q3",
    "revenue": 1871000000,
    "costOfRevenue": 1462000000,
    "grossProfit": 409000000,
    "grossProfitRatio": 0.2185996793,
    "researchAndDevelopmentExpenses": 41000000,
    "generalAndAdministrativeExpenses": 0,
    "sellingAndMarketingExpenses": 0,
    "sellingGeneralAndAdministrativeExpenses": 58000000,
    "otherExpenses": 2000000,
    "operatingExpenses": 101000000,
    "costAndExpenses": 1563000000,
    "interestIncome": 9000000,
    "interestExpense": 54000000,
    "depreciationAndAmortization": 356000000,
    "ebitda": 686000000,
    "ebitdaratio": 0.3666488509,
    "operatingIncome": 308000000,
    "operatingIncomeRatio": 0.1646178514,
    "totalOtherIncomeExpensesNet": -31000000,
    "incomeBeforeTax": 277000000,
    "incomeBeforeTaxRatio": 0.1480491716,
    "incomeTaxExpense": 72000000,
    "netIncome": 206000000,
    "netIncomeRatio": 0.11010155,
    "eps": 0.3865,
    "epsdiluted": 0.38,
    "weightedAverageShsOut": 533000000,
    "weightedAverageShsOutDil": 536000000,
    "link": "https://www.sec.gov/Archives/edgar/data/1164727/000155837017007562/0001558370-17-007562-index.htm",
    "finalLink": "https://www.sec.gov/Archives/edgar/data/1164727/000155837017007562/nem-20170930x10q.htm"
  },
  {
    "date": "2017-06-30",
    "symbol": "NEM",
    "reportedCurrency": "USD",
    "cik": "0001164727",
    "fillingDate": "2017-07-25",
    "acceptedDate": "2017-07-25 08:17:08",
    "calendarYear": "2017",
    "period": "Q2",
    "revenue": 1875000000,
    "costOfRevenue": 1411000000,
    "grossProfit": 464000000,
    "grossProfitRatio": 0.2474666667,
    "researchAndDevelopmentExpenses": 32000000,
    "generalAndAdministrativeExpenses": 0,
    "sellingAndMarketingExpenses": 0,
    "sellingGeneralAndAdministrativeExpenses": 58000000,
    "otherExpenses": 10000000,
    "operatingExpenses": 100000000,
    "costAndExpenses": 1511000000,
    "interestIncome": 6000000,
    "interestExpense": 61000000,
    "depreciationAndAmortization": 353000000,
    "ebitda": 749000000,
    "ebitdaratio": 0.3994666667,
    "operatingIncome": 364000000,
    "operatingIncomeRatio": 0.1941333333,
    "totalOtherIncomeExpensesNet": -32000000,
    "incomeBeforeTax": 332000000,
    "incomeBeforeTaxRatio": 0.1770666667,
    "incomeTaxExpense": 166000000,
    "netIncome": 175000000,
    "netIncomeRatio": 0.0933333333,
    "eps": 0.33,
    "epsdiluted": 0.33,
    "weightedAverageShsOut": 533000000,
    "weightedAverageShsOutDil": 535000000,
    "link": "https://www.sec.gov/Archives/edgar/data/1164727/000155837017005290/0001558370-17-005290-index.htm",
    "finalLink": "https://www.sec.gov/Archives/edgar/data/1164727/000155837017005290/nem-20170630x10q.htm"
  },
  {
    "date": "2017-03-31",
    "symbol": "NEM",
    "reportedCurrency": "USD",
    "cik": "0001164727",
    "fillingDate": "2017-04-24",
    "acceptedDate": "2017-04-24 16:51:32",
    "calendarYear": "2017",
    "period": "Q1",
    "revenue": 1647000000,
    "costOfRevenue": 1302000000,
    "grossProfit": 345000000,
    "grossProfitRatio": 0.2094717668,
    "researchAndDevelopmentExpenses": 26000000,
    "generalAndAdministrativeExpenses": 0,
    "sellingAndMarketingExpenses": 0,
    "sellingGeneralAndAdministrativeExpenses": 55000000,
    "otherExpenses": 5000000,
    "operatingExpenses": 86000000,
    "costAndExpenses": 1388000000,
    "interestIncome": 0,
    "interestExpense": 65000000,
    "depreciationAndAmortization": 323000000,
    "ebitda": 581000000,
    "ebitdaratio": 0.3527625987,
    "operatingIncome": 259000000,
    "operatingIncomeRatio": 0.1572556163,
    "totalOtherIncomeExpensesNet": -66000000,
    "incomeBeforeTax": 193000000,
    "incomeBeforeTaxRatio": 0.1171827565,
    "incomeTaxExpense": 110000000,
    "netIncome": 46000000,
    "netIncomeRatio": 0.0279295689,
    "eps": 0.09,
    "epsdiluted": 0.09,
    "weightedAverageShsOut": 532000000,
    "weightedAverageShsOutDil": 533000000,
    "link": "https://www.sec.gov/Archives/edgar/data/1164727/000155837017002832/0001558370-17-002832-index.htm",
    "finalLink": "https://www.sec.gov/Archives/edgar/data/1164727/000155837017002832/nem-20170331x10q.htm"
  },
  {
    "date": "2016-12-31",
    "symbol": "NEM",
    "reportedCurrency": "USD",
    "cik": "0001164727",
    "fillingDate": "2017-02-21",
    "acceptedDate": "2017-02-21 17:29:57",
    "calendarYear": "2016",
    "period": "Q4",
    "revenue": 1795000000,
    "costOfRevenue": 1529000000,
    "grossProfit": 266000000,
    "grossProfitRatio": 0.148189415,
    "researchAndDevelopmentExpenses": 29000000,
    "generalAndAdministrativeExpenses": 0,
    "sellingAndMarketingExpenses": 0,
    "sellingGeneralAndAdministrativeExpenses": 55000000,
    "otherExpenses": 2000000,
    "operatingExpenses": 86000000,
    "costAndExpenses": 1615000000,
    "interestIncome": 0,
    "interestExpense": 25000000,
    "depreciationAndAmortization": 440000000,
    "ebitda": -421000000,
    "ebitdaratio": -0.23454039,
    "operatingIncome": 180000000,
    "operatingIncomeRatio": 0.1002785515,
    "totalOtherIncomeExpensesNet": -1066000000,
    "incomeBeforeTax": -886000000,
    "incomeBeforeTaxRatio": -0.4935933148,
    "incomeTaxExpense": 8000000,
    "netIncome": -321000000,
    "netIncomeRatio": -0.1788300836,
    "eps": -0.6051,
    "epsdiluted": -0.6051,
    "weightedAverageShsOut": 529230769,
    "weightedAverageShsOutDil": 529230769,
    "link": "https://www.sec.gov/Archives/edgar/data/1164727/000155837017000729/0001558370-17-000729-index.htm",
    "finalLink": "https://www.sec.gov/Archives/edgar/data/1164727/000155837017000729/nem-20161231x10k.htm"
  },
  {
    "date": "2016-09-30",
    "symbol": "NEM",
    "reportedCurrency": "USD",
    "cik": "0001164727",
    "fillingDate": "2016-10-26",
    "acceptedDate": "2016-10-26 17:13:33",
    "calendarYear": "2016",
    "period": "Q3",
    "revenue": 1789000000,
    "costOfRevenue": 1395000000,
    "grossProfit": 394000000,
    "grossProfitRatio": 0.220234768,
    "researchAndDevelopmentExpenses": 34000000,
    "generalAndAdministrativeExpenses": 0,
    "sellingAndMarketingExpenses": 0,
    "sellingGeneralAndAdministrativeExpenses": 63000000,
    "otherExpenses": 5000000,
    "operatingExpenses": 102000000,
    "costAndExpenses": 1497000000,
    "interestIncome": 0,
    "interestExpense": 67000000,
    "depreciationAndAmortization": 360000000,
    "ebitda": 650000000,
    "ebitdaratio": 0.3633314701,
    "operatingIncome": 292000000,
    "operatingIncomeRatio": 0.1632196758,
    "totalOtherIncomeExpensesNet": -69000000,
    "incomeBeforeTax": 223000000,
    "incomeBeforeTaxRatio": 0.1246506428,
    "incomeTaxExpense": 90000000,
    "netIncome": 219000000,
    "netIncomeRatio": 0.1224147568,
    "eps": 0.4124,
    "epsdiluted": 0.4109,
    "weightedAverageShsOut": 531000000,
    "weightedAverageShsOutDil": 533000000,
    "link": "https://www.sec.gov/Archives/edgar/data/1164727/000155837016008756/0001558370-16-008756-index.htm",
    "finalLink": "https://www.sec.gov/Archives/edgar/data/1164727/000155837016008756/nem-20160930x10q.htm"
  },
  {
    "date": "2016-06-30",
    "symbol": "NEM",
    "reportedCurrency": "USD",
    "cik": "0001164727",
    "fillingDate": "2016-07-20",
    "acceptedDate": "2016-07-20 17:07:23",
    "calendarYear": "2016",
    "period": "Q2",
    "revenue": 2038000000,
    "costOfRevenue": 1373000000,
    "grossProfit": 665000000,
    "grossProfitRatio": 0.3263002944,
    "researchAndDevelopmentExpenses": 44000000,
    "generalAndAdministrativeExpenses": 64000000,
    "sellingAndMarketingExpenses": 0,
    "sellingGeneralAndAdministrativeExpenses": 64000000,
    "otherExpenses": 63000000,
    "operatingExpenses": 171000000,
    "costAndExpenses": 1544000000,
    "interestIncome": 0,
    "interestExpense": 71000000,
    "depreciationAndAmortization": 314000000,
    "ebitda": 789000000,
    "ebitdaratio": 0.3871442591,
    "operatingIncome": 494000000,
    "operatingIncomeRatio": 0.2423945044,
    "totalOtherIncomeExpensesNet": -80000000,
    "incomeBeforeTax": 404000000,
    "incomeBeforeTaxRatio": 0.1982335623,
    "incomeTaxExpense": 310000000,
    "netIncome": 23000000,
    "netIncomeRatio": 0.0112855741,
    "eps": 0.04,
    "epsdiluted": 0.04,
    "weightedAverageShsOut": 575000000,
    "weightedAverageShsOutDil": 575000000,
    "link": "https://www.sec.gov/Archives/edgar/data/1164727/000155837016006685/0001558370-16-006685-index.htm",
    "finalLink": "https://www.sec.gov/Archives/edgar/data/1164727/000155837016006685/nem-20160630x10q.htm"
  },
  {
    "date": "2016-03-31",
    "symbol": "NEM",
    "reportedCurrency": "USD",
    "cik": "0001164727",
    "fillingDate": "2016-04-20",
    "acceptedDate": "2016-04-20 17:15:03",
    "calendarYear": "2016",
    "period": "Q1",
    "revenue": 2032000000,
    "costOfRevenue": 1403000000,
    "grossProfit": 629000000,
    "grossProfitRatio": 0.3095472441,
    "researchAndDevelopmentExpenses": 28000000,
    "generalAndAdministrativeExpenses": 57000000,
    "sellingAndMarketingExpenses": 0,
    "sellingGeneralAndAdministrativeExpenses": 57000000,
    "otherExpenses": 30000000,
    "operatingExpenses": 140000000,
    "costAndExpenses": 1543000000,
    "interestIncome": 0,
    "interestExpense": 79000000,
    "depreciationAndAmortization": 322000000,
    "ebitda": 558000000,
    "ebitdaratio": 0.2746062992,
    "operatingIncome": 489000000,
    "operatingIncomeRatio": 0.2406496063,
    "totalOtherIncomeExpensesNet": 4000000,
    "incomeBeforeTax": 490000000,
    "incomeBeforeTaxRatio": 0.2411417323,
    "incomeTaxExpense": 324000000,
    "netIncome": 52000000,
    "netIncomeRatio": 0.0255905512,
    "eps": 0.1,
    "epsdiluted": 0.1,
    "weightedAverageShsOut": 520000000,
    "weightedAverageShsOutDil": 520000000,
    "link": "https://www.sec.gov/Archives/edgar/data/1164727/000155837016004743/0001558370-16-004743-index.htm",
    "finalLink": "https://www.sec.gov/Archives/edgar/data/1164727/000155837016004743/nem-20160331x10q.htm"
  },
  {
    "date": "2015-12-31",
    "symbol": "NEM",
    "reportedCurrency": "USD",
    "cik": "0001164727",
    "fillingDate": "2016-02-17",
    "acceptedDate": "2016-02-17 17:05:16",
    "calendarYear": "2015",
    "period": "Q4",
    "revenue": 1816000000,
    "costOfRevenue": 1484000000,
    "grossProfit": 332000000,
    "grossProfitRatio": 0.1828193833,
    "researchAndDevelopmentExpenses": 40000000,
    "generalAndAdministrativeExpenses": 45000000,
    "sellingAndMarketingExpenses": 0,
    "sellingGeneralAndAdministrativeExpenses": 45000000,
    "otherExpenses": 293000000,
    "operatingExpenses": 318000000,
    "costAndExpenses": 1802000000,
    "interestIncome": 0,
    "interestExpense": 77000000,
    "depreciationAndAmortization": 343000000,
    "ebitda": 228000000,
    "ebitdaratio": 0.1255506608,
    "operatingIncome": -46000000,
    "operatingIncomeRatio": -0.0253303965,
    "totalOtherIncomeExpensesNet": -146000000,
    "incomeBeforeTax": -192000000,
    "incomeBeforeTaxRatio": -0.1057268722,
    "incomeTaxExpense": 148000000,
    "netIncome": -254000000,
    "netIncomeRatio": -0.1398678414,
    "eps": -0.5,
    "epsdiluted": -0.5,
    "weightedAverageShsOut": 508000000,
    "weightedAverageShsOutDil": 508000000,
    "link": "https://www.sec.gov/Archives/edgar/data/1164727/000155837016003258/0001558370-16-003258-index.htm",
    "finalLink": "https://www.sec.gov/Archives/edgar/data/1164727/000155837016003258/nem-20151231x10k.htm"
  },
  {
    "date": "2015-09-30",
    "symbol": "NEM",
    "reportedCurrency": "USD",
    "cik": "0001164727",
    "fillingDate": "2015-10-29",
    "acceptedDate": "2015-10-28 17:46:11",
    "calendarYear": "2015",
    "period": "Q3",
    "revenue": 2033000000,
    "costOfRevenue": 1464000000,
    "grossProfit": 569000000,
    "grossProfitRatio": 0.2798819479,
    "researchAndDevelopmentExpenses": 32000000,
    "generalAndAdministrativeExpenses": 43000000,
    "sellingAndMarketingExpenses": 0,
    "sellingGeneralAndAdministrativeExpenses": 43000000,
    "otherExpenses": 0,
    "operatingExpenses": 134000000,
    "costAndExpenses": 1598000000,
    "interestIncome": 0,
    "interestExpense": 81000000,
    "depreciationAndAmortization": 331000000,
    "ebitda": 539000000,
    "ebitdaratio": 0.2651254304,
    "operatingIncome": 319000000,
    "operatingIncomeRatio": 0.156910969,
    "totalOtherIncomeExpensesNet": 25000000,
    "incomeBeforeTax": 437000000,
    "incomeBeforeTaxRatio": 0.214953271,
    "incomeTaxExpense": 151000000,
    "netIncome": 219000000,
    "netIncomeRatio": 0.1077225775,
    "eps": 0.42,
    "epsdiluted": 0.42,
    "weightedAverageShsOut": 521428571,
    "weightedAverageShsOutDil": 521428571,
    "link": "https://www.sec.gov/Archives/edgar/data/1164727/000155837015001997/0001558370-15-001997-index.htm",
    "finalLink": "https://www.sec.gov/Archives/edgar/data/1164727/000155837015001997/nem-20150930x10q.htm"
  },
  {
    "date": "2015-06-30",
    "symbol": "NEM",
    "reportedCurrency": "USD",
    "cik": "0001164727",
    "fillingDate": "2015-07-23",
    "acceptedDate": "2015-07-22 18:06:14",
    "calendarYear": "2015",
    "period": "Q2",
    "revenue": 1908000000,
    "costOfRevenue": 1295000000,
    "grossProfit": 613000000,
    "grossProfitRatio": 0.321278826,
    "researchAndDevelopmentExpenses": 33000000,
    "generalAndAdministrativeExpenses": 51000000,
    "sellingAndMarketingExpenses": 0,
    "sellingGeneralAndAdministrativeExpenses": 51000000,
    "otherExpenses": 55000000,
    "operatingExpenses": 158000000,
    "costAndExpenses": 1453000000,
    "interestIncome": 0,
    "interestExpense": 82000000,
    "depreciationAndAmortization": 276000000,
    "ebitda": 656000000,
    "ebitdaratio": 0.3438155136,
    "operatingIncome": 429000000,
    "operatingIncomeRatio": 0.2248427673,
    "totalOtherIncomeExpensesNet": -132000000,
    "incomeBeforeTax": 298000000,
    "incomeBeforeTaxRatio": 0.1561844864,
    "incomeTaxExpense": 152000000,
    "netIncome": 72000000,
    "netIncomeRatio": 0.0377358491,
    "eps": 0.14,
    "epsdiluted": 0.14,
    "weightedAverageShsOut": 505000000,
    "weightedAverageShsOutDil": 506000000,
    "link": "https://www.sec.gov/Archives/edgar/data/1164727/000155837015001173/0001558370-15-001173-index.htm",
    "finalLink": "https://www.sec.gov/Archives/edgar/data/1164727/000155837015001173/nem-20150630x10q.htm"
  },
  {
    "date": "2015-03-31",
    "symbol": "NEM",
    "reportedCurrency": "USD",
    "cik": "0001164727",
    "fillingDate": "2015-04-24",
    "acceptedDate": "2015-04-23 21:41:11",
    "calendarYear": "2015",
    "period": "Q1",
    "revenue": 1972000000,
    "costOfRevenue": 1308000000,
    "grossProfit": 664000000,
    "grossProfitRatio": 0.3367139959,
    "researchAndDevelopmentExpenses": 28000000,
    "generalAndAdministrativeExpenses": 44000000,
    "sellingAndMarketingExpenses": 0,
    "sellingGeneralAndAdministrativeExpenses": 44000000,
    "otherExpenses": 47000000,
    "operatingExpenses": 128000000,
    "costAndExpenses": 1436000000,
    "interestIncome": 0,
    "interestExpense": 85000000,
    "depreciationAndAmortization": 289000000,
    "ebitda": 797000000,
    "ebitdaratio": 0.404158215,
    "operatingIncome": 512000000,
    "operatingIncomeRatio": 0.2596348884,
    "totalOtherIncomeExpensesNet": -91000000,
    "incomeBeforeTax": 423000000,
    "incomeBeforeTaxRatio": 0.2145030426,
    "incomeTaxExpense": 193000000,
    "netIncome": 183000000,
    "netIncomeRatio": 0.0927991886,
    "eps": 0.37,
    "epsdiluted": 0.37,
    "weightedAverageShsOut": 494594595,
    "weightedAverageShsOutDil": 494594595,
    "link": "https://www.sec.gov/Archives/edgar/data/1164727/000156459015002819/0001564590-15-002819-index.htm",
    "finalLink": "https://www.sec.gov/Archives/edgar/data/1164727/000156459015002819/nem-10q_20150331.htm"
  },
  {
    "date": "2014-12-31",
    "symbol": "NEM",
    "reportedCurrency": "USD",
    "cik": "0001164727",
    "fillingDate": "2015-02-20",
    "acceptedDate": "2015-02-19 21:44:44",
    "calendarYear": "2014",
    "period": "Q4",
    "revenue": 2017000000,
    "costOfRevenue": 1436000000,
    "grossProfit": 581000000,
    "grossProfitRatio": 0.2880515617,
    "researchAndDevelopmentExpenses": 41000000,
    "generalAndAdministrativeExpenses": 48000000,
    "sellingAndMarketingExpenses": 0,
    "sellingGeneralAndAdministrativeExpenses": 48000000,
    "otherExpenses": -105000000,
    "operatingExpenses": 227000000,
    "costAndExpenses": 1663000000,
    "interestIncome": 1000000,
    "interestExpense": 85000000,
    "depreciationAndAmortization": 307000000,
    "ebitda": 638000000,
    "ebitdaratio": 0.3163113535,
    "operatingIncome": 324000000,
    "operatingIncomeRatio": 0.1606346059,
    "totalOtherIncomeExpensesNet": -78000000,
    "incomeBeforeTax": 246000000,
    "incomeBeforeTaxRatio": 0.1219633118,
    "incomeTaxExpense": 155000000,
    "netIncome": 15000000,
    "netIncomeRatio": 0.0074367873,
    "eps": 0.03,
    "epsdiluted": 0.03,
    "weightedAverageShsOut": 500000000,
    "weightedAverageShsOutDil": 500000000,
    "link": "https://www.sec.gov/Archives/edgar/data/1164727/000156459015000777/0001564590-15-000777-index.htm",
    "finalLink": "https://www.sec.gov/Archives/edgar/data/1164727/000156459015000777/nem-10k_20141231.htm"
  },
  {
    "date": "2014-09-30",
    "symbol": "NEM",
    "reportedCurrency": "USD",
    "cik": "0001164727",
    "fillingDate": "2014-10-30",
    "acceptedDate": "2014-10-30 17:30:33",
    "calendarYear": "2014",
    "period": "Q3",
    "revenue": 1746000000,
    "costOfRevenue": 1503000000,
    "grossProfit": 243000000,
    "grossProfitRatio": 0.1391752577,
    "researchAndDevelopmentExpenses": 36000000,
    "generalAndAdministrativeExpenses": 45000000,
    "sellingAndMarketingExpenses": 0,
    "sellingGeneralAndAdministrativeExpenses": 45000000,
    "otherExpenses": 91000000,
    "operatingExpenses": 172000000,
    "costAndExpenses": 1675000000,
    "interestIncome": 1000000,
    "interestExpense": 89000000,
    "depreciationAndAmortization": 318000000,
    "ebitda": 398000000,
    "ebitdaratio": 0.2279495991,
    "operatingIncome": 71000000,
    "operatingIncomeRatio": 0.0406643757,
    "totalOtherIncomeExpensesNet": -46000000,
    "incomeBeforeTax": 25000000,
    "incomeBeforeTaxRatio": 0.0143184422,
    "incomeTaxExpense": -47000000,
    "netIncome": 213000000,
    "netIncomeRatio": 0.1219931271,
    "eps": 0.43,
    "epsdiluted": 0.43,
    "weightedAverageShsOut": 499000000,
    "weightedAverageShsOutDil": 500000000,
    "link": "https://www.sec.gov/Archives/edgar/data/1164727/000156459014004746/0001564590-14-004746-index.htm",
    "finalLink": "https://www.sec.gov/Archives/edgar/data/1164727/000156459014004746/nem-10q_20140930.htm"
  },
  {
    "date": "2014-06-30",
    "symbol": "NEM",
    "reportedCurrency": "USD",
    "cik": "0001164727",
    "fillingDate": "2014-07-30",
    "acceptedDate": "2014-07-29 20:41:16",
    "calendarYear": "2014",
    "period": "Q2",
    "revenue": 1765000000,
    "costOfRevenue": 1366000000,
    "grossProfit": 399000000,
    "grossProfitRatio": 0.2260623229,
    "researchAndDevelopmentExpenses": 42000000,
    "generalAndAdministrativeExpenses": 48000000,
    "sellingAndMarketingExpenses": 0,
    "sellingGeneralAndAdministrativeExpenses": 48000000,
    "otherExpenses": 94000000,
    "operatingExpenses": 184000000,
    "costAndExpenses": 1550000000,
    "interestIncome": 1000000,
    "interestExpense": 94000000,
    "depreciationAndAmortization": 306000000,
    "ebitda": 520000000,
    "ebitdaratio": 0.2946175637,
    "operatingIncome": 215000000,
    "operatingIncomeRatio": 0.1218130312,
    "totalOtherIncomeExpensesNet": -55000000,
    "incomeBeforeTax": 92000000,
    "incomeBeforeTaxRatio": 0.0521246459,
    "incomeTaxExpense": -53000000,
    "netIncome": 180000000,
    "netIncomeRatio": 0.1019830028,
    "eps": 0.36,
    "epsdiluted": 0.36,
    "weightedAverageShsOut": 499000000,
    "weightedAverageShsOutDil": 499000000,
    "link": "https://www.sec.gov/Archives/edgar/data/1164727/000119312514285190/0001193125-14-285190-index.htm",
    "finalLink": "https://www.sec.gov/Archives/edgar/data/1164727/000119312514285190/d755143d10q.htm"
  },
  {
    "date": "2014-03-31",
    "symbol": "NEM",
    "reportedCurrency": "USD",
    "cik": "0001164727",
    "fillingDate": "2014-04-25",
    "acceptedDate": "2014-04-25 06:09:41",
    "calendarYear": "2014",
    "period": "Q1",
    "revenue": 1764000000,
    "costOfRevenue": 1381000000,
    "grossProfit": 383000000,
    "grossProfitRatio": 0.2171201814,
    "researchAndDevelopmentExpenses": 42000000,
    "generalAndAdministrativeExpenses": 45000000,
    "sellingAndMarketingExpenses": 0,
    "sellingGeneralAndAdministrativeExpenses": 45000000,
    "otherExpenses": 86000000,
    "operatingExpenses": 172000000,
    "costAndExpenses": 1553000000,
    "interestIncome": 1000000,
    "interestExpense": 93000000,
    "depreciationAndAmortization": 298000000,
    "ebitda": 534000000,
    "ebitdaratio": 0.3027210884,
    "operatingIncome": 211000000,
    "operatingIncomeRatio": 0.1196145125,
    "totalOtherIncomeExpensesNet": -67000000,
    "incomeBeforeTax": 143000000,
    "incomeBeforeTaxRatio": 0.0810657596,
    "incomeTaxExpense": 78000000,
    "netIncome": 100000000,
    "netIncomeRatio": 0.0566893424,
    "eps": 0.2,
    "epsdiluted": 0.2,
    "weightedAverageShsOut": 498000000,
    "weightedAverageShsOutDil": 499000000,
    "link": "https://www.sec.gov/Archives/edgar/data/1164727/000119312514158041/0001193125-14-158041-index.htm",
    "finalLink": "https://www.sec.gov/Archives/edgar/data/1164727/000119312514158041/d708626d10q.htm"
  },
  {
    "date": "2013-12-31",
    "symbol": "NEM",
    "reportedCurrency": "USD",
    "cik": "0001164727",
    "fillingDate": "2014-02-21",
    "acceptedDate": "2014-02-20 19:49:17",
    "calendarYear": "2013",
    "period": "Q4",
    "revenue": 2169000000,
    "costOfRevenue": 1834000000,
    "grossProfit": 335000000,
    "grossProfitRatio": 0.1544490549,
    "researchAndDevelopmentExpenses": 57000000,
    "generalAndAdministrativeExpenses": 45000000,
    "sellingAndMarketingExpenses": 0,
    "sellingGeneralAndAdministrativeExpenses": 45000000,
    "otherExpenses": 112000000,
    "operatingExpenses": 179000000,
    "costAndExpenses": 2013000000,
    "interestIncome": 3000000,
    "interestExpense": 92000000,
    "depreciationAndAmortization": 381000000,
    "ebitda": -3794000000,
    "ebitdaratio": -1.7491931766,
    "operatingIncome": 121000000,
    "operatingIncomeRatio": 0.0557860765,
    "totalOtherIncomeExpensesNet": -2201000000,
    "incomeBeforeTax": -2080000000,
    "incomeBeforeTaxRatio": -0.958967266,
    "incomeTaxExpense": -823000000,
    "netIncome": -1166000000,
    "netIncomeRatio": -0.5375749193,
    "eps": -2.33,
    "epsdiluted": -2.33,
    "weightedAverageShsOut": 500429185,
    "weightedAverageShsOutDil": 500429185,
    "link": "https://www.sec.gov/Archives/edgar/data/1164727/000119312514061205/0001193125-14-061205-index.htm",
    "finalLink": "https://www.sec.gov/Archives/edgar/data/1164727/000119312514061205/d653301d10k.htm"
  },
  {
    "date": "2013-09-30",
    "symbol": "NEM",
    "reportedCurrency": "USD",
    "cik": "0001164727",
    "fillingDate": "2013-10-31",
    "acceptedDate": "2013-10-31 17:24:50",
    "calendarYear": "2013",
    "period": "Q3",
    "revenue": 1983000000,
    "costOfRevenue": 1335000000,
    "grossProfit": 648000000,
    "grossProfitRatio": 0.3267776097,
    "researchAndDevelopmentExpenses": 67000000,
    "generalAndAdministrativeExpenses": 48000000,
    "sellingAndMarketingExpenses": 0,
    "sellingGeneralAndAdministrativeExpenses": 48000000,
    "otherExpenses": 136000000,
    "operatingExpenses": 251000000,
    "costAndExpenses": 1586000000,
    "interestIncome": 4000000,
    "interestExpense": 76000000,
    "depreciationAndAmortization": 299000000,
    "ebitda": 719000000,
    "ebitdaratio": 0.3625819465,
    "operatingIncome": 397000000,
    "operatingIncomeRatio": 0.2002017146,
    "totalOtherIncomeExpensesNet": 184000000,
    "incomeBeforeTax": 580000000,
    "incomeBeforeTaxRatio": 0.2924861321,
    "incomeTaxExpense": 154000000,
    "netIncome": 398000000,
    "netIncomeRatio": 0.200706001,
    "eps": 0.8,
    "epsdiluted": 0.8,
    "weightedAverageShsOut": 498000000,
    "weightedAverageShsOutDil": 498000000,
    "link": "https://www.sec.gov/Archives/edgar/data/1164727/000119312513421225/0001193125-13-421225-index.htm",
    "finalLink": "https://www.sec.gov/Archives/edgar/data/1164727/000119312513421225/d620881d10q.htm"
  },
  {
    "date": "2013-06-30",
    "symbol": "NEM",
    "reportedCurrency": "USD",
    "cik": "0001164727",
    "fillingDate": "2013-07-26",
    "acceptedDate": "2013-07-26 06:14:09",
    "calendarYear": "2013",
    "period": "Q2",
    "revenue": 1993000000,
    "costOfRevenue": 2068000000,
    "grossProfit": -75000000,
    "grossProfitRatio": -0.037631711,
    "researchAndDevelopmentExpenses": 46000000,
    "generalAndAdministrativeExpenses": 54000000,
    "sellingAndMarketingExpenses": 0,
    "sellingGeneralAndAdministrativeExpenses": 54000000,
    "otherExpenses": 129000000,
    "operatingExpenses": 229000000,
    "costAndExpenses": 2297000000,
    "interestIncome": 2000000,
    "interestExpense": 70000000,
    "depreciationAndAmortization": 415000000,
    "ebitda": -2305000000,
    "ebitdaratio": -1.1565479177,
    "operatingIncome": -304000000,
    "operatingIncomeRatio": -0.1525338685,
    "totalOtherIncomeExpensesNet": -2323000000,
    "incomeBeforeTax": -2627000000,
    "incomeBeforeTaxRatio": -1.3181133969,
    "incomeTaxExpense": -325000000,
    "netIncome": -2019000000,
    "netIncomeRatio": -1.0130456598,
    "eps": -4.06,
    "epsdiluted": -4.06,
    "weightedAverageShsOut": 497000000,
    "weightedAverageShsOutDil": 497000000,
    "link": "https://www.sec.gov/Archives/edgar/data/1164727/000119312513303560/0001193125-13-303560-index.htm",
    "finalLink": "https://www.sec.gov/Archives/edgar/data/1164727/000119312513303560/d566986d10q.htm"
  },
  {
    "date": "2013-03-31",
    "symbol": "NEM",
    "reportedCurrency": "USD",
    "cik": "0001164727",
    "fillingDate": "2013-04-30",
    "acceptedDate": "2013-04-29 19:34:12",
    "calendarYear": "2013",
    "period": "Q1",
    "revenue": 2177000000,
    "costOfRevenue": 1311000000,
    "grossProfit": 866000000,
    "grossProfitRatio": 0.3977951309,
    "researchAndDevelopmentExpenses": 52000000,
    "generalAndAdministrativeExpenses": 56000000,
    "sellingAndMarketingExpenses": 0,
    "sellingGeneralAndAdministrativeExpenses": 56000000,
    "otherExpenses": 112000000,
    "operatingExpenses": 185000000,
    "costAndExpenses": 1496000000,
    "interestIncome": 4000000,
    "interestExpense": 65000000,
    "depreciationAndAmortization": 267000000,
    "ebitda": 872000000,
    "ebitdaratio": 0.4005512173,
    "operatingIncome": 648000000,
    "operatingIncomeRatio": 0.2976573266,
    "totalOtherIncomeExpensesNet": -108000000,
    "incomeBeforeTax": 542000000,
    "incomeBeforeTaxRatio": 0.2489664676,
    "incomeTaxExpense": 181000000,
    "netIncome": 314000000,
    "netIncomeRatio": 0.144235186,
    "eps": 0.63,
    "epsdiluted": 0.63,
    "weightedAverageShsOut": 498412698,
    "weightedAverageShsOutDil": 500000000,
    "link": "https://www.sec.gov/Archives/edgar/data/1164727/000119312513183142/0001193125-13-183142-index.htm",
    "finalLink": "https://www.sec.gov/Archives/edgar/data/1164727/000119312513183142/d527228d10q.htm"
  },
  {
    "date": "2012-12-31",
    "symbol": "NEM",
    "reportedCurrency": "USD",
    "cik": "0001164727",
    "fillingDate": "2013-02-22",
    "acceptedDate": "2013-02-22 06:12:37",
    "calendarYear": "2012",
    "period": "Q4",
    "revenue": 2476000000,
    "costOfRevenue": 2163000000,
    "grossProfit": 313000000,
    "grossProfitRatio": 0.1264135703,
    "researchAndDevelopmentExpenses": 21000000,
    "generalAndAdministrativeExpenses": -71000000,
    "sellingAndMarketingExpenses": 0,
    "sellingGeneralAndAdministrativeExpenses": -71000000,
    "otherExpenses": -649000000,
    "operatingExpenses": -598000000,
    "costAndExpenses": 1565000000,
    "interestIncome": 3000000,
    "interestExpense": 59000000,
    "depreciationAndAmortization": 281000000,
    "ebitda": 1144000000,
    "ebitdaratio": 0.4620355412,
    "operatingIncome": 911000000,
    "operatingIncomeRatio": 0.3679321486,
    "totalOtherIncomeExpensesNet": -107000000,
    "incomeBeforeTax": 804000000,
    "incomeBeforeTaxRatio": 0.3247172859,
    "incomeTaxExpense": 123000000,
    "netIncome": 673000000,
    "netIncomeRatio": 0.27180937,
    "eps": 1.35,
    "epsdiluted": 1.35,
    "weightedAverageShsOut": 496000000,
    "weightedAverageShsOutDil": 500000000,
    "link": "https://www.sec.gov/Archives/edgar/data/1164727/000119312513070256/0001193125-13-070256-index.htm",
    "finalLink": "https://www.sec.gov/Archives/edgar/data/1164727/000119312513070256/d462654d10k.htm"
  },
  {
    "date": "2012-09-30",
    "symbol": "NEM",
    "reportedCurrency": "USD",
    "cik": "0001164727",
    "fillingDate": "2012-11-01",
    "acceptedDate": "2012-11-01 17:15:44",
    "calendarYear": "2012",
    "period": "Q3",
    "revenue": 2480000000,
    "costOfRevenue": 1088000000,
    "grossProfit": 1392000000,
    "grossProfitRatio": 0.5612903226,
    "researchAndDevelopmentExpenses": 92000000,
    "generalAndAdministrativeExpenses": 90000000,
    "sellingAndMarketingExpenses": 0,
    "sellingGeneralAndAdministrativeExpenses": 90000000,
    "otherExpenses": 430000000,
    "operatingExpenses": 612000000,
    "costAndExpenses": 1700000000,
    "interestIncome": 2000000,
    "interestExpense": 67000000,
    "depreciationAndAmortization": 272000000,
    "ebitda": 1056000000,
    "ebitdaratio": 0.4258064516,
    "operatingIncome": 780000000,
    "operatingIncomeRatio": 0.314516129,
    "totalOtherIncomeExpensesNet": -90000000,
    "incomeBeforeTax": 717000000,
    "incomeBeforeTaxRatio": 0.2891129032,
    "incomeTaxExpense": 228000000,
    "netIncome": 367000000,
    "netIncomeRatio": 0.147983871,
    "eps": 0.74,
    "epsdiluted": 0.74,
    "weightedAverageShsOut": 496000000,
    "weightedAverageShsOutDil": 499000000,
    "link": "https://www.sec.gov/Archives/edgar/data/1164727/000119312512446912/0001193125-12-446912-index.htm",
    "finalLink": "https://www.sec.gov/Archives/edgar/data/1164727/000119312512446912/d431562d10q.htm"
  },
  {
    "date": "2012-06-30",
    "symbol": "NEM",
    "reportedCurrency": "USD",
    "cik": "0001164727",
    "fillingDate": "2012-07-26",
    "acceptedDate": "2012-07-26 17:15:57",
    "calendarYear": "2012",
    "period": "Q2",
    "revenue": 2229000000,
    "costOfRevenue": 1002000000,
    "grossProfit": 1227000000,
    "grossProfitRatio": 0.5504710633,
    "researchAndDevelopmentExpenses": 82000000,
    "generalAndAdministrativeExpenses": 73000000,
    "sellingAndMarketingExpenses": 0,
    "sellingGeneralAndAdministrativeExpenses": 73000000,
    "otherExpenses": 354000000,
    "operatingExpenses": 509000000,
    "costAndExpenses": 1511000000,
    "interestIncome": 2000000,
    "interestExpense": 71000000,
    "depreciationAndAmortization": 248000000,
    "ebitda": 876000000,
    "ebitdaratio": 0.3930013459,
    "operatingIncome": 718000000,
    "operatingIncomeRatio": 0.3221175415,
    "totalOtherIncomeExpensesNet": -75000000,
    "incomeBeforeTax": 557000000,
    "incomeBeforeTaxRatio": 0.2498878421,
    "incomeTaxExpense": 175000000,
    "netIncome": 279000000,
    "netIncomeRatio": 0.1251682369,
    "eps": 0.56,
    "epsdiluted": 0.56,
    "weightedAverageShsOut": 496000000,
    "weightedAverageShsOutDil": 498000000,
    "link": "https://www.sec.gov/Archives/edgar/data/1164727/000119312512317060/0001193125-12-317060-index.htm",
    "finalLink": "https://www.sec.gov/Archives/edgar/data/1164727/000119312512317060/d382685d10q.htm"
  },
  {
    "date": "2012-03-31",
    "symbol": "NEM",
    "reportedCurrency": "USD",
    "cik": "0001164727",
    "fillingDate": "2012-04-26",
    "acceptedDate": "2012-04-26 16:55:15",
    "calendarYear": "2012",
    "period": "Q1",
    "revenue": 2683000000,
    "costOfRevenue": 1017000000,
    "grossProfit": 1666000000,
    "grossProfitRatio": 0.6209467015,
    "researchAndDevelopmentExpenses": 102000000,
    "generalAndAdministrativeExpenses": 70000000,
    "sellingAndMarketingExpenses": 0,
    "sellingGeneralAndAdministrativeExpenses": 70000000,
    "otherExpenses": 319000000,
    "operatingExpenses": 491000000,
    "costAndExpenses": 1508000000,
    "interestIncome": 5000000,
    "interestExpense": 52000000,
    "depreciationAndAmortization": 231000000,
    "ebitda": 1319000000,
    "ebitdaratio": 0.4916138651,
    "operatingIncome": 1175000000,
    "operatingIncomeRatio": 0.4379426016,
    "totalOtherIncomeExpensesNet": -65000000,
    "incomeBeforeTax": 1036000000,
    "incomeBeforeTaxRatio": 0.3861349236,
    "incomeTaxExpense": 343000000,
    "netIncome": 490000000,
    "netIncomeRatio": 0.1826313828,
    "eps": 0.99,
    "epsdiluted": 0.97,
    "weightedAverageShsOut": 495000000,
    "weightedAverageShsOutDil": 504000000,
    "link": "https://www.sec.gov/Archives/edgar/data/1164727/000119312512186323/0001193125-12-186323-index.htm",
    "finalLink": "https://www.sec.gov/Archives/edgar/data/1164727/000119312512186323/d338970d10q.htm"
  },
  {
    "date": "2011-12-31",
    "symbol": "NEM",
    "reportedCurrency": "USD",
    "cik": "0001164727",
    "fillingDate": "2012-02-24",
    "acceptedDate": "2012-02-23 19:51:28",
    "calendarYear": "2011",
    "period": "Q4",
    "revenue": 2765000000,
    "costOfRevenue": 1120000000,
    "grossProfit": 1645000000,
    "grossProfitRatio": 0.5949367089,
    "researchAndDevelopmentExpenses": 80000000,
    "generalAndAdministrativeExpenses": 84000000,
    "sellingAndMarketingExpenses": -62000000,
    "sellingGeneralAndAdministrativeExpenses": 22000000,
    "otherExpenses": 485000000,
    "operatingExpenses": 587000000,
    "costAndExpenses": 1707000000,
    "interestIncome": -8000000,
    "interestExpense": 51000000,
    "depreciationAndAmortization": 260000000,
    "ebitda": -2259000000,
    "ebitdaratio": -0.8169981917,
    "operatingIncome": 1058000000,
    "operatingIncomeRatio": 0.3826401447,
    "totalOtherIncomeExpensesNet": -2104000000,
    "incomeBeforeTax": -1046000000,
    "incomeBeforeTaxRatio": -0.3783001808,
    "incomeTaxExpense": -150000000,
    "netIncome": -1028000000,
    "netIncomeRatio": -0.3717902351,
    "eps": -2.08,
    "epsdiluted": -2.08,
    "weightedAverageShsOut": 494000000,
    "weightedAverageShsOutDil": 495000000,
    "link": "https://www.sec.gov/Archives/edgar/data/1164727/000119312512075918/0001193125-12-075918-index.htm",
    "finalLink": "https://www.sec.gov/Archives/edgar/data/1164727/000119312512075918/d263670d10k.htm"
  },
  {
    "date": "2011-09-30",
    "symbol": "NEM",
    "reportedCurrency": "USD",
    "cik": "0001164727",
    "fillingDate": "2011-10-27",
    "acceptedDate": "2011-10-27 17:24:50",
    "calendarYear": "2011",
    "period": "Q3",
    "revenue": 2744000000,
    "costOfRevenue": 1112000000,
    "grossProfit": 1632000000,
    "grossProfitRatio": 0.5947521866,
    "researchAndDevelopmentExpenses": 99000000,
    "generalAndAdministrativeExpenses": 50000000,
    "sellingAndMarketingExpenses": 27000000,
    "sellingGeneralAndAdministrativeExpenses": 77000000,
    "otherExpenses": 278000000,
    "operatingExpenses": 454000000,
    "costAndExpenses": 1566000000,
    "interestIncome": 2000000,
    "interestExpense": 65000000,
    "depreciationAndAmortization": 270000000,
    "ebitda": 1371000000,
    "ebitdaratio": 0.4996355685,
    "operatingIncome": 1178000000,
    "operatingIncomeRatio": 0.4293002915,
    "totalOtherIncomeExpensesNet": -141000000,
    "incomeBeforeTax": 1036000000,
    "incomeBeforeTaxRatio": 0.3775510204,
    "incomeTaxExpense": 371000000,
    "netIncome": 493000000,
    "netIncomeRatio": 0.179664723,
    "eps": 1,
    "epsdiluted": 0.98,
    "weightedAverageShsOut": 494000000,
    "weightedAverageShsOutDil": 504000000,
    "link": "https://www.sec.gov/Archives/edgar/data/1164727/000095012311092539/0000950123-11-092539-index.htm",
    "finalLink": "https://www.sec.gov/Archives/edgar/data/1164727/000095012311092539/c23684e10vq.htm"
  },
  {
    "date": "2011-06-30",
    "symbol": "NEM",
    "reportedCurrency": "USD",
    "cik": "0001164727",
    "fillingDate": "2011-07-29",
    "acceptedDate": "2011-07-28 20:37:33",
    "calendarYear": "2011",
    "period": "Q2",
    "revenue": 2384000000,
    "costOfRevenue": 917000000,
    "grossProfit": 1467000000,
    "grossProfitRatio": 0.615352349,
    "researchAndDevelopmentExpenses": 109000000,
    "generalAndAdministrativeExpenses": 114000000,
    "sellingAndMarketingExpenses": 0,
    "sellingGeneralAndAdministrativeExpenses": 114000000,
    "otherExpenses": 339000000,
    "operatingExpenses": 562000000,
    "costAndExpenses": 1479000000,
    "interestIncome": 2000000,
    "interestExpense": 63000000,
    "depreciationAndAmortization": 250000000,
    "ebitda": 1160000000,
    "ebitdaratio": 0.4865771812,
    "operatingIncome": 905000000,
    "operatingIncomeRatio": 0.379614094,
    "totalOtherIncomeExpensesNet": -102000000,
    "incomeBeforeTax": 847000000,
    "incomeBeforeTaxRatio": 0.3552852349,
    "incomeTaxExpense": 187000000,
    "netIncome": 387000000,
    "netIncomeRatio": 0.1623322148,
    "eps": 0.78,
    "epsdiluted": 0.77,
    "weightedAverageShsOut": 494000000,
    "weightedAverageShsOutDil": 501000000,
    "link": "https://www.sec.gov/Archives/edgar/data/1164727/000095012311069854/0000950123-11-069854-index.htm",
    "finalLink": "https://www.sec.gov/Archives/edgar/data/1164727/000095012311069854/c20053e10vq.htm"
  },
  {
    "date": "2011-03-31",
    "symbol": "NEM",
    "reportedCurrency": "USD",
    "cik": "0001164727",
    "fillingDate": "2011-04-21",
    "acceptedDate": "2011-04-20 20:29:36",
    "calendarYear": "2011",
    "period": "Q1",
    "revenue": 2465000000,
    "costOfRevenue": 940000000,
    "grossProfit": 1525000000,
    "grossProfitRatio": 0.6186612576,
    "researchAndDevelopmentExpenses": 68000000,
    "generalAndAdministrativeExpenses": 45000000,
    "sellingAndMarketingExpenses": 0,
    "sellingGeneralAndAdministrativeExpenses": 45000000,
    "otherExpenses": 391000000,
    "operatingExpenses": 504000000,
    "costAndExpenses": 1444000000,
    "interestIncome": 4000000,
    "interestExpense": 65000000,
    "depreciationAndAmortization": 256000000,
    "ebitda": 1294000000,
    "ebitdaratio": 0.5249492901,
    "operatingIncome": 1021000000,
    "operatingIncomeRatio": 0.414198783,
    "totalOtherIncomeExpensesNet": -48000000,
    "incomeBeforeTax": 973000000,
    "incomeBeforeTaxRatio": 0.3947261663,
    "incomeTaxExpense": 305000000,
    "netIncome": 514000000,
    "netIncomeRatio": 0.2085192698,
    "eps": 1.04,
    "epsdiluted": 1.03,
    "weightedAverageShsOut": 493000000,
    "weightedAverageShsOutDil": 501000000,
    "link": "https://www.sec.gov/Archives/edgar/data/1164727/000095012311037416/0000950123-11-037416-index.htm",
    "finalLink": "https://www.sec.gov/Archives/edgar/data/1164727/000095012311037416/c15423e10vq.htm"
  },
  {
    "date": "2010-12-31",
    "symbol": "NEM",
    "reportedCurrency": "USD",
    "cik": "0001164727",
    "fillingDate": "2011-02-24",
    "acceptedDate": "2011-02-23 20:54:35",
    "calendarYear": "2010",
    "period": "Q4",
    "revenue": 2548000000,
    "costOfRevenue": 685000000,
    "grossProfit": 1863000000,
    "grossProfitRatio": 0.7311616954,
    "researchAndDevelopmentExpenses": 67000000,
    "generalAndAdministrativeExpenses": 178000000,
    "sellingAndMarketingExpenses": -177000000,
    "sellingGeneralAndAdministrativeExpenses": 1000000,
    "otherExpenses": 527000000,
    "operatingExpenses": 595000000,
    "costAndExpenses": 1280000000,
    "interestIncome": 0,
    "interestExpense": 0,
    "depreciationAndAmortization": 248000000,
    "ebitda": 1554000000,
    "ebitdaratio": 0.6098901099,
    "operatingIncome": 1268000000,
    "operatingIncomeRatio": 0.4976452119,
    "totalOtherIncomeExpensesNet": -128000000,
    "incomeBeforeTax": 1140000000,
    "incomeBeforeTaxRatio": 0.4474097331,
    "incomeTaxExpense": 100000000,
    "netIncome": 812000000,
    "netIncomeRatio": 0.3186813187,
    "eps": 1.65,
    "epsdiluted": 1.65,
    "weightedAverageShsOut": 492000000,
    "weightedAverageShsOutDil": 493000000,
    "link": "https://www.sec.gov/Archives/edgar/data/1164727/000095012311017350/0000950123-11-017350-index.htm",
    "finalLink": "https://www.sec.gov/Archives/edgar/data/1164727/000095012311017350/d79003e10vk.htm"
  },
  {
    "date": "2010-09-30",
    "symbol": "NEM",
    "reportedCurrency": "USD",
    "cik": "0001164727",
    "fillingDate": "2010-11-02",
    "acceptedDate": "2010-11-01 19:54:49",
    "calendarYear": "2010",
    "period": "Q3",
    "revenue": 2597000000,
    "costOfRevenue": 970000000,
    "grossProfit": 1627000000,
    "grossProfitRatio": 0.6264921063,
    "researchAndDevelopmentExpenses": 46000000,
    "generalAndAdministrativeExpenses": 45000000,
    "sellingAndMarketingExpenses": 18000000,
    "sellingGeneralAndAdministrativeExpenses": 63000000,
    "otherExpenses": 292000000,
    "operatingExpenses": 401000000,
    "costAndExpenses": 1371000000,
    "interestIncome": 3000000,
    "interestExpense": 66000000,
    "depreciationAndAmortization": 242000000,
    "ebitda": 1463000000,
    "ebitdaratio": 0.5633423181,
    "operatingIncome": 1226000000,
    "operatingIncomeRatio": 0.4720831729,
    "totalOtherIncomeExpensesNet": -73000000,
    "incomeBeforeTax": 1165000000,
    "incomeBeforeTaxRatio": 0.4485945322,
    "incomeTaxExpense": 348000000,
    "netIncome": 537000000,
    "netIncomeRatio": 0.2067770504,
    "eps": 1.09,
    "epsdiluted": 1.07,
    "weightedAverageShsOut": 493000000,
    "weightedAverageShsOutDil": 502000000,
    "link": "https://www.sec.gov/Archives/edgar/data/1164727/000095012310098972/0000950123-10-098972-index.htm",
    "finalLink": "https://www.sec.gov/Archives/edgar/data/1164727/000095012310098972/c07461e10vq.htm"
  },
  {
    "date": "2010-06-30",
    "symbol": "NEM",
    "reportedCurrency": "USD",
    "cik": "0001164727",
    "fillingDate": "2010-07-28",
    "acceptedDate": "2010-07-27 20:45:31",
    "calendarYear": "2010",
    "period": "Q2",
    "revenue": 2153000000,
    "costOfRevenue": 911000000,
    "grossProfit": 1242000000,
    "grossProfitRatio": 0.5768694844,
    "researchAndDevelopmentExpenses": 57000000,
    "generalAndAdministrativeExpenses": 43000000,
    "sellingAndMarketingExpenses": 13000000,
    "sellingGeneralAndAdministrativeExpenses": 56000000,
    "otherExpenses": 292000000,
    "operatingExpenses": 405000000,
    "costAndExpenses": 1316000000,
    "interestIncome": 2000000,
    "interestExpense": 69000000,
    "depreciationAndAmortization": 231000000,
    "ebitda": 1122000000,
    "ebitdaratio": 0.5211333024,
    "operatingIncome": 837000000,
    "operatingIncomeRatio": 0.3887598699,
    "totalOtherIncomeExpensesNet": -58000000,
    "incomeBeforeTax": 812000000,
    "incomeBeforeTaxRatio": 0.3771481654,
    "incomeTaxExpense": 273000000,
    "netIncome": 382000000,
    "netIncomeRatio": 0.1774268463,
    "eps": 0.78,
    "epsdiluted": 0.77,
    "weightedAverageShsOut": 492000000,
    "weightedAverageShsOutDil": 499000000,
    "link": "https://www.sec.gov/Archives/edgar/data/1164727/000095012310068690/0000950123-10-068690-index.htm",
    "finalLink": "https://www.sec.gov/Archives/edgar/data/1164727/000095012310068690/c01491e10vq.htm"
  },
  {
    "date": "2010-03-31",
    "symbol": "NEM",
    "reportedCurrency": "USD",
    "cik": "0001164727",
    "fillingDate": "2010-04-27",
    "acceptedDate": "2010-04-27 06:04:01",
    "calendarYear": "2010",
    "period": "Q1",
    "revenue": 2242000000,
    "costOfRevenue": 918000000,
    "grossProfit": 1324000000,
    "grossProfitRatio": 0.590544157,
    "researchAndDevelopmentExpenses": 46000000,
    "generalAndAdministrativeExpenses": 45000000,
    "sellingAndMarketingExpenses": 13000000,
    "sellingGeneralAndAdministrativeExpenses": 58000000,
    "otherExpenses": 313000000,
    "operatingExpenses": 417000000,
    "costAndExpenses": 1335000000,
    "interestIncome": 3000000,
    "interestExpense": 75000000,
    "depreciationAndAmortization": 224000000,
    "ebitda": 1185000000,
    "ebitdaratio": 0.5285459411,
    "operatingIncome": 907000000,
    "operatingIncomeRatio": 0.4045495094,
    "totalOtherIncomeExpensesNet": -46000000,
    "incomeBeforeTax": 880000000,
    "incomeBeforeTaxRatio": 0.3925066905,
    "incomeTaxExpense": 135000000,
    "netIncome": 546000000,
    "netIncomeRatio": 0.2435325602,
    "eps": 1.11,
    "epsdiluted": 1.11,
    "weightedAverageShsOut": 491000000,
    "weightedAverageShsOutDil": 493000000,
    "link": "https://www.sec.gov/Archives/edgar/data/1164727/000095012310038469/0000950123-10-038469-index.htm",
    "finalLink": "https://www.sec.gov/Archives/edgar/data/1164727/000095012310038469/c98493e10vq.htm"
  },
  {
    "date": "2009-12-31",
    "symbol": "NEM",
    "reportedCurrency": "USD",
    "cik": "0001164727",
    "fillingDate": "2010-02-25",
    "acceptedDate": "2010-02-25 06:06:09",
    "calendarYear": "2009",
    "period": "Q4",
    "revenue": 2518000000,
    "costOfRevenue": 889000000,
    "grossProfit": 1629000000,
    "grossProfitRatio": 0.6469420175,
    "researchAndDevelopmentExpenses": 35000000,
    "generalAndAdministrativeExpenses": 159000000,
    "sellingAndMarketingExpenses": -109000000,
    "sellingGeneralAndAdministrativeExpenses": 50000000,
    "otherExpenses": 364000000,
    "operatingExpenses": 449000000,
    "costAndExpenses": 1338000000,
    "interestIncome": 16000000,
    "interestExpense": 55000000,
    "depreciationAndAmortization": 240000000,
    "ebitda": 1458000000,
    "ebitdaratio": 0.579030977,
    "operatingIncome": 1180000000,
    "operatingIncomeRatio": 0.4686258936,
    "totalOtherIncomeExpensesNet": -17000000,
    "incomeBeforeTax": 1163000000,
    "incomeBeforeTaxRatio": 0.4618745036,
    "incomeTaxExpense": 294000000,
    "netIncome": 558000000,
    "netIncomeRatio": 0.221604448,
    "eps": 1.14,
    "epsdiluted": 1.14,
    "weightedAverageShsOut": 491000000,
    "weightedAverageShsOutDil": 491000000,
    "link": "https://www.sec.gov/Archives/edgar/data/1164727/000095012310016613/0000950123-10-016613-index.htm",
    "finalLink": "https://www.sec.gov/Archives/edgar/data/1164727/000095012310016613/d70495e10vk.htm"
  },
  {
    "date": "2009-09-30",
    "symbol": "NEM",
    "reportedCurrency": "USD",
    "cik": "0001164727",
    "fillingDate": "2009-10-29",
    "acceptedDate": "2009-10-28 17:51:58",
    "calendarYear": "2009",
    "period": "Q3",
    "revenue": 2049000000,
    "costOfRevenue": 820000000,
    "grossProfit": 1229000000,
    "grossProfitRatio": 0.5998047828,
    "researchAndDevelopmentExpenses": 27000000,
    "generalAndAdministrativeExpenses": 39000000,
    "sellingAndMarketingExpenses": 8000000,
    "sellingGeneralAndAdministrativeExpenses": 47000000,
    "otherExpenses": 266000000,
    "operatingExpenses": 340000000,
    "costAndExpenses": 1160000000,
    "interestIncome": 0,
    "interestExpense": 10000000,
    "depreciationAndAmortization": 199000000,
    "ebitda": 1088000000,
    "ebitdaratio": 0.5309907272,
    "operatingIncome": 889000000,
    "operatingIncomeRatio": 0.4338701806,
    "totalOtherIncomeExpensesNet": 15000000,
    "incomeBeforeTax": 904000000,
    "incomeBeforeTaxRatio": 0.4411908248,
    "incomeTaxExpense": 253000000,
    "netIncome": 388000000,
    "netIncomeRatio": 0.1893606637,
    "eps": 0.79,
    "epsdiluted": 0.79,
    "weightedAverageShsOut": 490000000,
    "weightedAverageShsOutDil": 491000000,
    "link": "https://www.sec.gov/Archives/edgar/data/1164727/000095012309054293/0000950123-09-054293-index.htm",
    "finalLink": "https://www.sec.gov/Archives/edgar/data/1164727/000095012309054293/c91265e10vq.htm"
  },
  {
    "date": "2009-06-30",
    "symbol": "NEM",
    "reportedCurrency": "USD",
    "cik": "0001164727",
    "fillingDate": "2009-07-23",
    "acceptedDate": "2009-07-22 19:17:21",
    "calendarYear": "2009",
    "period": "Q2",
    "revenue": 1602000000,
    "costOfRevenue": 747000000,
    "grossProfit": 855000000,
    "grossProfitRatio": 0.5337078652,
    "researchAndDevelopmentExpenses": 42000000,
    "generalAndAdministrativeExpenses": 40000000,
    "sellingAndMarketingExpenses": 0,
    "sellingGeneralAndAdministrativeExpenses": 40000000,
    "otherExpenses": 300000000,
    "operatingExpenses": 382000000,
    "costAndExpenses": 1129000000,
    "interestIncome": 6000000,
    "interestExpense": 23000000,
    "depreciationAndAmortization": 176000000,
    "ebitda": 649000000,
    "ebitdaratio": 0.4051186017,
    "operatingIncome": 473000000,
    "operatingIncomeRatio": 0.2952559301,
    "totalOtherIncomeExpensesNet": -14000000,
    "incomeBeforeTax": 459000000,
    "incomeBeforeTaxRatio": 0.2865168539,
    "incomeTaxExpense": 136000000,
    "netIncome": 306000000,
    "netIncomeRatio": 0.191011236,
    "eps": 0.62,
    "epsdiluted": 0.62,
    "weightedAverageShsOut": 490000000,
    "weightedAverageShsOutDil": 491000000,
    "link": "https://www.sec.gov/Archives/edgar/data/1164727/000095012309024448/0000950123-09-024448-index.htm",
    "finalLink": "https://www.sec.gov/Archives/edgar/data/1164727/000095012309024448/c87899e10vq.htm"
  },
  {
    "date": "2009-03-31",
    "symbol": "NEM",
    "reportedCurrency": "USD",
    "cik": "0001164727",
    "fillingDate": "2009-04-30",
    "acceptedDate": "2009-04-29 21:31:34",
    "calendarYear": "2009",
    "period": "Q1",
    "revenue": 1552000000,
    "costOfRevenue": 794000000,
    "grossProfit": 758000000,
    "grossProfitRatio": 0.4884020619,
    "researchAndDevelopmentExpenses": 31000000,
    "generalAndAdministrativeExpenses": 39000000,
    "sellingAndMarketingExpenses": 9000000,
    "sellingGeneralAndAdministrativeExpenses": 48000000,
    "otherExpenses": 269000000,
    "operatingExpenses": 348000000,
    "costAndExpenses": 1142000000,
    "interestIncome": 0,
    "interestExpense": 32000000,
    "depreciationAndAmortization": 192000000,
    "ebitda": 593000000,
    "ebitdaratio": 0.3820876289,
    "operatingIncome": 410000000,
    "operatingIncomeRatio": 0.2641752577,
    "totalOtherIncomeExpensesNet": -23000000,
    "incomeBeforeTax": 387000000,
    "incomeBeforeTaxRatio": 0.2493556701,
    "incomeTaxExpense": 105000000,
    "netIncome": 189000000,
    "netIncomeRatio": 0.1217783505,
    "eps": 0.4,
    "epsdiluted": 0.4,
    "weightedAverageShsOut": 472000000,
    "weightedAverageShsOutDil": 473000000,
    "link": "https://www.sec.gov/Archives/edgar/data/1164727/000089161809000150/0000891618-09-000150-index.htm",
    "finalLink": "https://www.sec.gov/Archives/edgar/data/1164727/000089161809000150/c84430e10vq.htm"
  },
  {
    "date": "2008-12-31",
    "symbol": "NEM",
    "reportedCurrency": "USD",
    "cik": "0001164727",
    "fillingDate": "2009-02-19",
    "acceptedDate": "2009-02-19 00:00:00",
    "calendarYear": "2008",
    "period": "Q4",
    "revenue": 1342000000,
    "costOfRevenue": 828000000,
    "grossProfit": 514000000,
    "grossProfitRatio": 0.3830104322,
    "researchAndDevelopmentExpenses": 52000000,
    "generalAndAdministrativeExpenses": 144000000,
    "sellingAndMarketingExpenses": -136000000,
    "sellingGeneralAndAdministrativeExpenses": 8000000,
    "otherExpenses": 552000000,
    "operatingExpenses": 612000000,
    "costAndExpenses": 1440000000,
    "interestIncome": 0,
    "interestExpense": 0,
    "depreciationAndAmortization": 192000000,
    "ebitda": -173000000,
    "ebitdaratio": -0.1289120715,
    "operatingIncome": -98000000,
    "operatingIncomeRatio": -0.0730253353,
    "totalOtherIncomeExpensesNet": 56000000,
    "incomeBeforeTax": -42000000,
    "incomeBeforeTaxRatio": -0.0312965723,
    "incomeTaxExpense": -88000000,
    "netIncome": 10000000,
    "netIncomeRatio": 0.0074515648,
    "eps": 0.0212,
    "epsdiluted": 0.0212,
    "weightedAverageShsOut": 454000000,
    "weightedAverageShsOutDil": 472000000,
    "link": "https://www.sec.gov/Archives/edgar/data/1164727/000095013409003236/0000950134-09-003236-index.htm",
    "finalLink": "https://www.sec.gov/Archives/edgar/data/1164727/000095013409003236/d65086e10vk.htm"
  },
  {
    "date": "2008-09-30",
    "symbol": "NEM",
    "reportedCurrency": "USD",
    "cik": "0001164727",
    "fillingDate": "2008-10-29",
    "acceptedDate": "2008-10-28 20:33:48",
    "calendarYear": "2008",
    "period": "Q3",
    "revenue": 1392000000,
    "costOfRevenue": 871000000,
    "grossProfit": 521000000,
    "grossProfitRatio": 0.3742816092,
    "researchAndDevelopmentExpenses": 45000000,
    "generalAndAdministrativeExpenses": 37000000,
    "sellingAndMarketingExpenses": 10000000,
    "sellingGeneralAndAdministrativeExpenses": 47000000,
    "otherExpenses": 189000000,
    "operatingExpenses": 281000000,
    "costAndExpenses": 1152000000,
    "interestIncome": 0,
    "interestExpense": 35000000,
    "depreciationAndAmortization": 189000000,
    "ebitda": 443000000,
    "ebitdaratio": 0.3182471264,
    "operatingIncome": 240000000,
    "operatingIncomeRatio": 0.1724137931,
    "totalOtherIncomeExpensesNet": -18000000,
    "incomeBeforeTax": 212000000,
    "incomeBeforeTaxRatio": 0.1522988506,
    "incomeTaxExpense": 3000000,
    "netIncome": 191000000,
    "netIncomeRatio": 0.1372126437,
    "eps": 0.42,
    "epsdiluted": 0.42,
    "weightedAverageShsOut": 454000000,
    "weightedAverageShsOutDil": 455000000,
    "link": "https://www.sec.gov/Archives/edgar/data/1164727/000119312508218206/0001193125-08-218206-index.htm",
    "finalLink": "https://www.sec.gov/Archives/edgar/data/1164727/000119312508218206/d10q.htm"
  },
  {
    "date": "2008-06-30",
    "symbol": "NEM",
    "reportedCurrency": "USD",
    "cik": "0001164727",
    "fillingDate": "2008-07-24",
    "acceptedDate": "2008-07-23 19:32:24",
    "calendarYear": "2008",
    "period": "Q2",
    "revenue": 1522000000,
    "costOfRevenue": 818000000,
    "grossProfit": 704000000,
    "grossProfitRatio": 0.4625492773,
    "researchAndDevelopmentExpenses": 39000000,
    "generalAndAdministrativeExpenses": 37000000,
    "sellingAndMarketingExpenses": 0,
    "sellingGeneralAndAdministrativeExpenses": 37000000,
    "otherExpenses": 184000000,
    "operatingExpenses": 260000000,
    "costAndExpenses": 1078000000,
    "interestIncome": 7000000,
    "interestExpense": 35000000,
    "depreciationAndAmortization": 184000000,
    "ebitda": 513000000,
    "ebitdaratio": 0.3370565046,
    "operatingIncome": 444000000,
    "operatingIncomeRatio": 0.2917214192,
    "totalOtherIncomeExpensesNet": -149000000,
    "incomeBeforeTax": 310000000,
    "incomeBeforeTaxRatio": 0.2036793693,
    "incomeTaxExpense": -37000000,
    "netIncome": 271000000,
    "netIncomeRatio": 0.1780551905,
    "eps": 0.6,
    "epsdiluted": 0.59,
    "weightedAverageShsOut": 454000000,
    "weightedAverageShsOutDil": 456000000,
    "link": "https://www.sec.gov/Archives/edgar/data/1164727/000119312508156501/0001193125-08-156501-index.htm",
    "finalLink": "https://www.sec.gov/Archives/edgar/data/1164727/000119312508156501/d10q.htm"
  },
  {
    "date": "2008-03-31",
    "symbol": "NEM",
    "reportedCurrency": "USD",
    "cik": "0001164727",
    "fillingDate": "2008-04-24",
    "acceptedDate": "2008-04-23 18:56:59",
    "calendarYear": "2008",
    "period": "Q1",
    "revenue": 1943000000,
    "costOfRevenue": 791000000,
    "grossProfit": 1152000000,
    "grossProfitRatio": 0.5928975811,
    "researchAndDevelopmentExpenses": 30000000,
    "generalAndAdministrativeExpenses": 23000000,
    "sellingAndMarketingExpenses": 45000000,
    "sellingGeneralAndAdministrativeExpenses": 68000000,
    "otherExpenses": 182000000,
    "operatingExpenses": 280000000,
    "costAndExpenses": 1071000000,
    "interestIncome": 0,
    "interestExpense": 0,
    "depreciationAndAmortization": 182000000,
    "ebitda": 983000000,
    "ebitdaratio": 0.5059186824,
    "operatingIncome": 872000000,
    "operatingIncomeRatio": 0.4487905301,
    "totalOtherIncomeExpensesNet": -13000000,
    "incomeBeforeTax": 796000000,
    "incomeBeforeTaxRatio": 0.4096757591,
    "incomeTaxExpense": 235000000,
    "netIncome": 365000000,
    "netIncomeRatio": 0.1878538343,
    "eps": 0.81,
    "epsdiluted": 0.8,
    "weightedAverageShsOut": 453000000,
    "weightedAverageShsOutDil": 457000000,
    "link": "https://www.sec.gov/Archives/edgar/data/1164727/000119312508088181/0001193125-08-088181-index.htm",
    "finalLink": "https://www.sec.gov/Archives/edgar/data/1164727/000119312508088181/d10q.htm"
  },
  {
    "date": "2007-12-31",
    "symbol": "NEM",
    "reportedCurrency": "USD",
    "cik": "0001164727",
    "fillingDate": "2008-02-21",
    "acceptedDate": "2008-02-21 14:14:16",
    "calendarYear": "2007",
    "period": "Q4",
    "revenue": 1322000000,
    "costOfRevenue": 542000000,
    "grossProfit": 780000000,
    "grossProfitRatio": 0.5900151286,
    "researchAndDevelopmentExpenses": 17000000,
    "generalAndAdministrativeExpenses": 143000000,
    "sellingAndMarketingExpenses": 202000000,
    "sellingGeneralAndAdministrativeExpenses": 345000000,
    "otherExpenses": 138000000,
    "operatingExpenses": 500000000,
    "costAndExpenses": 1042000000,
    "interestIncome": 0,
    "interestExpense": 0,
    "depreciationAndAmortization": 138000000,
    "ebitda": 418000000,
    "ebitdaratio": 0.3161875946,
    "operatingIncome": 280000000,
    "operatingIncomeRatio": 0.2118003026,
    "totalOtherIncomeExpensesNet": -1455000000,
    "incomeBeforeTax": -1175000000,
    "incomeBeforeTaxRatio": -0.8888048411,
    "incomeTaxExpense": 95000000,
    "netIncome": -289000000,
    "netIncomeRatio": -0.2186081694,
    "eps": -0.64,
    "epsdiluted": -0.64,
    "weightedAverageShsOut": 453000000,
    "weightedAverageShsOutDil": 453000000,
    "link": "https://www.sec.gov/Archives/edgar/data/1164727/000119312508035169/0001193125-08-035169-index.htm",
    "finalLink": "https://www.sec.gov/Archives/edgar/data/1164727/000119312508035169/d10k.htm"
  },
  {
    "date": "2007-09-30",
    "symbol": "NEM",
    "reportedCurrency": "USD",
    "cik": "0001164727",
    "fillingDate": "2007-10-31",
    "acceptedDate": "2007-10-31 17:25:08",
    "calendarYear": "2007",
    "period": "Q3",
    "revenue": 1646000000,
    "costOfRevenue": 785000000,
    "grossProfit": 861000000,
    "grossProfitRatio": 0.5230862697,
    "researchAndDevelopmentExpenses": 16000000,
    "generalAndAdministrativeExpenses": 40000000,
    "sellingAndMarketingExpenses": 10000000,
    "sellingGeneralAndAdministrativeExpenses": 50000000,
    "otherExpenses": 176000000,
    "operatingExpenses": 242000000,
    "costAndExpenses": 1027000000,
    "interestIncome": 0,
    "interestExpense": 0,
    "depreciationAndAmortization": 176000000,
    "ebitda": 811000000,
    "ebitdaratio": 0.492709599,
    "operatingIncome": 619000000,
    "operatingIncomeRatio": 0.3760631835,
    "totalOtherIncomeExpensesNet": -12000000,
    "incomeBeforeTax": 607000000,
    "incomeBeforeTaxRatio": 0.3687727825,
    "incomeTaxExpense": 84000000,
    "netIncome": 397000000,
    "netIncomeRatio": 0.2411907655,
    "eps": 0.88,
    "epsdiluted": 0.88,
    "weightedAverageShsOut": 452000000,
    "weightedAverageShsOutDil": 453000000,
    "link": "https://www.sec.gov/Archives/edgar/data/1164727/000119312507231276/0001193125-07-231276-index.htm",
    "finalLink": "https://www.sec.gov/Archives/edgar/data/1164727/000119312507231276/d10q.htm"
  },
  {
    "date": "2007-06-30",
    "symbol": "NEM",
    "reportedCurrency": "USD",
    "cik": "0001164727",
    "fillingDate": "2007-08-02",
    "acceptedDate": "2007-08-02 14:46:20",
    "calendarYear": "2007",
    "period": "Q2",
    "revenue": 1302000000,
    "costOfRevenue": 807000000,
    "grossProfit": 495000000,
    "grossProfitRatio": 0.3801843318,
    "researchAndDevelopmentExpenses": 13000000,
    "generalAndAdministrativeExpenses": 36000000,
    "sellingAndMarketingExpenses": 0,
    "sellingGeneralAndAdministrativeExpenses": 36000000,
    "otherExpenses": 193000000,
    "operatingExpenses": 242000000,
    "costAndExpenses": 1049000000,
    "interestIncome": 0,
    "interestExpense": 0,
    "depreciationAndAmortization": 189000000,
    "ebitda": 469000000,
    "ebitdaratio": 0.3602150538,
    "operatingIncome": 253000000,
    "operatingIncomeRatio": 0.1943164363,
    "totalOtherIncomeExpensesNet": -584000000,
    "incomeBeforeTax": -331000000,
    "incomeBeforeTaxRatio": -0.2542242704,
    "incomeTaxExpense": -23000000,
    "netIncome": -2062000000,
    "netIncomeRatio": -1.5837173579,
    "eps": -4.57,
    "epsdiluted": -4.57,
    "weightedAverageShsOut": 451000000,
    "weightedAverageShsOutDil": 451000000,
    "link": "https://www.sec.gov/Archives/edgar/data/1164727/000119312507169323/0001193125-07-169323-index.htm",
    "finalLink": "https://www.sec.gov/Archives/edgar/data/1164727/000119312507169323/d10q.htm"
  },
  {
    "date": "2007-03-31",
    "symbol": "NEM",
    "reportedCurrency": "USD",
    "cik": "0001164727",
    "fillingDate": "2007-04-27",
    "acceptedDate": "2007-04-27 17:19:06",
    "calendarYear": "2007",
    "period": "Q1",
    "revenue": 1256000000,
    "costOfRevenue": 844000000,
    "grossProfit": 412000000,
    "grossProfitRatio": 0.3280254777,
    "researchAndDevelopmentExpenses": 18000000,
    "generalAndAdministrativeExpenses": 37000000,
    "sellingAndMarketingExpenses": 22000000,
    "sellingGeneralAndAdministrativeExpenses": 59000000,
    "otherExpenses": 192000000,
    "operatingExpenses": 269000000,
    "costAndExpenses": 1113000000,
    "interestIncome": 0,
    "interestExpense": 0,
    "depreciationAndAmortization": 192000000,
    "ebitda": 396000000,
    "ebitdaratio": 0.3152866242,
    "operatingIncome": 143000000,
    "operatingIncomeRatio": 0.1138535032,
    "totalOtherIncomeExpensesNet": -3000000,
    "incomeBeforeTax": 186000000,
    "incomeBeforeTaxRatio": 0.148089172,
    "incomeTaxExpense": 62000000,
    "netIncome": 68000000,
    "netIncomeRatio": 0.0541401274,
    "eps": 0.15,
    "epsdiluted": 0.15,
    "weightedAverageShsOut": 451000000,
    "weightedAverageShsOutDil": 452000000,
    "link": "https://www.sec.gov/Archives/edgar/data/1164727/000119312507093862/0001193125-07-093862-index.htm",
    "finalLink": "https://www.sec.gov/Archives/edgar/data/1164727/000119312507093862/d10q.htm"
  },
  {
    "date": "2006-12-31",
    "symbol": "NEM",
    "reportedCurrency": "USD",
    "cik": "0001164727",
    "fillingDate": "2007-02-26",
    "acceptedDate": "2007-02-23 18:17:03",
    "calendarYear": "2006",
    "period": "Q4",
    "revenue": 1460000000,
    "costOfRevenue": 786000000,
    "grossProfit": 674000000,
    "grossProfitRatio": 0.4616438356,
    "researchAndDevelopmentExpenses": 26000000,
    "generalAndAdministrativeExpenses": 149000000,
    "sellingAndMarketingExpenses": 0,
    "sellingGeneralAndAdministrativeExpenses": -18000000,
    "otherExpenses": 165000000,
    "operatingExpenses": 200000000,
    "costAndExpenses": 986000000,
    "interestIncome": 0,
    "interestExpense": 0,
    "depreciationAndAmortization": 192000000,
    "ebitda": 666000000,
    "ebitdaratio": 0.4561643836,
    "operatingIncome": 474000000,
    "operatingIncomeRatio": 0.3246575342,
    "totalOtherIncomeExpensesNet": -114000000,
    "incomeBeforeTax": 360000000,
    "incomeBeforeTaxRatio": 0.2465753425,
    "incomeTaxExpense": 62000000,
    "netIncome": 223000000,
    "netIncomeRatio": 0.152739726,
    "eps": 0.49,
    "epsdiluted": 0.49,
    "weightedAverageShsOut": 451000000,
    "weightedAverageShsOutDil": 451000000,
    "link": "https://www.sec.gov/Archives/edgar/data/1164727/000119312507038537/0001193125-07-038537-index.htm",
    "finalLink": "https://www.sec.gov/Archives/edgar/data/1164727/000119312507038537/d10k.htm"
  },
  {
    "date": "2006-09-30",
    "symbol": "NEM",
    "reportedCurrency": "USD",
    "cik": "0001164727",
    "fillingDate": "2006-11-01",
    "acceptedDate": "2006-11-01 17:11:01",
    "calendarYear": "2006",
    "period": "Q3",
    "revenue": 1102000000,
    "costOfRevenue": 632000000,
    "grossProfit": 470000000,
    "grossProfitRatio": 0.4264972777,
    "researchAndDevelopmentExpenses": 19000000,
    "generalAndAdministrativeExpenses": 29000000,
    "sellingAndMarketingExpenses": 37000000,
    "sellingGeneralAndAdministrativeExpenses": 66000000,
    "otherExpenses": 153000000,
    "operatingExpenses": 238000000,
    "costAndExpenses": 870000000,
    "interestIncome": 0,
    "interestExpense": 0,
    "depreciationAndAmortization": 149000000,
    "ebitda": 419000000,
    "ebitdaratio": 0.3802177858,
    "operatingIncome": 232000000,
    "operatingIncomeRatio": 0.2105263158,
    "totalOtherIncomeExpensesNet": -71000000,
    "incomeBeforeTax": 521000000,
    "incomeBeforeTaxRatio": 0.4727767695,
    "incomeTaxExpense": 206000000,
    "netIncome": 198000000,
    "netIncomeRatio": 0.1796733212,
    "eps": 0.44,
    "epsdiluted": 0.44,
    "weightedAverageShsOut": 450000000,
    "weightedAverageShsOutDil": 452000000,
    "link": "https://www.sec.gov/Archives/edgar/data/1164727/000119312506220752/0001193125-06-220752-index.htm",
    "finalLink": "https://www.sec.gov/Archives/edgar/data/1164727/000119312506220752/d10q.htm"
  },
  {
    "date": "2006-06-30",
    "symbol": "NEM",
    "reportedCurrency": "USD",
    "cik": "0001164727",
    "fillingDate": "2006-07-27",
    "acceptedDate": "2006-07-27 17:11:28",
    "calendarYear": "2006",
    "period": "Q2",
    "revenue": 1310000000,
    "costOfRevenue": 681000000,
    "grossProfit": 629000000,
    "grossProfitRatio": 0.4801526718,
    "researchAndDevelopmentExpenses": 28000000,
    "generalAndAdministrativeExpenses": 37000000,
    "sellingAndMarketingExpenses": 0,
    "sellingGeneralAndAdministrativeExpenses": 37000000,
    "otherExpenses": 153000000,
    "operatingExpenses": 218000000,
    "costAndExpenses": 899000000,
    "interestIncome": 0,
    "interestExpense": 0,
    "depreciationAndAmortization": 153000000,
    "ebitda": 560000000,
    "ebitdaratio": 0.427480916,
    "operatingIncome": 411000000,
    "operatingIncomeRatio": 0.313740458,
    "totalOtherIncomeExpensesNet": -74000000,
    "incomeBeforeTax": 409000000,
    "incomeBeforeTaxRatio": 0.3122137405,
    "incomeTaxExpense": 120000000,
    "netIncome": 161000000,
    "netIncomeRatio": 0.1229007634,
    "eps": 0.36,
    "epsdiluted": 0.36,
    "weightedAverageShsOut": 449000000,
    "weightedAverageShsOutDil": 452000000,
    "link": "https://www.sec.gov/Archives/edgar/data/1164727/000119312506154983/0001193125-06-154983-index.htm",
    "finalLink": "https://www.sec.gov/Archives/edgar/data/1164727/000119312506154983/d10q.htm"
  },
  {
    "date": "2006-03-31",
    "symbol": "NEM",
    "reportedCurrency": "USD",
    "cik": "0001164727",
    "fillingDate": "2006-04-28",
    "acceptedDate": "2006-04-28 16:50:45",
    "calendarYear": "2006",
    "period": "Q1",
    "revenue": 1148000000,
    "costOfRevenue": 599000000,
    "grossProfit": 549000000,
    "grossProfitRatio": 0.4782229965,
    "researchAndDevelopmentExpenses": 21000000,
    "generalAndAdministrativeExpenses": 37000000,
    "sellingAndMarketingExpenses": 0,
    "sellingGeneralAndAdministrativeExpenses": 37000000,
    "otherExpenses": 142000000,
    "operatingExpenses": 200000000,
    "costAndExpenses": 799000000,
    "interestIncome": 0,
    "interestExpense": 0,
    "depreciationAndAmortization": 142000000,
    "ebitda": 470000000,
    "ebitdaratio": 0.4094076655,
    "operatingIncome": 349000000,
    "operatingIncomeRatio": 0.3040069686,
    "totalOtherIncomeExpensesNet": -42000000,
    "incomeBeforeTax": 350000000,
    "incomeBeforeTaxRatio": 0.3048780488,
    "incomeTaxExpense": 38000000,
    "netIncome": 209000000,
    "netIncomeRatio": 0.1820557491,
    "eps": 0.47,
    "epsdiluted": 0.46,
    "weightedAverageShsOut": 448000000,
    "weightedAverageShsOutDil": 451000000,
    "link": "https://www.sec.gov/Archives/edgar/data/1164727/000119312506093063/0001193125-06-093063-index.htm",
    "finalLink": "https://www.sec.gov/Archives/edgar/data/1164727/000119312506093063/d10q.htm"
  },
  {
    "date": "2005-12-31",
    "symbol": "NEM",
    "reportedCurrency": "USD",
    "cik": "0001164727",
    "fillingDate": "2006-03-02",
    "acceptedDate": "2006-03-02 10:44:05",
    "calendarYear": "2005",
    "period": "Q4",
    "revenue": 1283000000,
    "costOfRevenue": 762000000,
    "grossProfit": 521000000,
    "grossProfitRatio": 0.4060795012,
    "researchAndDevelopmentExpenses": 23000000,
    "generalAndAdministrativeExpenses": 134000000,
    "sellingAndMarketingExpenses": -95000000,
    "sellingGeneralAndAdministrativeExpenses": 39000000,
    "otherExpenses": 162000000,
    "operatingExpenses": 224000000,
    "costAndExpenses": 986000000,
    "interestIncome": 0,
    "interestExpense": 0,
    "depreciationAndAmortization": 183000000,
    "ebitda": 480000000,
    "ebitdaratio": 0.3741231489,
    "operatingIncome": 297000000,
    "operatingIncomeRatio": 0.2314886984,
    "totalOtherIncomeExpensesNet": 46000000,
    "incomeBeforeTax": 343000000,
    "incomeBeforeTaxRatio": 0.2673421668,
    "incomeTaxExpense": 128000000,
    "netIncome": 62000000,
    "netIncomeRatio": 0.0483242401,
    "eps": 0.14,
    "epsdiluted": 0.14,
    "weightedAverageShsOut": 446000000,
    "weightedAverageShsOutDil": 448000000,
    "link": "https://www.sec.gov/Archives/edgar/data/1164727/000119312506043441/0001193125-06-043441-index.htm",
    "finalLink": "https://www.sec.gov/Archives/edgar/data/1164727/000119312506043441/d10k.htm"
  },
  {
    "date": "2005-09-30",
    "symbol": "NEM",
    "reportedCurrency": "USD",
    "cik": "0001164727",
    "fillingDate": "2005-10-28",
    "acceptedDate": "2005-10-28 16:13:22",
    "calendarYear": "2005",
    "period": "Q3",
    "revenue": 1164000000,
    "costOfRevenue": 643000000,
    "grossProfit": 521000000,
    "grossProfitRatio": 0.4475945017,
    "researchAndDevelopmentExpenses": 18000000,
    "generalAndAdministrativeExpenses": 32000000,
    "sellingAndMarketingExpenses": 0,
    "sellingGeneralAndAdministrativeExpenses": 32000000,
    "otherExpenses": 160000000,
    "operatingExpenses": 210000000,
    "costAndExpenses": 853000000,
    "interestIncome": 0,
    "interestExpense": 0,
    "depreciationAndAmortization": 156000000,
    "ebitda": 473000000,
    "ebitdaratio": 0.4063573883,
    "operatingIncome": 311000000,
    "operatingIncomeRatio": 0.2671821306,
    "totalOtherIncomeExpensesNet": 22000000,
    "incomeBeforeTax": 333000000,
    "incomeBeforeTaxRatio": 0.2860824742,
    "incomeTaxExpense": 94000000,
    "netIncome": 126000000,
    "netIncomeRatio": 0.1082474227,
    "eps": 0.28,
    "epsdiluted": 0.28,
    "weightedAverageShsOut": 446000000,
    "weightedAverageShsOutDil": 449000000,
    "link": "https://www.sec.gov/Archives/edgar/data/1164727/000119312505211099/0001193125-05-211099-index.htm",
    "finalLink": "https://www.sec.gov/Archives/edgar/data/1164727/000119312505211099/d10q.htm"
  },
  {
    "date": "2005-06-30",
    "symbol": "NEM",
    "reportedCurrency": "USD",
    "cik": "0001164727",
    "fillingDate": "2005-08-01",
    "acceptedDate": "2005-07-29 17:31:59",
    "calendarYear": "2005",
    "period": "Q2",
    "revenue": 1006000000,
    "costOfRevenue": 598000000,
    "grossProfit": 408000000,
    "grossProfitRatio": 0.4055666004,
    "researchAndDevelopmentExpenses": 14000000,
    "generalAndAdministrativeExpenses": 32000000,
    "sellingAndMarketingExpenses": 0,
    "sellingGeneralAndAdministrativeExpenses": 32000000,
    "otherExpenses": 158000000,
    "operatingExpenses": 204000000,
    "costAndExpenses": 802000000,
    "interestIncome": 0,
    "interestExpense": 0,
    "depreciationAndAmortization": 142000000,
    "ebitda": 365000000,
    "ebitdaratio": 0.3628230616,
    "operatingIncome": 204000000,
    "operatingIncomeRatio": 0.2027833002,
    "totalOtherIncomeExpensesNet": -4000000,
    "incomeBeforeTax": 200000000,
    "incomeBeforeTaxRatio": 0.1988071571,
    "incomeTaxExpense": 41000000,
    "netIncome": 50000000,
    "netIncomeRatio": 0.0497017893,
    "eps": 0.11,
    "epsdiluted": 0.11,
    "weightedAverageShsOut": 446000000,
    "weightedAverageShsOutDil": 449000000,
    "link": "https://www.sec.gov/Archives/edgar/data/1164727/000119312505152871/0001193125-05-152871-index.htm",
    "finalLink": "https://www.sec.gov/Archives/edgar/data/1164727/000119312505152871/d10q.htm"
  },
  {
    "date": "2005-03-31",
    "symbol": "NEM",
    "reportedCurrency": "USD",
    "cik": "0001164727",
    "fillingDate": "2005-04-29",
    "acceptedDate": "2005-04-29 16:09:41",
    "calendarYear": "2005",
    "period": "Q1",
    "revenue": 961000000,
    "costOfRevenue": 577000000,
    "grossProfit": 384000000,
    "grossProfitRatio": 0.3995837669,
    "researchAndDevelopmentExpenses": 18000000,
    "generalAndAdministrativeExpenses": 31000000,
    "sellingAndMarketingExpenses": 0,
    "sellingGeneralAndAdministrativeExpenses": 31000000,
    "otherExpenses": 168000000,
    "operatingExpenses": 217000000,
    "costAndExpenses": 794000000,
    "interestIncome": 0,
    "interestExpense": 0,
    "depreciationAndAmortization": 134000000,
    "ebitda": 291000000,
    "ebitdaratio": 0.3028095734,
    "operatingIncome": 167000000,
    "operatingIncomeRatio": 0.1737773153,
    "totalOtherIncomeExpensesNet": 26000000,
    "incomeBeforeTax": 190000000,
    "incomeBeforeTaxRatio": 0.197710718,
    "incomeTaxExpense": 51000000,
    "netIncome": 84000000,
    "netIncomeRatio": 0.087408949,
    "eps": 0.19,
    "epsdiluted": 0.19,
    "weightedAverageShsOut": 446000000,
    "weightedAverageShsOutDil": 448000000,
    "link": "https://www.sec.gov/Archives/edgar/data/1164727/000119312505090450/0001193125-05-090450-index.htm",
    "finalLink": "https://www.sec.gov/Archives/edgar/data/1164727/000119312505090450/d10q.htm"
  },
  {
    "date": "2004-12-31",
    "symbol": "NEM",
    "reportedCurrency": "USD",
    "cik": "0001164727",
    "fillingDate": "2005-03-15",
    "acceptedDate": "2005-03-15 14:59:33",
    "calendarYear": "2004",
    "period": "Q4",
    "revenue": 1230042000,
    "costOfRevenue": 780834000,
    "grossProfit": 449208000,
    "grossProfitRatio": 0.3651972859,
    "researchAndDevelopmentExpenses": 53416000,
    "generalAndAdministrativeExpenses": 115848000,
    "sellingAndMarketingExpenses": -79949000,
    "sellingGeneralAndAdministrativeExpenses": 35899000,
    "otherExpenses": -4669000,
    "operatingExpenses": 70284000,
    "costAndExpenses": 851118000,
    "interestIncome": 0,
    "interestExpense": 0,
    "depreciationAndAmortization": 169050000,
    "ebitda": 552302000,
    "ebitdaratio": 0.4490106842,
    "operatingIncome": 378924000,
    "operatingIncomeRatio": 0.3080577736,
    "totalOtherIncomeExpensesNet": 210001000,
    "incomeBeforeTax": 588925000,
    "incomeBeforeTaxRatio": 0.4787844643,
    "incomeTaxExpense": 65844000,
    "netIncome": 190423000,
    "netIncomeRatio": 0.154810161,
    "eps": 0.43,
    "epsdiluted": 0.43,
    "weightedAverageShsOut": 443000000,
    "weightedAverageShsOutDil": 446000000,
    "link": "https://www.sec.gov/Archives/edgar/data/1164727/000119312505050868/0001193125-05-050868-index.htm",
    "finalLink": "https://www.sec.gov/Archives/edgar/data/1164727/000119312505050868/d10k.htm"
  },
  {
    "date": "2004-09-30",
    "symbol": "NEM",
    "reportedCurrency": "USD",
    "cik": "0001164727",
    "fillingDate": "2004-11-04",
    "acceptedDate": "2004-11-04 15:39:29",
    "calendarYear": "2004",
    "period": "Q3",
    "revenue": 1162695000,
    "costOfRevenue": 582649000,
    "grossProfit": 580046000,
    "grossProfitRatio": 0.4988806179,
    "researchAndDevelopmentExpenses": 54093000,
    "generalAndAdministrativeExpenses": 22298000000,
    "sellingAndMarketingExpenses": -22275702000,
    "sellingGeneralAndAdministrativeExpenses": 22298000,
    "otherExpenses": 167964000,
    "operatingExpenses": 244355000,
    "costAndExpenses": 827004000,
    "interestIncome": 0,
    "interestExpense": 0,
    "depreciationAndAmortization": 192861000,
    "ebitda": 511000000,
    "ebitdaratio": 0.4394961705,
    "operatingIncome": 335691000,
    "operatingIncomeRatio": 0.2887180215,
    "totalOtherIncomeExpensesNet": -114868000,
    "incomeBeforeTax": 220823000,
    "incomeBeforeTaxRatio": 0.1899234107,
    "incomeTaxExpense": 92096000,
    "netIncome": 129000000,
    "netIncomeRatio": 0.1109491311,
    "eps": 0.29,
    "epsdiluted": 0.29,
    "weightedAverageShsOut": 443000000,
    "weightedAverageShsOutDil": 447000000,
    "link": "https://www.sec.gov/Archives/edgar/data/1164727/000119312504186239/0001193125-04-186239-index.htm",
    "finalLink": "https://www.sec.gov/Archives/edgar/data/1164727/000119312504186239/d10q.htm"
  },
  {
    "date": "2004-06-30",
    "symbol": "NEM",
    "reportedCurrency": "USD",
    "cik": "0001164727",
    "fillingDate": "2004-08-02",
    "acceptedDate": "2004-08-02 17:03:29",
    "calendarYear": "2004",
    "period": "Q2",
    "revenue": 1009171000,
    "costOfRevenue": 557582000,
    "grossProfit": 451589000,
    "grossProfitRatio": 0.447485114,
    "researchAndDevelopmentExpenses": 48226000,
    "generalAndAdministrativeExpenses": 30493000000,
    "sellingAndMarketingExpenses": -30454072000,
    "sellingGeneralAndAdministrativeExpenses": 38928000,
    "otherExpenses": 173156000,
    "operatingExpenses": 260310000,
    "costAndExpenses": 817892000,
    "interestIncome": 0,
    "interestExpense": 0,
    "depreciationAndAmortization": 171850000,
    "ebitda": 360000000,
    "ebitdaratio": 0.3567284434,
    "operatingIncome": 191279000,
    "operatingIncomeRatio": 0.189540722,
    "totalOtherIncomeExpensesNet": -58441000,
    "incomeBeforeTax": 129559000,
    "incomeBeforeTaxRatio": 0.1283816122,
    "incomeTaxExpense": 31310000,
    "netIncome": 37000000,
    "netIncomeRatio": 0.0366637567,
    "eps": 0.08,
    "epsdiluted": 0.08,
    "weightedAverageShsOut": 462500000,
    "weightedAverageShsOutDil": 462500000,
    "link": "https://www.sec.gov/Archives/edgar/data/1164727/000119312504129252/0001193125-04-129252-index.htm",
    "finalLink": "https://www.sec.gov/Archives/edgar/data/1164727/000119312504129252/d10q.htm"
  },
  {
    "date": "2004-03-31",
    "symbol": "NEM",
    "reportedCurrency": "USD",
    "cik": "0001164727",
    "fillingDate": "2004-04-30",
    "acceptedDate": "2004-04-30 15:33:09",
    "calendarYear": "2004",
    "period": "Q1",
    "revenue": 1135439000,
    "costOfRevenue": 574574000,
    "grossProfit": 560865000,
    "grossProfitRatio": 0.4939631279,
    "researchAndDevelopmentExpenses": 36674000,
    "generalAndAdministrativeExpenses": 27158000000,
    "sellingAndMarketingExpenses": -27124915000,
    "sellingGeneralAndAdministrativeExpenses": 33085000,
    "otherExpenses": 182024000,
    "operatingExpenses": 251783000,
    "costAndExpenses": 826357000,
    "interestIncome": 0,
    "interestExpense": 0,
    "depreciationAndAmortization": 166854000,
    "ebitda": 477395000,
    "ebitdaratio": 0.4204497115,
    "operatingIncome": 309082000,
    "operatingIncomeRatio": 0.2722136548,
    "totalOtherIncomeExpensesNet": -3000000,
    "incomeBeforeTax": 298004000,
    "incomeBeforeTaxRatio": 0.2624570761,
    "incomeTaxExpense": 86632000,
    "netIncome": 87000000,
    "netIncomeRatio": 0.0766223461,
    "eps": 0.2,
    "epsdiluted": 0.19,
    "weightedAverageShsOut": 443000000,
    "weightedAverageShsOutDil": 447000000,
    "link": "https://www.sec.gov/Archives/edgar/data/1164727/000119312504075449/0001193125-04-075449-index.htm",
    "finalLink": "https://www.sec.gov/Archives/edgar/data/1164727/000119312504075449/d10q.htm"
  },
  {
    "date": "2003-12-31",
    "symbol": "NEM",
    "reportedCurrency": "USD",
    "cik": "0001164727",
    "fillingDate": "2004-03-15",
    "acceptedDate": "2004-03-15 16:11:13",
    "calendarYear": "2003",
    "period": "Q4",
    "revenue": 821317000,
    "costOfRevenue": 505092000,
    "grossProfit": 316225000,
    "grossProfitRatio": 0.3850218612,
    "researchAndDevelopmentExpenses": 32873000,
    "generalAndAdministrativeExpenses": 130292000,
    "sellingAndMarketingExpenses": -86948000,
    "sellingGeneralAndAdministrativeExpenses": 43344000,
    "otherExpenses": 27389000,
    "operatingExpenses": 103606000,
    "costAndExpenses": 608698000,
    "interestIncome": 0,
    "interestExpense": 0,
    "depreciationAndAmortization": 119221000,
    "ebitda": 355246000,
    "ebitdaratio": 0.4325321405,
    "operatingIncome": 212619000,
    "operatingIncomeRatio": 0.2588756838,
    "totalOtherIncomeExpensesNet": 122734000,
    "incomeBeforeTax": 335353000,
    "incomeBeforeTaxRatio": 0.4083112854,
    "incomeTaxExpense": -25578000,
    "netIncome": 152464000,
    "netIncomeRatio": 0.1856335617,
    "eps": 0.34,
    "epsdiluted": 0.34,
    "weightedAverageShsOut": 425650310,
    "weightedAverageShsOutDil": 442535000,
    "link": "https://www.sec.gov/Archives/edgar/data/1164727/000119312504042223/0001193125-04-042223-index.htm",
    "finalLink": "https://www.sec.gov/Archives/edgar/data/1164727/000119312504042223/d10k.htm"
  },
  {
    "date": "2003-09-30",
    "symbol": "NEM",
    "reportedCurrency": "USD",
    "cik": "0001164727",
    "fillingDate": "2003-11-03",
    "acceptedDate": "2003-11-03 06:33:34",
    "calendarYear": "2003",
    "period": "Q3",
    "revenue": 896992000,
    "costOfRevenue": 462864000,
    "grossProfit": 434128000,
    "grossProfitRatio": 0.4839820199,
    "researchAndDevelopmentExpenses": 30646000,
    "generalAndAdministrativeExpenses": 28954000000,
    "sellingAndMarketingExpenses": -28925046000,
    "sellingGeneralAndAdministrativeExpenses": 28954000,
    "otherExpenses": 151443000,
    "operatingExpenses": 211043000,
    "costAndExpenses": 673907000,
    "interestIncome": 0,
    "interestExpense": 0,
    "depreciationAndAmortization": 152963000,
    "ebitda": 360212000,
    "ebitdaratio": 0.4015777175,
    "operatingIncome": 223085000,
    "operatingIncomeRatio": 0.2487034444,
    "totalOtherIncomeExpensesNet": -13358000,
    "incomeBeforeTax": 195411000,
    "incomeBeforeTaxRatio": 0.2178514413,
    "incomeTaxExpense": 80977000,
    "netIncome": 114434000,
    "netIncomeRatio": 0.1275752738,
    "eps": 0.28,
    "epsdiluted": 0.28,
    "weightedAverageShsOut": 408379000,
    "weightedAverageShsOutDil": 412922000,
    "link": "https://www.sec.gov/Archives/edgar/data/1164727/000119312503071167/0001193125-03-071167-index.htm",
    "finalLink": "https://www.sec.gov/Archives/edgar/data/1164727/000119312503071167/d10q.htm"
  },
  {
    "date": "2003-06-30",
    "symbol": "NEM",
    "reportedCurrency": "USD",
    "cik": "0001164727",
    "fillingDate": "2003-08-04",
    "acceptedDate": "2003-08-04 12:54:29",
    "calendarYear": "2003",
    "period": "Q2",
    "revenue": 747222000,
    "costOfRevenue": 436127000,
    "grossProfit": 311095000,
    "grossProfitRatio": 0.4163354398,
    "researchAndDevelopmentExpenses": 30247000,
    "generalAndAdministrativeExpenses": 31292000000,
    "sellingAndMarketingExpenses": -31260708000,
    "sellingGeneralAndAdministrativeExpenses": 31292000,
    "otherExpenses": 139337000,
    "operatingExpenses": 200876000,
    "costAndExpenses": 637003000,
    "interestIncome": 0,
    "interestExpense": 0,
    "depreciationAndAmortization": 131585000,
    "ebitda": 249556000,
    "ebitdaratio": 0.3339783893,
    "operatingIncome": 110219000,
    "operatingIncomeRatio": 0.1475050253,
    "totalOtherIncomeExpensesNet": 195491000,
    "incomeBeforeTax": 305710000,
    "incomeBeforeTaxRatio": 0.4091287462,
    "incomeTaxExpense": 89038000,
    "netIncome": 90847000,
    "netIncomeRatio": 0.1215796644,
    "eps": 0.22,
    "epsdiluted": 0.22,
    "weightedAverageShsOut": 405388000,
    "weightedAverageShsOutDil": 408242000,
    "link": "https://www.sec.gov/Archives/edgar/data/1164727/000119312503028325/0001193125-03-028325-index.htm",
    "finalLink": "https://www.sec.gov/Archives/edgar/data/1164727/000119312503028325/d10q.htm"
  },
  {
    "date": "2003-03-31",
    "symbol": "NEM",
    "reportedCurrency": "USD",
    "cik": "0001164727",
    "fillingDate": "2003-05-09",
    "acceptedDate": "2003-05-09 17:27:02",
    "calendarYear": "2003",
    "period": "Q1",
    "revenue": 864645000,
    "costOfRevenue": 406683000,
    "grossProfit": 457962000,
    "grossProfitRatio": 0.5296532103,
    "researchAndDevelopmentExpenses": 21472000,
    "generalAndAdministrativeExpenses": 26410000000,
    "sellingAndMarketingExpenses": -26383590000,
    "sellingGeneralAndAdministrativeExpenses": 26410000,
    "otherExpenses": 130593000,
    "operatingExpenses": 178475000,
    "costAndExpenses": 585158000,
    "interestIncome": 0,
    "interestExpense": 0,
    "depreciationAndAmortization": 124231000,
    "ebitda": 410080000,
    "ebitdaratio": 0.4742755697,
    "operatingIncome": 279487000,
    "operatingIncomeRatio": 0.3232390172,
    "totalOtherIncomeExpensesNet": -24158000,
    "incomeBeforeTax": 255329000,
    "incomeBeforeTaxRatio": 0.2952992269,
    "incomeTaxExpense": 62563000,
    "netIncome": 117255000,
    "netIncomeRatio": 0.1356105685,
    "eps": 0.29,
    "epsdiluted": 0.29,
    "weightedAverageShsOut": 401890000,
    "weightedAverageShsOutDil": 404219000,
    "link": "https://www.sec.gov/Archives/edgar/data/1164727/000093066103001994/0000930661-03-001994-index.htm",
    "finalLink": "https://www.sec.gov/Archives/edgar/data/1164727/000093066103001994/d10q.htm"
  },
  {
    "date": "2002-12-31",
    "symbol": "NEM",
    "reportedCurrency": "USD",
    "cik": "0001164727",
    "fillingDate": "2003-03-27",
    "acceptedDate": "2003-03-27 17:28:26",
    "calendarYear": "2002",
    "period": "Q4",
    "revenue": 815041000,
    "costOfRevenue": 514571000,
    "grossProfit": 300470000,
    "grossProfitRatio": 0.3686563007,
    "researchAndDevelopmentExpenses": -55901000,
    "generalAndAdministrativeExpenses": 37415000,
    "sellingAndMarketingExpenses": 28664000,
    "sellingGeneralAndAdministrativeExpenses": 66079000,
    "otherExpenses": 176964000,
    "operatingExpenses": 158478000,
    "costAndExpenses": 673049000,
    "interestIncome": 0,
    "interestExpense": 0,
    "depreciationAndAmortization": 126307000,
    "ebitda": 268299000,
    "ebitdaratio": 0.3291846668,
    "operatingIncome": 141992000,
    "operatingIncomeRatio": 0.1742145487,
    "totalOtherIncomeExpensesNet": -98888000,
    "incomeBeforeTax": 43104000,
    "incomeBeforeTaxRatio": 0.0528856831,
    "incomeTaxExpense": -24380000,
    "netIncome": 82886000,
    "netIncomeRatio": 0.1016954975,
    "eps": 0.21,
    "epsdiluted": 0.21,
    "weightedAverageShsOut": 384935667,
    "weightedAverageShsOutDil": 401890000,
    "link": "https://www.sec.gov/Archives/edgar/data/1164727/000104596903000796/0001045969-03-000796-index.htm",
    "finalLink": "https://www.sec.gov/Archives/edgar/data/1164727/000104596903000796/d10k.htm"
  },
  {
    "date": "2002-09-30",
    "symbol": "NEM",
    "reportedCurrency": "USD",
    "cik": "0001164727",
    "fillingDate": "2002-11-14",
    "acceptedDate": "2002-11-14 18:28:42",
    "calendarYear": "2002",
    "period": "Q3",
    "revenue": 728346000,
    "costOfRevenue": 432467000,
    "grossProfit": 295879000,
    "grossProfitRatio": 0.406234125,
    "researchAndDevelopmentExpenses": 25356000,
    "generalAndAdministrativeExpenses": 29742000,
    "sellingAndMarketingExpenses": 0,
    "sellingGeneralAndAdministrativeExpenses": 29742000,
    "otherExpenses": 183528000,
    "operatingExpenses": 238626000,
    "costAndExpenses": 671093000,
    "interestIncome": 0,
    "interestExpense": 0,
    "depreciationAndAmortization": 168041000,
    "ebitda": 225294000,
    "ebitdaratio": 0.3093227669,
    "operatingIncome": 57253000,
    "operatingIncomeRatio": 0.0786068709,
    "totalOtherIncomeExpensesNet": -22062000,
    "incomeBeforeTax": 35191000,
    "incomeBeforeTaxRatio": 0.0483163222,
    "incomeTaxExpense": 11157000,
    "netIncome": 24034000,
    "netIncomeRatio": 0.0329980531,
    "eps": 0.06,
    "epsdiluted": 0.06,
    "weightedAverageShsOut": 401422000,
    "weightedAverageShsOutDil": 402960000,
    "link": "https://www.sec.gov/Archives/edgar/data/1164727/000095016802003443/0000950168-02-003443-index.htm",
    "finalLink": "https://www.sec.gov/Archives/edgar/data/1164727/000095016802003443/d10q.htm"
  },
  {
    "date": "2002-06-30",
    "symbol": "NEM",
    "reportedCurrency": "USD",
    "cik": "0001164727",
    "fillingDate": "2002-08-14",
    "acceptedDate": "2002-08-14 17:23:57",
    "calendarYear": "2002",
    "period": "Q2",
    "revenue": 636979000,
    "costOfRevenue": 393542000,
    "grossProfit": 243437000,
    "grossProfitRatio": 0.3821742946,
    "researchAndDevelopmentExpenses": 18788000,
    "generalAndAdministrativeExpenses": 27652000,
    "sellingAndMarketingExpenses": 0,
    "sellingGeneralAndAdministrativeExpenses": 27652000,
    "otherExpenses": 95037000,
    "operatingExpenses": 141477000,
    "costAndExpenses": 535019000,
    "interestIncome": 0,
    "interestExpense": 0,
    "depreciationAndAmortization": 135755000,
    "ebitda": 238501000,
    "ebitdaratio": 0.3744252165,
    "operatingIncome": 101960000,
    "operatingIncomeRatio": 0.1600680713,
    "totalOtherIncomeExpensesNet": -7981000,
    "incomeBeforeTax": 93979000,
    "incomeBeforeTaxRatio": 0.1475386159,
    "incomeTaxExpense": 27882000,
    "netIncome": 64781000,
    "netIncomeRatio": 0.10170037,
    "eps": 0.16,
    "epsdiluted": 0.16,
    "weightedAverageShsOut": 397532000,
    "weightedAverageShsOutDil": 399468000,
    "link": "https://www.sec.gov/Archives/edgar/data/1164727/000102140802011001/0001021408-02-011001-index.htm",
    "finalLink": "https://www.sec.gov/Archives/edgar/data/1164727/000102140802011001/d10q.htm"
  },
  {
    "date": "2002-03-31",
    "symbol": "NEM",
    "reportedCurrency": "USD",
    "cik": "0001164727",
    "fillingDate": "2002-05-15",
    "acceptedDate": "2002-05-14 21:59:34",
    "calendarYear": "2002",
    "period": "Q1",
    "revenue": 491598000,
    "costOfRevenue": 339168000,
    "grossProfit": 152430000,
    "grossProfitRatio": 0.3100704234,
    "researchAndDevelopmentExpenses": 11757000,
    "generalAndAdministrativeExpenses": 20443000,
    "sellingAndMarketingExpenses": 0,
    "sellingGeneralAndAdministrativeExpenses": 20443000,
    "otherExpenses": 133438000,
    "operatingExpenses": 165638000,
    "costAndExpenses": 504806000,
    "interestIncome": 2800000,
    "interestExpense": 28200000,
    "depreciationAndAmortization": 112690000,
    "ebitda": 142454000,
    "ebitdaratio": 0.2897774198,
    "operatingIncome": -13208000,
    "operatingIncomeRatio": -0.0268674812,
    "totalOtherIncomeExpensesNet": -39842000,
    "incomeBeforeTax": -7904000,
    "incomeBeforeTaxRatio": -0.0160781777,
    "incomeTaxExpense": 1087000,
    "netIncome": -8991000,
    "netIncomeRatio": -0.018289334,
    "eps": -0.0319,
    "epsdiluted": -0.0319,
    "weightedAverageShsOut": 281467000,
    "weightedAverageShsOutDil": 281467000,
    "link": "https://www.sec.gov/Archives/edgar/data/1164727/000095016802001412/0000950168-02-001412-index.htm",
    "finalLink": "https://www.sec.gov/Archives/edgar/data/1164727/000095016802001412/d10q.htm"
  },
  {
    "date": "2001-12-31",
    "symbol": "NEM",
    "reportedCurrency": "USD",
    "cik": "0001164727",
    "fillingDate": "2002-03-27",
    "acceptedDate": "2002-03-27 00:00:00",
    "calendarYear": "2001",
    "period": "Q4",
    "revenue": 445145000,
    "costOfRevenue": 335037000,
    "grossProfit": 110108000,
    "grossProfitRatio": 0.2473531097,
    "researchAndDevelopmentExpenses": -43463000,
    "generalAndAdministrativeExpenses": 61153000,
    "sellingAndMarketingExpenses": -28685000,
    "sellingGeneralAndAdministrativeExpenses": 32468000,
    "otherExpenses": 144761000,
    "operatingExpenses": 121919000,
    "costAndExpenses": 456956000,
    "interestIncome": 0,
    "interestExpense": 0,
    "depreciationAndAmortization": 99475000,
    "ebitda": 87664000,
    "ebitdaratio": 0.1969335834,
    "operatingIncome": -11811000,
    "operatingIncomeRatio": -0.0265329275,
    "totalOtherIncomeExpensesNet": -12078000,
    "incomeBeforeTax": -23889000,
    "incomeBeforeTaxRatio": -0.0536656595,
    "incomeTaxExpense": -46334000,
    "netIncome": 21052000,
    "netIncomeRatio": 0.0472924553,
    "eps": 0.11,
    "epsdiluted": 0.11,
    "weightedAverageShsOut": 188968571,
    "weightedAverageShsOutDil": 195880000,
    "link": "https://www.sec.gov/Archives/edgar/data/1164727/000089924302000771/0000899243-02-000771-index.htm",
    "finalLink": "https://www.sec.gov/Archives/edgar/data/1164727/000089924302000771/d10k.txt"
  },
  {
    "date": "2001-09-30",
    "symbol": "NEM",
    "reportedCurrency": "USD",
    "cik": "0001164727",
    "fillingDate": "2001-09-30",
    "acceptedDate": "2001-09-30 00:00:00",
    "calendarYear": "2001",
    "period": "Q3",
    "revenue": 424397000,
    "costOfRevenue": 283269000,
    "grossProfit": 141128000,
    "grossProfitRatio": 0.3325376947,
    "researchAndDevelopmentExpenses": 12843000,
    "generalAndAdministrativeExpenses": 0,
    "sellingAndMarketingExpenses": 0,
    "sellingGeneralAndAdministrativeExpenses": 12388000,
    "otherExpenses": 99468000,
    "operatingExpenses": 124699000,
    "costAndExpenses": 407968000,
    "interestIncome": 0,
    "interestExpense": 0,
    "depreciationAndAmortization": 83543000,
    "ebitda": 88844000,
    "ebitdaratio": 0.2093417248,
    "operatingIncome": 16429000,
    "operatingIncomeRatio": 0.0387113952,
    "totalOtherIncomeExpensesNet": -2030000,
    "incomeBeforeTax": 14889000,
    "incomeBeforeTaxRatio": 0.0350827174,
    "incomeTaxExpense": -8509000,
    "netIncome": 18756000,
    "netIncomeRatio": 0.0441944689,
    "eps": 0.1,
    "epsdiluted": 0.1,
    "weightedAverageShsOut": 195880000,
    "weightedAverageShsOutDil": 196068000,
    "link": null,
    "finalLink": null
  },
  {
    "date": "2001-06-30",
    "symbol": "NEM",
    "reportedCurrency": "USD",
    "cik": "0001164727",
    "fillingDate": "2001-06-30",
    "acceptedDate": "2001-06-30 00:00:00",
    "calendarYear": "2001",
    "period": "Q2",
    "revenue": 362361000,
    "costOfRevenue": 260402000,
    "grossProfit": 101959000,
    "grossProfitRatio": 0.2813740993,
    "researchAndDevelopmentExpenses": 15305000,
    "generalAndAdministrativeExpenses": 0,
    "sellingAndMarketingExpenses": 0,
    "sellingGeneralAndAdministrativeExpenses": 13665000,
    "otherExpenses": 91055000,
    "operatingExpenses": 120025000,
    "costAndExpenses": 380427000,
    "interestIncome": 0,
    "interestExpense": 0,
    "depreciationAndAmortization": 81194000,
    "ebitda": 63128000,
    "ebitdaratio": 0.1742130086,
    "operatingIncome": -18066000,
    "operatingIncomeRatio": -0.0498563587,
    "totalOtherIncomeExpensesNet": -14234000,
    "incomeBeforeTax": -32300000,
    "incomeBeforeTaxRatio": -0.0891376279,
    "incomeTaxExpense": -703000,
    "netIncome": -31597000,
    "netIncomeRatio": -0.0871975737,
    "eps": -0.16,
    "epsdiluted": -0.16,
    "weightedAverageShsOut": 195637000,
    "weightedAverageShsOutDil": 195637000,
    "link": null,
    "finalLink": null
  },
  {
    "date": "2001-03-31",
    "symbol": "NEM",
    "reportedCurrency": "USD",
    "cik": "0001164727",
    "fillingDate": "2001-03-31",
    "acceptedDate": "2001-03-31 00:00:00",
    "calendarYear": "2001",
    "period": "Q1",
    "revenue": 427525000,
    "costOfRevenue": 259680000,
    "grossProfit": 167845000,
    "grossProfitRatio": 0.3925969242,
    "researchAndDevelopmentExpenses": 15315000,
    "generalAndAdministrativeExpenses": 0,
    "sellingAndMarketingExpenses": 0,
    "sellingGeneralAndAdministrativeExpenses": 14479000,
    "otherExpenses": 84788000,
    "operatingExpenses": 114582000,
    "costAndExpenses": 374262000,
    "interestIncome": 0,
    "interestExpense": 0,
    "depreciationAndAmortization": 84788000,
    "ebitda": 138051000,
    "ebitdaratio": 0.3229074323,
    "operatingIncome": 53263000,
    "operatingIncomeRatio": 0.1245845272,
    "totalOtherIncomeExpensesNet": -87963000,
    "incomeBeforeTax": -34700000,
    "incomeBeforeTaxRatio": -0.0811648442,
    "incomeTaxExpense": 2546000,
    "netIncome": -37307000,
    "netIncomeRatio": -0.0872627332,
    "eps": -0.19,
    "epsdiluted": -0.19,
    "weightedAverageShsOut": 192607000,
    "weightedAverageShsOutDil": 192607000,
    "link": null,
    "finalLink": null
  },
  {
    "date": "2000-12-31",
    "symbol": "NEM",
    "reportedCurrency": "USD",
    "cik": "0001164727",
    "fillingDate": "2000-12-31",
    "acceptedDate": "2000-12-31 00:00:00",
    "calendarYear": "2000",
    "period": "Q4",
    "revenue": 490745000,
    "costOfRevenue": 357478000,
    "grossProfit": 133267000,
    "grossProfitRatio": 0.2715605865,
    "researchAndDevelopmentExpenses": 0,
    "generalAndAdministrativeExpenses": 0,
    "sellingAndMarketingExpenses": 0,
    "sellingGeneralAndAdministrativeExpenses": 77804000,
    "otherExpenses": 67333000,
    "operatingExpenses": 145137000,
    "costAndExpenses": 502615000,
    "interestIncome": 0,
    "interestExpense": 0,
    "depreciationAndAmortization": 132073000,
    "ebitda": 120203000,
    "ebitdaratio": 0.2449398364,
    "operatingIncome": -11870000,
    "operatingIncomeRatio": -0.0241877146,
    "totalOtherIncomeExpensesNet": 41595000,
    "incomeBeforeTax": 29725000,
    "incomeBeforeTaxRatio": 0.0605711724,
    "incomeTaxExpense": 11879000,
    "netIncome": 9439000,
    "netIncomeRatio": 0.0192340217,
    "eps": 0.0562,
    "epsdiluted": 0.0562,
    "weightedAverageShsOut": 168051000,
    "weightedAverageShsOutDil": 168051000,
    "link": null,
    "finalLink": null
  },
  {
    "date": "2000-09-30",
    "symbol": "NEM",
    "reportedCurrency": "USD",
    "cik": "0001164727",
    "fillingDate": "2000-09-30",
    "acceptedDate": "2000-09-30 00:00:00",
    "calendarYear": "2000",
    "period": "Q3",
    "revenue": 362031000,
    "costOfRevenue": 187696000,
    "grossProfit": 174335000,
    "grossProfitRatio": 0.4815471603,
    "researchAndDevelopmentExpenses": 17504000,
    "generalAndAdministrativeExpenses": 0,
    "sellingAndMarketingExpenses": 0,
    "sellingGeneralAndAdministrativeExpenses": 15849000,
    "otherExpenses": 104527000,
    "operatingExpenses": 137880000,
    "costAndExpenses": 325576000,
    "interestIncome": 0,
    "interestExpense": 0,
    "depreciationAndAmortization": 104527000,
    "ebitda": 111736000,
    "ebitdaratio": 0.3086365532,
    "operatingIncome": 36455000,
    "operatingIncomeRatio": 0.1006957968,
    "totalOtherIncomeExpensesNet": -36888000,
    "incomeBeforeTax": -30221000,
    "incomeBeforeTaxRatio": -0.0834762769,
    "incomeTaxExpense": -11524000,
    "netIncome": -18697000,
    "netIncomeRatio": -0.0516447487,
    "eps": -0.0973,
    "epsdiluted": -0.0973,
    "weightedAverageShsOut": 192191000,
    "weightedAverageShsOutDil": 192191000,
    "link": null,
    "finalLink": null
  },
  {
    "date": "2000-06-30",
    "symbol": "NEM",
    "reportedCurrency": "USD",
    "cik": "0001164727",
    "fillingDate": "2000-06-30",
    "acceptedDate": "2000-06-30 00:00:00",
    "calendarYear": "2000",
    "period": "Q2",
    "revenue": 355387000,
    "costOfRevenue": 180580000,
    "grossProfit": 174807000,
    "grossProfitRatio": 0.4918778684,
    "researchAndDevelopmentExpenses": 17234000,
    "generalAndAdministrativeExpenses": 0,
    "sellingAndMarketingExpenses": 0,
    "sellingGeneralAndAdministrativeExpenses": 12898000,
    "otherExpenses": 94085000,
    "operatingExpenses": 124217000,
    "costAndExpenses": 304797000,
    "interestIncome": 0,
    "interestExpense": 0,
    "depreciationAndAmortization": 94085000,
    "ebitda": 153320000,
    "ebitdaratio": 0.4314170186,
    "operatingIncome": 50590000,
    "operatingIncomeRatio": 0.1423518587,
    "totalOtherIncomeExpensesNet": -69079000,
    "incomeBeforeTax": -11910000,
    "incomeBeforeTaxRatio": -0.0335127621,
    "incomeTaxExpense": 4427000,
    "netIncome": -16337000,
    "netIncomeRatio": -0.045969605,
    "eps": -0.0851,
    "epsdiluted": -0.0851,
    "weightedAverageShsOut": 192014000,
    "weightedAverageShsOutDil": 192014000,
    "link": null,
    "finalLink": null
  },
  {
    "date": "2000-03-31",
    "symbol": "NEM",
    "reportedCurrency": "USD",
    "cik": "0001164727",
    "fillingDate": "2000-03-31",
    "acceptedDate": "2000-03-31 00:00:00",
    "calendarYear": "2000",
    "period": "Q1",
    "revenue": 358510000,
    "costOfRevenue": 182768000,
    "grossProfit": 175742000,
    "grossProfitRatio": 0.4902011102,
    "researchAndDevelopmentExpenses": 13541000,
    "generalAndAdministrativeExpenses": 0,
    "sellingAndMarketingExpenses": 0,
    "sellingGeneralAndAdministrativeExpenses": 11989000,
    "otherExpenses": 84664000,
    "operatingExpenses": 110194000,
    "costAndExpenses": 292962000,
    "interestIncome": 0,
    "interestExpense": 0,
    "depreciationAndAmortization": 84664000,
    "ebitda": 192946000,
    "ebitdaratio": 0.538188614,
    "operatingIncome": 65548000,
    "operatingIncomeRatio": 0.1828345095,
    "totalOtherIncomeExpensesNet": -58637000,
    "incomeBeforeTax": 13176000,
    "incomeBeforeTaxRatio": 0.0367521129,
    "incomeTaxExpense": 6528000,
    "netIncome": 6648000,
    "netIncomeRatio": 0.0185434158,
    "eps": 0.0346,
    "epsdiluted": 0.0346,
    "weightedAverageShsOut": 191897000,
    "weightedAverageShsOutDil": 191897000,
    "link": null,
    "finalLink": null
  },
  {
    "date": "1999-12-31",
    "symbol": "NEM",
    "reportedCurrency": "USD",
    "cik": "0001164727",
    "fillingDate": "1999-12-31",
    "acceptedDate": "1999-12-31 00:00:00",
    "calendarYear": "1999",
    "period": "Q4",
    "revenue": 428000000,
    "costOfRevenue": 194200000,
    "grossProfit": 233800000,
    "grossProfitRatio": 0.5462616822,
    "researchAndDevelopmentExpenses": 0,
    "generalAndAdministrativeExpenses": 0,
    "sellingAndMarketingExpenses": 0,
    "sellingGeneralAndAdministrativeExpenses": 72400000,
    "otherExpenses": 47100000,
    "operatingExpenses": 119500000,
    "costAndExpenses": 313700000,
    "interestIncome": 0,
    "interestExpense": 0,
    "depreciationAndAmortization": 87300000,
    "ebitda": 201600000,
    "ebitdaratio": 0.4710280374,
    "operatingIncome": 114300000,
    "operatingIncomeRatio": 0.2670560748,
    "totalOtherIncomeExpensesNet": -53000000,
    "incomeBeforeTax": 61300000,
    "incomeBeforeTaxRatio": 0.1432242991,
    "incomeTaxExpense": 14500000,
    "netIncome": 46800000,
    "netIncomeRatio": 0.1093457944,
    "eps": 0.28,
    "epsdiluted": 0.28,
    "weightedAverageShsOut": 169565217,
    "weightedAverageShsOutDil": 169565217,
    "link": null,
    "finalLink": null
  },
  {
    "date": "1999-09-30",
    "symbol": "NEM",
    "reportedCurrency": "USD",
    "cik": "0001164727",
    "fillingDate": "1999-09-30",
    "acceptedDate": "1999-09-30 00:00:00",
    "calendarYear": "1999",
    "period": "Q3",
    "revenue": 328000000,
    "costOfRevenue": 187900000,
    "grossProfit": 140100000,
    "grossProfitRatio": 0.4271341463,
    "researchAndDevelopmentExpenses": 14300000,
    "generalAndAdministrativeExpenses": 0,
    "sellingAndMarketingExpenses": 0,
    "sellingGeneralAndAdministrativeExpenses": 12600000,
    "otherExpenses": 83400000,
    "operatingExpenses": 110300000,
    "costAndExpenses": 298200000,
    "interestIncome": 0,
    "interestExpense": 0,
    "depreciationAndAmortization": 83400000,
    "ebitda": 113200000,
    "ebitdaratio": 0.3451219512,
    "operatingIncome": 29800000,
    "operatingIncomeRatio": 0.0908536585,
    "totalOtherIncomeExpensesNet": -76600000,
    "incomeBeforeTax": -46800000,
    "incomeBeforeTaxRatio": -0.1426829268,
    "incomeTaxExpense": -7800000,
    "netIncome": -39000000,
    "netIncomeRatio": -0.118902439,
    "eps": -0.23,
    "epsdiluted": -0.23,
    "weightedAverageShsOut": 169565217,
    "weightedAverageShsOutDil": 169565217,
    "link": null,
    "finalLink": null
  },
  {
    "date": "1999-06-30",
    "symbol": "NEM",
    "reportedCurrency": "USD",
    "cik": "0001164727",
    "fillingDate": "1999-06-30",
    "acceptedDate": "1999-06-30 00:00:00",
    "calendarYear": "1999",
    "period": "Q2",
    "revenue": 315800000,
    "costOfRevenue": 195100000,
    "grossProfit": 120700000,
    "grossProfitRatio": 0.3822039265,
    "researchAndDevelopmentExpenses": 14400000,
    "generalAndAdministrativeExpenses": 0,
    "sellingAndMarketingExpenses": 0,
    "sellingGeneralAndAdministrativeExpenses": 12700000,
    "otherExpenses": 64200000,
    "operatingExpenses": 91300000,
    "costAndExpenses": 286400000,
    "interestIncome": 0,
    "interestExpense": 0,
    "depreciationAndAmortization": 64200000,
    "ebitda": 93600000,
    "ebitdaratio": 0.2963901203,
    "operatingIncome": 29400000,
    "operatingIncomeRatio": 0.0930968968,
    "totalOtherIncomeExpensesNet": -20200000,
    "incomeBeforeTax": 9200000,
    "incomeBeforeTaxRatio": 0.0291323623,
    "incomeTaxExpense": 2100000,
    "netIncome": 7100000,
    "netIncomeRatio": 0.0224825839,
    "eps": 0.04,
    "epsdiluted": 0.04,
    "weightedAverageShsOut": 177500000,
    "weightedAverageShsOutDil": 177500000,
    "link": null,
    "finalLink": null
  },
  {
    "date": "1999-03-31",
    "symbol": "NEM",
    "reportedCurrency": "USD",
    "cik": "0001164727",
    "fillingDate": "1999-03-31",
    "acceptedDate": "1999-03-31 00:00:00",
    "calendarYear": "1999",
    "period": "Q1",
    "revenue": 327100000,
    "costOfRevenue": 193700000,
    "grossProfit": 133400000,
    "grossProfitRatio": 0.4078263528,
    "researchAndDevelopmentExpenses": 11500000,
    "generalAndAdministrativeExpenses": 0,
    "sellingAndMarketingExpenses": 0,
    "sellingGeneralAndAdministrativeExpenses": 12600000,
    "otherExpenses": 61500000,
    "operatingExpenses": 85600000,
    "costAndExpenses": 279300000,
    "interestIncome": 0,
    "interestExpense": 0,
    "depreciationAndAmortization": 61500000,
    "ebitda": 109341000,
    "ebitdaratio": 0.3342739223,
    "operatingIncome": 47800000,
    "operatingIncomeRatio": 0.1461326811,
    "totalOtherIncomeExpensesNet": -32341000,
    "incomeBeforeTax": 15500000,
    "incomeBeforeTaxRatio": 0.0473861205,
    "incomeTaxExpense": 5600000,
    "netIncome": 9900000,
    "netIncomeRatio": 0.0302659737,
    "eps": 0.06,
    "epsdiluted": 0.06,
    "weightedAverageShsOut": 165000000,
    "weightedAverageShsOutDil": 165000000,
    "link": null,
    "finalLink": null
  },
  {
    "date": "1998-12-31",
    "symbol": "NEM",
    "reportedCurrency": "USD",
    "cik": "0001164727",
    "fillingDate": "1998-12-31",
    "acceptedDate": "1998-12-31 00:00:00",
    "calendarYear": "1998",
    "period": "Q4",
    "revenue": 352000000,
    "costOfRevenue": 270000000,
    "grossProfit": 82000000,
    "grossProfitRatio": 0.2329545455,
    "researchAndDevelopmentExpenses": 0,
    "generalAndAdministrativeExpenses": 0,
    "sellingAndMarketingExpenses": 0,
    "sellingGeneralAndAdministrativeExpenses": 626100000,
    "otherExpenses": 29500000,
    "operatingExpenses": 655600000,
    "costAndExpenses": 925600000,
    "interestIncome": 0,
    "interestExpense": 0,
    "depreciationAndAmortization": 80700000,
    "ebitda": -492900000,
    "ebitdaratio": -1.4002840909,
    "operatingIncome": -573600000,
    "operatingIncomeRatio": -1.6295454545,
    "totalOtherIncomeExpensesNet": -43500000,
    "incomeBeforeTax": -617100000,
    "incomeBeforeTaxRatio": -1.753125,
    "incomeTaxExpense": -193200000,
    "netIncome": -456800000,
    "netIncomeRatio": -1.2977272727,
    "eps": -2.65,
    "epsdiluted": -2.65,
    "weightedAverageShsOut": 172500000,
    "weightedAverageShsOutDil": 172500000,
    "link": null,
    "finalLink": null
  },
  {
    "date": "1998-09-30",
    "symbol": "NEM",
    "reportedCurrency": "USD",
    "cik": "0001164727",
    "fillingDate": "1998-09-30",
    "acceptedDate": "1998-09-30 00:00:00",
    "calendarYear": "1998",
    "period": "Q3",
    "revenue": 349900000,
    "costOfRevenue": 195400000,
    "grossProfit": 154500000,
    "grossProfitRatio": 0.4415547299,
    "researchAndDevelopmentExpenses": 18500000,
    "generalAndAdministrativeExpenses": 0,
    "sellingAndMarketingExpenses": 0,
    "sellingGeneralAndAdministrativeExpenses": 11700000,
    "otherExpenses": 84800000,
    "operatingExpenses": 115000000,
    "costAndExpenses": 310400000,
    "interestIncome": 0,
    "interestExpense": 0,
    "depreciationAndAmortization": 84800000,
    "ebitda": 124300000,
    "ebitdaratio": 0.3552443555,
    "operatingIncome": 39500000,
    "operatingIncomeRatio": 0.112889397,
    "totalOtherIncomeExpensesNet": -35200000,
    "incomeBeforeTax": 4300000,
    "incomeBeforeTaxRatio": 0.0122892255,
    "incomeTaxExpense": -2600000,
    "netIncome": 6900000,
    "netIncomeRatio": 0.01971992,
    "eps": 0.04,
    "epsdiluted": 0.03,
    "weightedAverageShsOut": 172500000,
    "weightedAverageShsOutDil": 172500000,
    "link": null,
    "finalLink": null
  },
  {
    "date": "1998-06-30",
    "symbol": "NEM",
    "reportedCurrency": "USD",
    "cik": "0001164727",
    "fillingDate": "1998-06-30",
    "acceptedDate": "1998-06-30 00:00:00",
    "calendarYear": "1998",
    "period": "Q2",
    "revenue": 374000000,
    "costOfRevenue": 191100000,
    "grossProfit": 182900000,
    "grossProfitRatio": 0.4890374332,
    "researchAndDevelopmentExpenses": 16600000,
    "generalAndAdministrativeExpenses": 0,
    "sellingAndMarketingExpenses": 0,
    "sellingGeneralAndAdministrativeExpenses": 12300000,
    "otherExpenses": 91300000,
    "operatingExpenses": 120200000,
    "costAndExpenses": 311300000,
    "interestIncome": 0,
    "interestExpense": 0,
    "depreciationAndAmortization": 91300000,
    "ebitda": 154700000,
    "ebitdaratio": 0.4136363636,
    "operatingIncome": 62700000,
    "operatingIncomeRatio": 0.1676470588,
    "totalOtherIncomeExpensesNet": -29900000,
    "incomeBeforeTax": 32800000,
    "incomeBeforeTaxRatio": 0.0877005348,
    "incomeTaxExpense": 7100000,
    "netIncome": 25700000,
    "netIncomeRatio": 0.0687165775,
    "eps": 0.16,
    "epsdiluted": 0.16,
    "weightedAverageShsOut": 160625000,
    "weightedAverageShsOutDil": 160625000,
    "link": null,
    "finalLink": null
  },
  {
    "date": "1998-03-31",
    "symbol": "NEM",
    "reportedCurrency": "USD",
    "cik": "0001164727",
    "fillingDate": "1998-03-31",
    "acceptedDate": "1998-03-31 00:00:00",
    "calendarYear": "1998",
    "period": "Q1",
    "revenue": 378100000,
    "costOfRevenue": 197700000,
    "grossProfit": 180400000,
    "grossProfitRatio": 0.4771224544,
    "researchAndDevelopmentExpenses": 16100000,
    "generalAndAdministrativeExpenses": 0,
    "sellingAndMarketingExpenses": 0,
    "sellingGeneralAndAdministrativeExpenses": 14500000,
    "otherExpenses": 84900000,
    "operatingExpenses": 115500000,
    "costAndExpenses": 313200000,
    "interestIncome": 0,
    "interestExpense": 0,
    "depreciationAndAmortization": 84900000,
    "ebitda": 149800000,
    "ebitdaratio": 0.3961914837,
    "operatingIncome": 64900000,
    "operatingIncomeRatio": 0.1716477122,
    "totalOtherIncomeExpensesNet": -27900000,
    "incomeBeforeTax": 38600000,
    "incomeBeforeTaxRatio": 0.1020893943,
    "incomeTaxExpense": 7800000,
    "netIncome": 30800000,
    "netIncomeRatio": 0.0814599312,
    "eps": 0.24,
    "epsdiluted": 0.24,
    "weightedAverageShsOut": 130000000,
    "weightedAverageShsOutDil": 130000000,
    "link": null,
    "finalLink": null
  },
  {
    "date": "1997-12-31",
    "symbol": "NEM",
    "reportedCurrency": "USD",
    "cik": "0001164727",
    "fillingDate": "1997-12-31",
    "acceptedDate": "1997-12-31 00:00:00",
    "calendarYear": "1997",
    "period": "Q4",
    "revenue": 412200000,
    "costOfRevenue": 167800000,
    "grossProfit": 244400000,
    "grossProfitRatio": 0.5929160602,
    "researchAndDevelopmentExpenses": 30100000,
    "generalAndAdministrativeExpenses": 0,
    "sellingAndMarketingExpenses": 0,
    "sellingGeneralAndAdministrativeExpenses": 15900000,
    "otherExpenses": 124000000,
    "operatingExpenses": 170000000,
    "costAndExpenses": 337800000,
    "interestIncome": 0,
    "interestExpense": 0,
    "depreciationAndAmortization": 124000000,
    "ebitda": 198400000,
    "ebitdaratio": 0.4813197477,
    "operatingIncome": 74400000,
    "operatingIncomeRatio": 0.1804949054,
    "totalOtherIncomeExpensesNet": -44500000,
    "incomeBeforeTax": 29900000,
    "incomeBeforeTaxRatio": 0.0725376031,
    "incomeTaxExpense": -8800000,
    "netIncome": 38700000,
    "netIncomeRatio": 0.0938864629,
    "eps": 0.25,
    "epsdiluted": 0.25,
    "weightedAverageShsOut": 152870813,
    "weightedAverageShsOutDil": 153928571,
    "link": null,
    "finalLink": null
  },
  {
    "date": "1997-09-30",
    "symbol": "NEM",
    "reportedCurrency": "USD",
    "cik": "0001164727",
    "fillingDate": "1997-09-30",
    "acceptedDate": "1997-09-30 00:00:00",
    "calendarYear": "1997",
    "period": "Q3",
    "revenue": 383800000,
    "costOfRevenue": 181300000,
    "grossProfit": 202500000,
    "grossProfitRatio": 0.5276185513,
    "researchAndDevelopmentExpenses": 19900000,
    "generalAndAdministrativeExpenses": 0,
    "sellingAndMarketingExpenses": 0,
    "sellingGeneralAndAdministrativeExpenses": 16200000,
    "otherExpenses": 70300000,
    "operatingExpenses": 106400000,
    "costAndExpenses": 287700000,
    "interestIncome": 0,
    "interestExpense": 0,
    "depreciationAndAmortization": 70400000,
    "ebitda": 166500000,
    "ebitdaratio": 0.4338196978,
    "operatingIncome": 96100000,
    "operatingIncomeRatio": 0.2503908286,
    "totalOtherIncomeExpensesNet": -36700000,
    "incomeBeforeTax": 59400000,
    "incomeBeforeTaxRatio": 0.1547681084,
    "incomeTaxExpense": 16300000,
    "netIncome": 43100000,
    "netIncomeRatio": 0.1122980719,
    "eps": 0.28,
    "epsdiluted": 0.28,
    "weightedAverageShsOut": 153928571,
    "weightedAverageShsOutDil": 153928571,
    "link": null,
    "finalLink": null
  },
  {
    "date": "1997-06-30",
    "symbol": "NEM",
    "reportedCurrency": "USD",
    "cik": "0001164727",
    "fillingDate": "1997-06-30",
    "acceptedDate": "1997-06-30 00:00:00",
    "calendarYear": "1997",
    "period": "Q2",
    "revenue": 421800000,
    "costOfRevenue": 211700000,
    "grossProfit": 210100000,
    "grossProfitRatio": 0.4981033665,
    "researchAndDevelopmentExpenses": 26300000,
    "generalAndAdministrativeExpenses": 0,
    "sellingAndMarketingExpenses": 0,
    "sellingGeneralAndAdministrativeExpenses": 181600000,
    "otherExpenses": 66100000,
    "operatingExpenses": 274000000,
    "costAndExpenses": 485700000,
    "interestIncome": 0,
    "interestExpense": 0,
    "depreciationAndAmortization": 86300000,
    "ebitda": 2200000,
    "ebitdaratio": 0.0052157421,
    "operatingIncome": -63900000,
    "operatingIncomeRatio": -0.1514935989,
    "totalOtherIncomeExpensesNet": -29500000,
    "incomeBeforeTax": -93400000,
    "incomeBeforeTaxRatio": -0.2214319583,
    "incomeTaxExpense": -28800000,
    "netIncome": -64600000,
    "netIncomeRatio": -0.1531531532,
    "eps": -0.41,
    "epsdiluted": -0.41,
    "weightedAverageShsOut": 157560976,
    "weightedAverageShsOutDil": 157560976,
    "link": null,
    "finalLink": null
  },
  {
    "date": "1997-03-31",
    "symbol": "NEM",
    "reportedCurrency": "USD",
    "cik": "0001164727",
    "fillingDate": "1997-03-31",
    "acceptedDate": "1997-03-31 00:00:00",
    "calendarYear": "1997",
    "period": "Q1",
    "revenue": 262100000,
    "costOfRevenue": 112200000,
    "grossProfit": 149900000,
    "grossProfitRatio": 0.5719191148,
    "researchAndDevelopmentExpenses": 22100000,
    "generalAndAdministrativeExpenses": 0,
    "sellingAndMarketingExpenses": 0,
    "sellingGeneralAndAdministrativeExpenses": 29400000,
    "otherExpenses": 40300000,
    "operatingExpenses": 91800000,
    "costAndExpenses": 204000000,
    "interestIncome": 0,
    "interestExpense": 0,
    "depreciationAndAmortization": 40300000,
    "ebitda": 130900000,
    "ebitdaratio": 0.4994276994,
    "operatingIncome": 58100000,
    "operatingIncomeRatio": 0.2216711179,
    "totalOtherIncomeExpensesNet": 6500000,
    "incomeBeforeTax": 29800000,
    "incomeBeforeTaxRatio": 0.1136970622,
    "incomeTaxExpense": 9400000,
    "netIncome": 20400000,
    "netIncomeRatio": 0.0778328882,
    "eps": 0.2,
    "epsdiluted": 0.2,
    "weightedAverageShsOut": 99523000,
    "weightedAverageShsOutDil": 99523000,
    "link": null,
    "finalLink": null
  },
  {
    "date": "1996-12-31",
    "symbol": "NEM",
    "reportedCurrency": "USD",
    "cik": "0001164727",
    "fillingDate": "1996-12-31",
    "acceptedDate": "1996-12-31 00:00:00",
    "calendarYear": "1996",
    "period": "Q4",
    "revenue": 206500000,
    "costOfRevenue": 130400000,
    "grossProfit": 76100000,
    "grossProfitRatio": 0.3685230024,
    "researchAndDevelopmentExpenses": 0,
    "generalAndAdministrativeExpenses": 0,
    "sellingAndMarketingExpenses": 0,
    "sellingGeneralAndAdministrativeExpenses": 35800000,
    "otherExpenses": 33300000,
    "operatingExpenses": 69100000,
    "costAndExpenses": 199500000,
    "interestIncome": 0,
    "interestExpense": 0,
    "depreciationAndAmortization": 33300000,
    "ebitda": 40300000,
    "ebitdaratio": 0.195157385,
    "operatingIncome": 7000000,
    "operatingIncomeRatio": 0.0338983051,
    "totalOtherIncomeExpensesNet": 3900000,
    "incomeBeforeTax": 10900000,
    "incomeBeforeTaxRatio": 0.0527845036,
    "incomeTaxExpense": -8600000,
    "netIncome": 19500000,
    "netIncomeRatio": 0.0944309927,
    "eps": 0.16,
    "epsdiluted": 0.16,
    "weightedAverageShsOut": 120800000,
    "weightedAverageShsOutDil": 120800000,
    "link": null,
    "finalLink": null
  },
  {
    "date": "1996-09-30",
    "symbol": "NEM",
    "reportedCurrency": "USD",
    "cik": "0001164727",
    "fillingDate": "1996-09-30",
    "acceptedDate": "1996-09-30 00:00:00",
    "calendarYear": "1996",
    "period": "Q3",
    "revenue": 226000000,
    "costOfRevenue": 134200000,
    "grossProfit": 91800000,
    "grossProfitRatio": 0.4061946903,
    "researchAndDevelopmentExpenses": 23000000,
    "generalAndAdministrativeExpenses": 0,
    "sellingAndMarketingExpenses": 0,
    "sellingGeneralAndAdministrativeExpenses": 31100000,
    "otherExpenses": 10400000,
    "operatingExpenses": 64500000,
    "costAndExpenses": 198700000,
    "interestIncome": 0,
    "interestExpense": 0,
    "depreciationAndAmortization": 33400000,
    "ebitda": 124500000,
    "ebitdaratio": 0.5508849558,
    "operatingIncome": 27300000,
    "operatingIncomeRatio": 0.1207964602,
    "totalOtherIncomeExpensesNet": -1300000,
    "incomeBeforeTax": 29800000,
    "incomeBeforeTaxRatio": 0.1318584071,
    "incomeTaxExpense": -5600000,
    "netIncome": 37600000,
    "netIncomeRatio": 0.1663716814,
    "eps": 0.24,
    "epsdiluted": 0.24,
    "weightedAverageShsOut": 120800000,
    "weightedAverageShsOutDil": 120800000,
    "link": null,
    "finalLink": null
  },
  {
    "date": "1996-06-30",
    "symbol": "NEM",
    "reportedCurrency": "USD",
    "cik": "0001164727",
    "fillingDate": "1996-06-30",
    "acceptedDate": "1996-06-30 00:00:00",
    "calendarYear": "1996",
    "period": "Q2",
    "revenue": 181200000,
    "costOfRevenue": 113400000,
    "grossProfit": 67800000,
    "grossProfitRatio": 0.3741721854,
    "researchAndDevelopmentExpenses": 0,
    "generalAndAdministrativeExpenses": 0,
    "sellingAndMarketingExpenses": 0,
    "sellingGeneralAndAdministrativeExpenses": 27900000,
    "otherExpenses": 29600000,
    "operatingExpenses": 57500000,
    "costAndExpenses": 170900000,
    "interestIncome": 0,
    "interestExpense": 0,
    "depreciationAndAmortization": 29600000,
    "ebitda": 39900000,
    "ebitdaratio": 0.2201986755,
    "operatingIncome": 10300000,
    "operatingIncomeRatio": 0.0568432671,
    "totalOtherIncomeExpensesNet": 5000000,
    "incomeBeforeTax": 15300000,
    "incomeBeforeTaxRatio": 0.0844370861,
    "incomeTaxExpense": -4200000,
    "netIncome": 19500000,
    "netIncomeRatio": 0.107615894,
    "eps": 0.15,
    "epsdiluted": 0.15,
    "weightedAverageShsOut": 107000000,
    "weightedAverageShsOutDil": 107000000,
    "link": null,
    "finalLink": null
  },
  {
    "date": "1996-03-31",
    "symbol": "NEM",
    "reportedCurrency": "USD",
    "cik": "0001164727",
    "fillingDate": "1996-03-31",
    "acceptedDate": "1996-03-31 00:00:00",
    "calendarYear": "1996",
    "period": "Q1",
    "revenue": 154700000,
    "costOfRevenue": 98100000,
    "grossProfit": 56600000,
    "grossProfitRatio": 0.3658694247,
    "researchAndDevelopmentExpenses": 0,
    "generalAndAdministrativeExpenses": 0,
    "sellingAndMarketingExpenses": 0,
    "sellingGeneralAndAdministrativeExpenses": 25900000,
    "otherExpenses": 28500000,
    "operatingExpenses": 54400000,
    "costAndExpenses": 152500000,
    "interestIncome": 0,
    "interestExpense": 0,
    "depreciationAndAmortization": 28500000,
    "ebitda": 30700000,
    "ebitdaratio": 0.1984486102,
    "operatingIncome": 2200000,
    "operatingIncomeRatio": 0.014221073,
    "totalOtherIncomeExpensesNet": 9500000,
    "incomeBeforeTax": 11700000,
    "incomeBeforeTaxRatio": 0.0756302521,
    "incomeTaxExpense": 1000000,
    "netIncome": 10700000,
    "netIncomeRatio": 0.069166128,
    "eps": 0.1,
    "epsdiluted": 0.1,
    "weightedAverageShsOut": 107000000,
    "weightedAverageShsOutDil": 107000000,
    "link": null,
    "finalLink": null
  },
  {
    "date": "1995-12-31",
    "symbol": "NEM",
    "reportedCurrency": "USD",
    "cik": "0001164727",
    "fillingDate": "1995-12-31",
    "acceptedDate": "1995-12-31 00:00:00",
    "calendarYear": "1995",
    "period": "Q4",
    "revenue": 184400000,
    "costOfRevenue": 105500000,
    "grossProfit": 78900000,
    "grossProfitRatio": 0.4278741866,
    "researchAndDevelopmentExpenses": 0,
    "generalAndAdministrativeExpenses": 0,
    "sellingAndMarketingExpenses": 0,
    "sellingGeneralAndAdministrativeExpenses": 62400000,
    "otherExpenses": 30300000,
    "operatingExpenses": 92700000,
    "costAndExpenses": 198200000,
    "interestIncome": 0,
    "interestExpense": 0,
    "depreciationAndAmortization": 30300000,
    "ebitda": 16500000,
    "ebitdaratio": 0.0894793926,
    "operatingIncome": -13800000,
    "operatingIncomeRatio": -0.0748373102,
    "totalOtherIncomeExpensesNet": -600000,
    "incomeBeforeTax": -14400000,
    "incomeBeforeTaxRatio": -0.0780911063,
    "incomeTaxExpense": -18400000,
    "netIncome": 4000000,
    "netIncomeRatio": 0.021691974,
    "eps": 0.0469,
    "epsdiluted": 0.0469,
    "weightedAverageShsOut": 85200000,
    "weightedAverageShsOutDil": 85200000,
    "link": null,
    "finalLink": null
  },
  {
    "date": "1995-09-30",
    "symbol": "NEM",
    "reportedCurrency": "USD",
    "cik": "0001164727",
    "fillingDate": "1995-09-30",
    "acceptedDate": "1995-09-30 00:00:00",
    "calendarYear": "1995",
    "period": "Q3",
    "revenue": 172300000,
    "costOfRevenue": 92300000,
    "grossProfit": 80000000,
    "grossProfitRatio": 0.4643064423,
    "researchAndDevelopmentExpenses": 0,
    "generalAndAdministrativeExpenses": 0,
    "sellingAndMarketingExpenses": 0,
    "sellingGeneralAndAdministrativeExpenses": 29800000,
    "otherExpenses": 28000000,
    "operatingExpenses": 57800000,
    "costAndExpenses": 150100000,
    "interestIncome": 0,
    "interestExpense": 0,
    "depreciationAndAmortization": 28000000,
    "ebitda": 50200000,
    "ebitdaratio": 0.2913522925,
    "operatingIncome": 22200000,
    "operatingIncomeRatio": 0.1288450377,
    "totalOtherIncomeExpensesNet": 3700000,
    "incomeBeforeTax": 25900000,
    "incomeBeforeTaxRatio": 0.1503192107,
    "incomeTaxExpense": 600000,
    "netIncome": 21300000,
    "netIncomeRatio": 0.1236215902,
    "eps": 0.25,
    "epsdiluted": 0.25,
    "weightedAverageShsOut": 85200000,
    "weightedAverageShsOutDil": 85200000,
    "link": null,
    "finalLink": null
  }
]