[
  {
    "date": "2024-12-31",
    "symbol": "NEM",
    "reportedCurrency": "USD",
    "cik": "0001164727",
    "fillingDate": "2025-02-21",
    "acceptedDate": "2025-02-20 20:20:57",
    "calendarYear": "2024",
    "period": "FY",
    "revenue": 18557000000,
    "costOfRevenue": 12133000000,
    "grossProfit": 6424000000,
    "grossProfitRatio": 0.3461766449,
    "researchAndDevelopmentExpenses": 197000000,
    "generalAndAdministrativeExpenses": 0,
    "sellingAndMarketingExpenses": 0,
    "sellingGeneralAndAdministrativeExpenses": 442000000,
    "otherExpenses": 37000000,
    "operatingExpenses": 676000000,
    "costAndExpenses": 12809000000,
    "interestIncome": 152000000,
    "interestExpense": 385000000,
    "depreciationAndAmortization": 2904000000,
    "ebitda": 7866000000,
    "ebitdaratio": 0.4238831708,
    "operatingIncome": 5748000000,
    "operatingIncomeRatio": 0.3097483429,
    "totalOtherIncomeExpensesNet": -1038000000,
    "incomeBeforeTax": 4710000000,
    "incomeBeforeTaxRatio": 0.2538125775,
    "incomeTaxExpense": 1397000000,
    "netIncome": 3280000000,
    "netIncomeRatio": 0.1767527079,
    "eps": 2.8621,
    "epsdiluted": 2.8571,
    "weightedAverageShsOut": 1146000000,
    "weightedAverageShsOutDil": 1148000000,
    "link": "https://www.sec.gov/Archives/edgar/data/1164727/000116472725000011/0001164727-25-000011-index.htm",
    "finalLink": "https://www.sec.gov/Archives/edgar/data/1164727/000116472725000011/nem-20241231.htm"
  },
  {
    "date": "2023-12-31",
    "symbol": "NEM",
    "reportedCurrency": "USD",
    "cik": "0001164727",
    "fillingDate": "2024-02-29",
    "acceptedDate": "2024-02-29 07:51:31",
    "calendarYear": "2023",
    "period": "FY",
    "revenue": 11775000000,
    "costOfRevenue": 10605000000,
    "grossProfit": 1170000000,
    "grossProfitRatio": 0.0993630573,
    "researchAndDevelopmentExpenses": 200000000,
    "generalAndAdministrativeExpenses": 0,
    "sellingAndMarketingExpenses": 0,
    "sellingGeneralAndAdministrativeExpenses": 299000000,
    "otherExpenses": 21000000,
    "operatingExpenses": 520000000,
    "costAndExpenses": 11125000000,
    "interestIncome": 148000000,
    "interestExpense": 248000000,
    "depreciationAndAmortization": 3641000000,
    "ebitda": 1858000000,
    "ebitdaratio": 0.1577919321,
    "operatingIncome": 650000000,
    "operatingIncomeRatio": 0.0552016985,
    "totalOtherIncomeExpensesNet": -2618000000,
    "incomeBeforeTax": -1968000000,
    "incomeBeforeTaxRatio": -0.167133758,
    "incomeTaxExpense": 526000000,
    "netIncome": -2521000000,
    "netIncomeRatio": -0.2140976645,
    "eps": -2.9976,
    "epsdiluted": -2.9976,
    "weightedAverageShsOut": 841000000,
    "weightedAverageShsOutDil": 841000000,
    "link": "https://www.sec.gov/Archives/edgar/data/1164727/000116472724000016/0001164727-24-000016-index.htm",
    "finalLink": "https://www.sec.gov/Archives/edgar/data/1164727/000116472724000016/nem-20231231.htm"
  },
  {
    "date": "2022-12-31",
    "symbol": "NEM",
    "reportedCurrency": "USD",
    "cik": "0001164727",
    "fillingDate": "2023-02-23",
    "acceptedDate": "2023-02-23 07:11:58",
    "calendarYear": "2022",
    "period": "FY",
    "revenue": 11949000000,
    "costOfRevenue": 9805000000,
    "grossProfit": 2144000000,
    "grossProfitRatio": 0.1794292409,
    "researchAndDevelopmentExpenses": 229000000,
    "generalAndAdministrativeExpenses": 0,
    "sellingAndMarketingExpenses": 0,
    "sellingGeneralAndAdministrativeExpenses": 276000000,
    "otherExpenses": 18000000,
    "operatingExpenses": 523000000,
    "costAndExpenses": 10328000000,
    "interestIncome": 78000000,
    "interestExpense": 227000000,
    "depreciationAndAmortization": 3106000000,
    "ebitda": 3282000000,
    "ebitdaratio": 0.2746673362,
    "operatingIncome": 1621000000,
    "operatingIncomeRatio": 0.1356598879,
    "totalOtherIncomeExpensesNet": -1565000000,
    "incomeBeforeTax": 56000000,
    "incomeBeforeTaxRatio": 0.0046865847,
    "incomeTaxExpense": 455000000,
    "netIncome": -459000000,
    "netIncomeRatio": -0.0384132563,
    "eps": -0.5781,
    "epsdiluted": -0.5781,
    "weightedAverageShsOut": 794000000,
    "weightedAverageShsOutDil": 795000000,
    "link": "https://www.sec.gov/Archives/edgar/data/1164727/000116472723000011/0001164727-23-000011-index.htm",
    "finalLink": "https://www.sec.gov/Archives/edgar/data/1164727/000116472723000011/nem-20221231.htm"
  },
  {
    "date": "2021-12-31",
    "symbol": "NEM",
    "reportedCurrency": "USD",
    "cik": "0001164727",
    "fillingDate": "2022-02-24",
    "acceptedDate": "2022-02-24 07:05:54",
    "calendarYear": "2021",
    "period": "FY",
    "revenue": 12190000000,
    "costOfRevenue": 9814000000,
    "grossProfit": 2376000000,
    "grossProfitRatio": 0.1949138638,
    "researchAndDevelopmentExpenses": 154000000,
    "generalAndAdministrativeExpenses": 0,
    "sellingAndMarketingExpenses": 0,
    "sellingGeneralAndAdministrativeExpenses": 259000000,
    "otherExpenses": 47000000,
    "operatingExpenses": 460000000,
    "costAndExpenses": 10274000000,
    "interestIncome": 18000000,
    "interestExpense": 266000000,
    "depreciationAndAmortization": 4169000000,
    "ebitda": 5543000000,
    "ebitdaratio": 0.4547169811,
    "operatingIncome": 1916000000,
    "operatingIncomeRatio": 0.1571780148,
    "totalOtherIncomeExpensesNet": -642000000,
    "incomeBeforeTax": 1274000000,
    "incomeBeforeTaxRatio": 0.104511895,
    "incomeTaxExpense": 1098000000,
    "netIncome": 1166000000,
    "netIncomeRatio": 0.0956521739,
    "eps": 1.4593,
    "epsdiluted": 1.4557,
    "weightedAverageShsOut": 799000000,
    "weightedAverageShsOutDil": 801000000,
    "link": "https://www.sec.gov/Archives/edgar/data/1164727/000116472722000007/0001164727-22-000007-index.htm",
    "finalLink": "https://www.sec.gov/Archives/edgar/data/1164727/000116472722000007/nem-20211231.htm"
  },
  {
    "date": "2020-12-31",
    "symbol": "NEM",
    "reportedCurrency": "USD",
    "cik": "0001164727",
    "fillingDate": "2021-02-18",
    "acceptedDate": "2021-02-18 07:06:48",
    "calendarYear": "2020",
    "period": "FY",
    "revenue": 11417000000,
    "costOfRevenue": 7869000000,
    "grossProfit": 3548000000,
    "grossProfitRatio": 0.3107646492,
    "researchAndDevelopmentExpenses": 122000000,
    "generalAndAdministrativeExpenses": 0,
    "sellingAndMarketingExpenses": 0,
    "sellingGeneralAndAdministrativeExpenses": 269000000,
    "otherExpenses": 193000000,
    "operatingExpenses": 584000000,
    "costAndExpenses": 8453000000,
    "interestIncome": 24000000,
    "interestExpense": 291000000,
    "depreciationAndAmortization": 2666000000,
    "ebitda": 6100000000,
    "ebitdaratio": 0.5342909696,
    "operatingIncome": 2964000000,
    "operatingIncomeRatio": 0.259612858,
    "totalOtherIncomeExpensesNet": 368000000,
    "incomeBeforeTax": 3332000000,
    "incomeBeforeTaxRatio": 0.2918454936,
    "incomeTaxExpense": 704000000,
    "netIncome": 2829000000,
    "netIncomeRatio": 0.2477883857,
    "eps": 3.5187,
    "epsdiluted": 3.5099,
    "weightedAverageShsOut": 804000000,
    "weightedAverageShsOutDil": 806000000,
    "link": "https://www.sec.gov/Archives/edgar/data/1164727/000116472721000027/0001164727-21-000027-index.htm",
    "finalLink": "https://www.sec.gov/Archives/edgar/data/1164727/000116472721000027/nem-20201231.htm"
  },
  {
    "date": "2019-12-31",
    "symbol": "NEM",
    "reportedCurrency": "USD",
    "cik": "0001164727",
    "fillingDate": "2020-02-20",
    "acceptedDate": "2020-02-20 07:08:38",
    "calendarYear": "2019",
    "period": "FY",
    "revenue": 9726000000,
    "costOfRevenue": 7703000000,
    "grossProfit": 2023000000,
    "grossProfitRatio": 0.2079991775,
    "researchAndDevelopmentExpenses": 150000000,
    "generalAndAdministrativeExpenses": 0,
    "sellingAndMarketingExpenses": 0,
    "sellingGeneralAndAdministrativeExpenses": 313000000,
    "otherExpenses": 36000000,
    "operatingExpenses": 499000000,
    "costAndExpenses": 8202000000,
    "interestIncome": 57000000,
    "interestExpense": 312000000,
    "depreciationAndAmortization": 2240000000,
    "ebitda": 6245000000,
    "ebitdaratio": 0.642093358,
    "operatingIncome": 1524000000,
    "operatingIncomeRatio": 0.1566933991,
    "totalOtherIncomeExpensesNet": 2264000000,
    "incomeBeforeTax": 3788000000,
    "incomeBeforeTaxRatio": 0.3894715196,
    "incomeTaxExpense": 832000000,
    "netIncome": 2805000000,
    "netIncomeRatio": 0.2884022209,
    "eps": 3.8163,
    "epsdiluted": 3.806,
    "weightedAverageShsOut": 735000000,
    "weightedAverageShsOutDil": 737000000,
    "link": "https://www.sec.gov/Archives/edgar/data/1164727/000155837020001041/0001558370-20-001041-index.htm",
    "finalLink": "https://www.sec.gov/Archives/edgar/data/1164727/000155837020001041/nem-20191231x10k047aaa.htm"
  },
  {
    "date": "2018-12-31",
    "symbol": "NEM",
    "reportedCurrency": "USD",
    "cik": "0001164727",
    "fillingDate": "2019-02-21",
    "acceptedDate": "2019-02-21 07:08:32",
    "calendarYear": "2018",
    "period": "FY",
    "revenue": 7262000000,
    "costOfRevenue": 5674000000,
    "grossProfit": 1588000000,
    "grossProfitRatio": 0.218672542,
    "researchAndDevelopmentExpenses": 153000000,
    "generalAndAdministrativeExpenses": 0,
    "sellingAndMarketingExpenses": 0,
    "sellingGeneralAndAdministrativeExpenses": 244000000,
    "otherExpenses": 9000000,
    "operatingExpenses": 406000000,
    "costAndExpenses": 6080000000,
    "interestIncome": 56000000,
    "interestExpense": 197000000,
    "depreciationAndAmortization": 1378000000,
    "ebitda": 2313000000,
    "ebitdaratio": 0.3185072983,
    "operatingIncome": 1182000000,
    "operatingIncomeRatio": 0.1627650785,
    "totalOtherIncomeExpensesNet": -477000000,
    "incomeBeforeTax": 705000000,
    "incomeBeforeTaxRatio": 0.097080694,
    "incomeTaxExpense": 386000000,
    "netIncome": 341000000,
    "netIncomeRatio": 0.0469567612,
    "eps": 0.64,
    "epsdiluted": 0.64,
    "weightedAverageShsOut": 533000000,
    "weightedAverageShsOutDil": 535000000,
    "link": "https://www.sec.gov/Archives/edgar/data/1164727/000155837019000806/0001558370-19-000806-index.htm",
    "finalLink": "https://www.sec.gov/Archives/edgar/data/1164727/000155837019000806/nem-20181231x10k.htm"
  },
  {
    "date": "2017-12-31",
    "symbol": "NEM",
    "reportedCurrency": "USD",
    "cik": "0001164727",
    "fillingDate": "2018-02-22",
    "acceptedDate": "2018-02-22 07:37:20",
    "calendarYear": "2017",
    "period": "FY",
    "revenue": 7355000000,
    "costOfRevenue": 5721000000,
    "grossProfit": 1634000000,
    "grossProfitRatio": 0.2221617947,
    "researchAndDevelopmentExpenses": 143000000,
    "generalAndAdministrativeExpenses": 0,
    "sellingAndMarketingExpenses": 0,
    "sellingGeneralAndAdministrativeExpenses": 237000000,
    "otherExpenses": 16000000,
    "operatingExpenses": 396000000,
    "costAndExpenses": 6117000000,
    "interestIncome": 28000000,
    "interestExpense": 231000000,
    "depreciationAndAmortization": 1453000000,
    "ebitda": 2756000000,
    "ebitdaratio": 0.3747110809,
    "operatingIncome": 1238000000,
    "operatingIncomeRatio": 0.1683208702,
    "totalOtherIncomeExpensesNet": -182000000,
    "incomeBeforeTax": 1056000000,
    "incomeBeforeTaxRatio": 0.1435757988,
    "incomeTaxExpense": 1127000000,
    "netIncome": -114000000,
    "netIncomeRatio": -0.0154996601,
    "eps": -0.21,
    "epsdiluted": -0.21,
    "weightedAverageShsOut": 533000000,
    "weightedAverageShsOutDil": 535000000,
    "link": "https://www.sec.gov/Archives/edgar/data/1164727/000155837018000894/0001558370-18-000894-index.htm",
    "finalLink": "https://www.sec.gov/Archives/edgar/data/1164727/000155837018000894/nem-20171231x10k.htm"
  },
  {
    "date": "2016-12-31",
    "symbol": "NEM",
    "reportedCurrency": "USD",
    "cik": "0001164727",
    "fillingDate": "2017-02-21",
    "acceptedDate": "2017-02-21 17:29:57",
    "calendarYear": "2016",
    "period": "FY",
    "revenue": 6693000000,
    "costOfRevenue": 5378000000,
    "grossProfit": 1315000000,
    "grossProfitRatio": 0.196473928,
    "researchAndDevelopmentExpenses": 134000000,
    "generalAndAdministrativeExpenses": 0,
    "sellingAndMarketingExpenses": 0,
    "sellingGeneralAndAdministrativeExpenses": 233000000,
    "otherExpenses": 16000000,
    "operatingExpenses": 383000000,
    "costAndExpenses": 5761000000,
    "interestIncome": 0,
    "interestExpense": 240000000,
    "depreciationAndAmortization": 1399000000,
    "ebitda": 1425000000,
    "ebitdaratio": 0.2129090094,
    "operatingIncome": 932000000,
    "operatingIncomeRatio": 0.1392499626,
    "totalOtherIncomeExpensesNet": -1159000000,
    "incomeBeforeTax": -227000000,
    "incomeBeforeTaxRatio": -0.0339160317,
    "incomeTaxExpense": 563000000,
    "netIncome": -27000000,
    "netIncomeRatio": -0.0040340654,
    "eps": -0.0509,
    "epsdiluted": -0.0509,
    "weightedAverageShsOut": 530000000,
    "weightedAverageShsOutDil": 531355932,
    "link": "https://www.sec.gov/Archives/edgar/data/1164727/000155837017000729/0001558370-17-000729-index.htm",
    "finalLink": "https://www.sec.gov/Archives/edgar/data/1164727/000155837017000729/nem-20161231x10k.htm"
  },
  {
    "date": "2015-12-31",
    "symbol": "NEM",
    "reportedCurrency": "USD",
    "cik": "0001164727",
    "fillingDate": "2016-02-17",
    "acceptedDate": "2016-02-17 17:05:16",
    "calendarYear": "2015",
    "period": "FY",
    "revenue": 6085000000,
    "costOfRevenue": 5155000000,
    "grossProfit": 930000000,
    "grossProfitRatio": 0.1528348398,
    "researchAndDevelopmentExpenses": 133000000,
    "generalAndAdministrativeExpenses": 0,
    "sellingAndMarketingExpenses": 0,
    "sellingGeneralAndAdministrativeExpenses": 183000000,
    "otherExpenses": 63000000,
    "operatingExpenses": 430000000,
    "costAndExpenses": 5585000000,
    "interestIncome": 0,
    "interestExpense": 279000000,
    "depreciationAndAmortization": 1355000000,
    "ebitda": 1929000000,
    "ebitdaratio": 0.3170090386,
    "operatingIncome": 500000000,
    "operatingIncomeRatio": 0.0821692687,
    "totalOtherIncomeExpensesNet": -250000000,
    "incomeBeforeTax": 250000000,
    "incomeBeforeTaxRatio": 0.0410846343,
    "incomeTaxExpense": 391000000,
    "netIncome": 220000000,
    "netIncomeRatio": 0.0361544782,
    "eps": 0.4264,
    "epsdiluted": 0.4264,
    "weightedAverageShsOut": 511627907,
    "weightedAverageShsOutDil": 511627907,
    "link": "https://www.sec.gov/Archives/edgar/data/1164727/000155837016003258/0001558370-16-003258-index.htm",
    "finalLink": "https://www.sec.gov/Archives/edgar/data/1164727/000155837016003258/nem-20151231x10k.htm"
  },
  {
    "date": "2014-12-31",
    "symbol": "NEM",
    "reportedCurrency": "USD",
    "cik": "0001164727",
    "fillingDate": "2015-02-20",
    "acceptedDate": "2015-02-19 21:44:44",
    "calendarYear": "2014",
    "period": "FY",
    "revenue": 7321000000,
    "costOfRevenue": 6031000000,
    "grossProfit": 1290000000,
    "grossProfitRatio": 0.1762054364,
    "researchAndDevelopmentExpenses": 161000000,
    "generalAndAdministrativeExpenses": 0,
    "sellingAndMarketingExpenses": 0,
    "sellingGeneralAndAdministrativeExpenses": 186000000,
    "otherExpenses": 0,
    "operatingExpenses": 512000000,
    "costAndExpenses": 6543000000,
    "interestIncome": 4000000,
    "interestExpense": 343000000,
    "depreciationAndAmortization": 1382000000,
    "ebitda": 2231000000,
    "ebitdaratio": 0.3047397896,
    "operatingIncome": 778000000,
    "operatingIncomeRatio": 0.1062696353,
    "totalOtherIncomeExpensesNet": -276000000,
    "incomeBeforeTax": 502000000,
    "incomeBeforeTaxRatio": 0.0685698675,
    "incomeTaxExpense": 133000000,
    "netIncome": 508000000,
    "netIncomeRatio": 0.0693894277,
    "eps": 1.02,
    "epsdiluted": 1.02,
    "weightedAverageShsOut": 498039216,
    "weightedAverageShsOutDil": 498039216,
    "link": "https://www.sec.gov/Archives/edgar/data/1164727/000156459015000777/0001564590-15-000777-index.htm",
    "finalLink": "https://www.sec.gov/Archives/edgar/data/1164727/000156459015000777/nem-10k_20141231.htm"
  },
  {
    "date": "2013-12-31",
    "symbol": "NEM",
    "reportedCurrency": "USD",
    "cik": "0001164727",
    "fillingDate": "2014-02-21",
    "acceptedDate": "2014-02-20 19:49:17",
    "calendarYear": "2013",
    "period": "FY",
    "revenue": 8350000000,
    "costOfRevenue": 6981000000,
    "grossProfit": 1369000000,
    "grossProfitRatio": 0.1639520958,
    "researchAndDevelopmentExpenses": 222000000,
    "generalAndAdministrativeExpenses": 0,
    "sellingAndMarketingExpenses": 0,
    "sellingGeneralAndAdministrativeExpenses": 203000000,
    "otherExpenses": 206000000,
    "operatingExpenses": 631000000,
    "costAndExpenses": 7612000000,
    "interestIncome": 48000000,
    "interestExpense": 284000000,
    "depreciationAndAmortization": 1442000000,
    "ebitda": -1859000000,
    "ebitdaratio": -0.2226347305,
    "operatingIncome": 738000000,
    "operatingIncomeRatio": 0.0883832335,
    "totalOtherIncomeExpensesNet": -4328000000,
    "incomeBeforeTax": -3590000000,
    "incomeBeforeTaxRatio": -0.4299401198,
    "incomeTaxExpense": -813000000,
    "netIncome": -2462000000,
    "netIncomeRatio": -0.2948502994,
    "eps": -4.94,
    "epsdiluted": -4.94,
    "weightedAverageShsOut": 498000035,
    "weightedAverageShsOutDil": 498380567,
    "link": "https://www.sec.gov/Archives/edgar/data/1164727/000119312514061205/0001193125-14-061205-index.htm",
    "finalLink": "https://www.sec.gov/Archives/edgar/data/1164727/000119312514061205/d653301d10k.htm"
  },
  {
    "date": "2012-12-31",
    "symbol": "NEM",
    "reportedCurrency": "USD",
    "cik": "0001164727",
    "fillingDate": "2013-02-22",
    "acceptedDate": "2013-02-22 06:12:37",
    "calendarYear": "2012",
    "period": "FY",
    "revenue": 9842000000,
    "costOfRevenue": 5895000000,
    "grossProfit": 3947000000,
    "grossProfitRatio": 0.4010363747,
    "researchAndDevelopmentExpenses": 348000000,
    "generalAndAdministrativeExpenses": 0,
    "sellingAndMarketingExpenses": 0,
    "sellingGeneralAndAdministrativeExpenses": 212000000,
    "otherExpenses": 379000000,
    "operatingExpenses": 939000000,
    "costAndExpenses": 6834000000,
    "interestIncome": 54000000,
    "interestExpense": 239000000,
    "depreciationAndAmortization": 1128000000,
    "ebitda": 4481000000,
    "ebitdaratio": 0.4552936395,
    "operatingIncome": 3008000000,
    "operatingIncomeRatio": 0.3056289372,
    "totalOtherIncomeExpensesNet": 55000000,
    "incomeBeforeTax": 3063000000,
    "incomeBeforeTaxRatio": 0.3112172323,
    "incomeTaxExpense": 869000000,
    "netIncome": 1809000000,
    "netIncomeRatio": 0.1838041049,
    "eps": 3.65,
    "epsdiluted": 3.63,
    "weightedAverageShsOut": 496000000,
    "weightedAverageShsOutDil": 499000000,
    "link": "https://www.sec.gov/Archives/edgar/data/1164727/000119312513070256/0001193125-13-070256-index.htm",
    "finalLink": "https://www.sec.gov/Archives/edgar/data/1164727/000119312513070256/d462654d10k.htm"
  },
  {
    "date": "2011-12-31",
    "symbol": "NEM",
    "reportedCurrency": "USD",
    "cik": "0001164727",
    "fillingDate": "2012-02-24",
    "acceptedDate": "2012-02-23 19:51:28",
    "calendarYear": "2011",
    "period": "FY",
    "revenue": 10419000000,
    "costOfRevenue": 5598000000,
    "grossProfit": 4821000000,
    "grossProfitRatio": 0.4627123524,
    "researchAndDevelopmentExpenses": 373000000,
    "generalAndAdministrativeExpenses": 0,
    "sellingAndMarketingExpenses": 0,
    "sellingGeneralAndAdministrativeExpenses": 318000000,
    "otherExpenses": 214000000,
    "operatingExpenses": 785000000,
    "costAndExpenses": 6383000000,
    "interestIncome": 45000000,
    "interestExpense": 241000000,
    "depreciationAndAmortization": 1156000000,
    "ebitda": 3207000000,
    "ebitdaratio": 0.3078030521,
    "operatingIncome": 4036000000,
    "operatingIncomeRatio": 0.3873692293,
    "totalOtherIncomeExpensesNet": -2215000000,
    "incomeBeforeTax": 1821000000,
    "incomeBeforeTaxRatio": 0.17477685,
    "incomeTaxExpense": 713000000,
    "netIncome": 366000000,
    "netIncomeRatio": 0.0351281313,
    "eps": 0.74,
    "epsdiluted": 0.73,
    "weightedAverageShsOut": 494000000,
    "weightedAverageShsOutDil": 504000000,
    "link": "https://www.sec.gov/Archives/edgar/data/1164727/000119312512075918/0001193125-12-075918-index.htm",
    "finalLink": "https://www.sec.gov/Archives/edgar/data/1164727/000119312512075918/d263670d10k.htm"
  },
  {
    "date": "2010-12-31",
    "symbol": "NEM",
    "reportedCurrency": "USD",
    "cik": "0001164727",
    "fillingDate": "2011-02-24",
    "acceptedDate": "2011-02-23 20:54:35",
    "calendarYear": "2010",
    "period": "FY",
    "revenue": 9379000000,
    "costOfRevenue": 4808000000,
    "grossProfit": 4571000000,
    "grossProfitRatio": 0.4873653908,
    "researchAndDevelopmentExpenses": 216000000,
    "generalAndAdministrativeExpenses": 0,
    "sellingAndMarketingExpenses": 0,
    "sellingGeneralAndAdministrativeExpenses": 178000000,
    "otherExpenses": 255000000,
    "operatingExpenses": 649000000,
    "costAndExpenses": 5457000000,
    "interestIncome": 66000000,
    "interestExpense": 285000000,
    "depreciationAndAmortization": 1010000000,
    "ebitda": 5292000000,
    "ebitdaratio": 0.5642392579,
    "operatingIncome": 3922000000,
    "operatingIncomeRatio": 0.4181682482,
    "totalOtherIncomeExpensesNet": 78000000,
    "incomeBeforeTax": 4000000000,
    "incomeBeforeTaxRatio": 0.4264846999,
    "incomeTaxExpense": 856000000,
    "netIncome": 2277000000,
    "netIncomeRatio": 0.2427764154,
    "eps": 4.63,
    "epsdiluted": 4.55,
    "weightedAverageShsOut": 492000000,
    "weightedAverageShsOutDil": 500000000,
    "link": "https://www.sec.gov/Archives/edgar/data/1164727/000095012311017350/0000950123-11-017350-index.htm",
    "finalLink": "https://www.sec.gov/Archives/edgar/data/1164727/000095012311017350/d79003e10vk.htm"
  },
  {
    "date": "2009-12-31",
    "symbol": "NEM",
    "reportedCurrency": "USD",
    "cik": "0001164727",
    "fillingDate": "2010-02-25",
    "acceptedDate": "2010-02-25 06:06:09",
    "calendarYear": "2009",
    "period": "FY",
    "revenue": 7517000000,
    "costOfRevenue": 4071000000,
    "grossProfit": 3446000000,
    "grossProfitRatio": 0.4584275642,
    "researchAndDevelopmentExpenses": 135000000,
    "generalAndAdministrativeExpenses": 0,
    "sellingAndMarketingExpenses": 0,
    "sellingGeneralAndAdministrativeExpenses": 193000000,
    "otherExpenses": 245000000,
    "operatingExpenses": 539000000,
    "costAndExpenses": 4610000000,
    "interestIncome": 42000000,
    "interestExpense": 123000000,
    "depreciationAndAmortization": 852000000,
    "ebitda": 3888000000,
    "ebitdaratio": 0.5172276174,
    "operatingIncome": 2907000000,
    "operatingIncomeRatio": 0.3867234269,
    "totalOtherIncomeExpensesNet": -10000000,
    "incomeBeforeTax": 2897000000,
    "incomeBeforeTaxRatio": 0.385393109,
    "incomeTaxExpense": 788000000,
    "netIncome": 1297000000,
    "netIncomeRatio": 0.1725422376,
    "eps": 2.66,
    "epsdiluted": 2.66,
    "weightedAverageShsOut": 487000000,
    "weightedAverageShsOutDil": 487000000,
    "link": "https://www.sec.gov/Archives/edgar/data/1164727/000095012310016613/0000950123-10-016613-index.htm",
    "finalLink": "https://www.sec.gov/Archives/edgar/data/1164727/000095012310016613/d70495e10vk.htm"
  },
  {
    "date": "2008-12-31",
    "symbol": "NEM",
    "reportedCurrency": "USD",
    "cik": "0001164727",
    "fillingDate": "2009-02-19",
    "acceptedDate": "2009-02-19 00:00:00",
    "calendarYear": "2008",
    "period": "FY",
    "revenue": 6246000000,
    "costOfRevenue": 4228000000,
    "grossProfit": 2018000000,
    "grossProfitRatio": 0.3230867755,
    "researchAndDevelopmentExpenses": 166000000,
    "generalAndAdministrativeExpenses": 0,
    "sellingAndMarketingExpenses": 0,
    "sellingGeneralAndAdministrativeExpenses": 176000000,
    "otherExpenses": 217000000,
    "operatingExpenses": 527000000,
    "costAndExpenses": 4755000000,
    "interestIncome": 139000000,
    "interestExpense": 104000000,
    "depreciationAndAmortization": 891000000,
    "ebitda": 2271000000,
    "ebitdaratio": 0.3635926993,
    "operatingIncome": 1491000000,
    "operatingIncomeRatio": 0.2387127762,
    "totalOtherIncomeExpensesNet": -220000000,
    "incomeBeforeTax": 1271000000,
    "incomeBeforeTaxRatio": 0.2034902337,
    "incomeTaxExpense": 113000000,
    "netIncome": 853000000,
    "netIncomeRatio": 0.1365674031,
    "eps": 1.88,
    "epsdiluted": 1.87,
    "weightedAverageShsOut": 454000000,
    "weightedAverageShsOutDil": 455000000,
    "link": "https://www.sec.gov/Archives/edgar/data/1164727/000095013409003236/0000950134-09-003236-index.htm",
    "finalLink": "https://www.sec.gov/Archives/edgar/data/1164727/000095013409003236/d65086e10vk.htm"
  },
  {
    "date": "2007-12-31",
    "symbol": "NEM",
    "reportedCurrency": "USD",
    "cik": "0001164727",
    "fillingDate": "2008-02-21",
    "acceptedDate": "2008-02-21 14:14:16",
    "calendarYear": "2007",
    "period": "FY",
    "revenue": 5561000000,
    "costOfRevenue": 3921000000,
    "grossProfit": 1640000000,
    "grossProfitRatio": 0.2949109872,
    "researchAndDevelopmentExpenses": 62000000,
    "generalAndAdministrativeExpenses": 0,
    "sellingAndMarketingExpenses": 325000000,
    "sellingGeneralAndAdministrativeExpenses": 468000000,
    "otherExpenses": 33000000,
    "operatingExpenses": 249000000,
    "costAndExpenses": 4170000000,
    "interestIncome": 97000000,
    "interestExpense": 105000000,
    "depreciationAndAmortization": 761000000,
    "ebitda": 514000000,
    "ebitdaratio": 0.0924294192,
    "operatingIncome": 1391000000,
    "operatingIncomeRatio": 0.2501348678,
    "totalOtherIncomeExpensesNet": -1744000000,
    "incomeBeforeTax": -353000000,
    "incomeBeforeTaxRatio": -0.0634777918,
    "incomeTaxExpense": 200000000,
    "netIncome": -1886000000,
    "netIncomeRatio": -0.3391476353,
    "eps": -4.17,
    "epsdiluted": -4.17,
    "weightedAverageShsOut": 452000000,
    "weightedAverageShsOutDil": 452000000,
    "link": "https://www.sec.gov/Archives/edgar/data/1164727/000119312508035169/0001193125-08-035169-index.htm",
    "finalLink": "https://www.sec.gov/Archives/edgar/data/1164727/000119312508035169/d10k.htm"
  },
  {
    "date": "2006-12-31",
    "symbol": "NEM",
    "reportedCurrency": "USD",
    "cik": "0001164727",
    "fillingDate": "2007-02-26",
    "acceptedDate": "2007-02-23 18:17:03",
    "calendarYear": "2006",
    "period": "FY",
    "revenue": 4987000000,
    "costOfRevenue": 3399000000,
    "grossProfit": 1588000000,
    "grossProfitRatio": 0.3184279126,
    "researchAndDevelopmentExpenses": 94000000,
    "generalAndAdministrativeExpenses": 0,
    "sellingAndMarketingExpenses": 0,
    "sellingGeneralAndAdministrativeExpenses": 149000000,
    "otherExpenses": 15000000,
    "operatingExpenses": 258000000,
    "costAndExpenses": 3657000000,
    "interestIncome": 67000000,
    "interestExpense": 97000000,
    "depreciationAndAmortization": 714000000,
    "ebitda": 2436000000,
    "ebitdaratio": 0.4884700221,
    "operatingIncome": 1330000000,
    "operatingIncomeRatio": 0.2666934028,
    "totalOtherIncomeExpensesNet": 297000000,
    "incomeBeforeTax": 1627000000,
    "incomeBeforeTaxRatio": 0.3262482454,
    "incomeTaxExpense": 424000000,
    "netIncome": 791000000,
    "netIncomeRatio": 0.1586123922,
    "eps": 1.76,
    "epsdiluted": 1.75,
    "weightedAverageShsOut": 450000000,
    "weightedAverageShsOutDil": 452000000,
    "link": "https://www.sec.gov/Archives/edgar/data/1164727/000119312507038537/0001193125-07-038537-index.htm",
    "finalLink": "https://www.sec.gov/Archives/edgar/data/1164727/000119312507038537/d10k.htm"
  },
  {
    "date": "2005-12-31",
    "symbol": "NEM",
    "reportedCurrency": "USD",
    "cik": "0001164727",
    "fillingDate": "2006-03-02",
    "acceptedDate": "2006-03-02 10:44:05",
    "calendarYear": "2005",
    "period": "FY",
    "revenue": 4352000000,
    "costOfRevenue": 3075000000,
    "grossProfit": 1277000000,
    "grossProfitRatio": 0.2934283088,
    "researchAndDevelopmentExpenses": 73000000,
    "generalAndAdministrativeExpenses": 0,
    "sellingAndMarketingExpenses": 0,
    "sellingGeneralAndAdministrativeExpenses": 134000000,
    "otherExpenses": 112000000,
    "operatingExpenses": 319000000,
    "costAndExpenses": 3394000000,
    "interestIncome": 59000000,
    "interestExpense": 97000000,
    "depreciationAndAmortization": 635000000,
    "ebitda": 1778000000,
    "ebitdaratio": 0.4085477941,
    "operatingIncome": 958000000,
    "operatingIncomeRatio": 0.2201286765,
    "totalOtherIncomeExpensesNet": 92000000,
    "incomeBeforeTax": 1050000000,
    "incomeBeforeTaxRatio": 0.2412683824,
    "incomeTaxExpense": 310000000,
    "netIncome": 360000000,
    "netIncomeRatio": 0.0827205882,
    "eps": 0.81,
    "epsdiluted": 0.8,
    "weightedAverageShsOut": 446000000,
    "weightedAverageShsOutDil": 449000000,
    "link": "https://www.sec.gov/Archives/edgar/data/1164727/000119312506043441/0001193125-06-043441-index.htm",
    "finalLink": "https://www.sec.gov/Archives/edgar/data/1164727/000119312506043441/d10k.htm"
  },
  {
    "date": "2004-12-31",
    "symbol": "NEM",
    "reportedCurrency": "USD",
    "cik": "0001164727",
    "fillingDate": "2005-03-15",
    "acceptedDate": "2005-03-15 14:59:33",
    "calendarYear": "2004",
    "period": "FY",
    "revenue": 4411000000,
    "costOfRevenue": 2984000000,
    "grossProfit": 1427000000,
    "grossProfitRatio": 0.3235094083,
    "researchAndDevelopmentExpenses": 192409000,
    "generalAndAdministrativeExpenses": 0,
    "sellingAndMarketingExpenses": 0,
    "sellingGeneralAndAdministrativeExpenses": 115848000,
    "otherExpenses": 33152000,
    "operatingExpenses": 229000000,
    "costAndExpenses": 3213000000,
    "interestIncome": 23000000,
    "interestExpense": 98000000,
    "depreciationAndAmortization": 662000000,
    "ebitda": 1871000000,
    "ebitdaratio": 0.4241668556,
    "operatingIncome": 1198000000,
    "operatingIncomeRatio": 0.2715937429,
    "totalOtherIncomeExpensesNet": -87000000,
    "incomeBeforeTax": 1111000000,
    "incomeBeforeTaxRatio": 0.2518703242,
    "incomeTaxExpense": 325000000,
    "netIncome": 490000000,
    "netIncomeRatio": 0.1110859216,
    "eps": 1.11,
    "epsdiluted": 1.1,
    "weightedAverageShsOut": 443000000,
    "weightedAverageShsOutDil": 447000000,
    "link": "https://www.sec.gov/Archives/edgar/data/1164727/000119312505050868/0001193125-05-050868-index.htm",
    "finalLink": "https://www.sec.gov/Archives/edgar/data/1164727/000119312505050868/d10k.htm"
  },
  {
    "date": "2003-12-31",
    "symbol": "NEM",
    "reportedCurrency": "USD",
    "cik": "0001164727",
    "fillingDate": "2004-03-15",
    "acceptedDate": "2004-03-15 16:11:13",
    "calendarYear": "2003",
    "period": "FY",
    "revenue": 3214000000,
    "costOfRevenue": 1816000000,
    "grossProfit": 1398000000,
    "grossProfitRatio": 0.4349719975,
    "researchAndDevelopmentExpenses": 115238000,
    "generalAndAdministrativeExpenses": 130292000,
    "sellingAndMarketingExpenses": -292000,
    "sellingGeneralAndAdministrativeExpenses": 130000000,
    "otherExpenses": 448762000,
    "operatingExpenses": 694000000,
    "costAndExpenses": 2510000000,
    "interestIncome": 0,
    "interestExpense": 0,
    "depreciationAndAmortization": 528000000,
    "ebitda": 1134000000,
    "ebitdaratio": 0.3528313628,
    "operatingIncome": 704000000,
    "operatingIncomeRatio": 0.2190416926,
    "totalOtherIncomeExpensesNet": 327000000,
    "incomeBeforeTax": 925000000,
    "incomeBeforeTaxRatio": 0.2878033603,
    "incomeTaxExpense": 207000000,
    "netIncome": 475000000,
    "netIncomeRatio": 0.1477909147,
    "eps": 1.16,
    "epsdiluted": 1.15,
    "weightedAverageShsOut": 410344828,
    "weightedAverageShsOutDil": 413913043,
    "link": "https://www.sec.gov/Archives/edgar/data/1164727/000119312504042223/0001193125-04-042223-index.htm",
    "finalLink": "https://www.sec.gov/Archives/edgar/data/1164727/000119312504042223/d10k.htm"
  },
  {
    "date": "2002-12-31",
    "symbol": "NEM",
    "reportedCurrency": "USD",
    "cik": "0001164727",
    "fillingDate": "2003-03-27",
    "acceptedDate": "2003-03-27 17:28:26",
    "calendarYear": "2002",
    "period": "FY",
    "revenue": 2745000000,
    "costOfRevenue": 1660834000,
    "grossProfit": 1084166000,
    "grossProfitRatio": 0.3949602914,
    "researchAndDevelopmentExpenses": 0,
    "generalAndAdministrativeExpenses": 115252000,
    "sellingAndMarketingExpenses": 29536000,
    "sellingGeneralAndAdministrativeExpenses": 144788000,
    "otherExpenses": 635156000,
    "operatingExpenses": 779944000,
    "costAndExpenses": 2440778000,
    "interestIncome": 0,
    "interestExpense": 0,
    "depreciationAndAmortization": 542793000,
    "ebitda": 839000000,
    "ebitdaratio": 0.3056466302,
    "operatingIncome": 304222000,
    "operatingIncomeRatio": 0.1108276867,
    "totalOtherIncomeExpensesNet": -85871000,
    "incomeBeforeTax": 170260000,
    "incomeBeforeTaxRatio": 0.0620255009,
    "incomeTaxExpense": 19900000,
    "netIncome": 158061000,
    "netIncomeRatio": 0.0575814208,
    "eps": 0.42,
    "epsdiluted": 0.41,
    "weightedAverageShsOut": 366666667,
    "weightedAverageShsOutDil": 375609756,
    "link": "https://www.sec.gov/Archives/edgar/data/1164727/000104596903000796/0001045969-03-000796-index.htm",
    "finalLink": "https://www.sec.gov/Archives/edgar/data/1164727/000104596903000796/d10k.htm"
  },
  {
    "date": "2001-12-31",
    "symbol": "NEM",
    "reportedCurrency": "USD",
    "cik": "0001164727",
    "fillingDate": "2002-03-27",
    "acceptedDate": "2002-03-27 00:00:00",
    "calendarYear": "2001",
    "period": "FY",
    "revenue": 1656000000,
    "costOfRevenue": 1148000000,
    "grossProfit": 508000000,
    "grossProfitRatio": 0.306763285,
    "researchAndDevelopmentExpenses": 0,
    "generalAndAdministrativeExpenses": 61153000,
    "sellingAndMarketingExpenses": 11847000,
    "sellingGeneralAndAdministrativeExpenses": 73000000,
    "otherExpenses": 419000000,
    "operatingExpenses": 492000000,
    "costAndExpenses": 1640000000,
    "interestIncome": 0,
    "interestExpense": 0,
    "depreciationAndAmortization": 349000000,
    "ebitda": 392451000,
    "ebitdaratio": 0.2369873188,
    "operatingIncome": 16000000,
    "operatingIncomeRatio": 0.0096618357,
    "totalOtherIncomeExpensesNet": -121912000,
    "incomeBeforeTax": -76000000,
    "incomeBeforeTaxRatio": -0.0458937198,
    "incomeTaxExpense": -53000000,
    "netIncome": -23000000,
    "netIncomeRatio": -0.0138888889,
    "eps": -0.12,
    "epsdiluted": -0.12,
    "weightedAverageShsOut": 193282143,
    "weightedAverageShsOutDil": 193282143,
    "link": "https://www.sec.gov/Archives/edgar/data/1164727/000089924302000771/0000899243-02-000771-index.htm",
    "finalLink": "https://www.sec.gov/Archives/edgar/data/1164727/000089924302000771/d10k.txt"
  },
  {
    "date": "2000-12-31",
    "symbol": "NEM",
    "reportedCurrency": "USD",
    "cik": "0001164727",
    "fillingDate": "2000-12-31",
    "acceptedDate": "2000-12-31 00:00:00",
    "calendarYear": "2000",
    "period": "FY",
    "revenue": 1566673000,
    "costOfRevenue": 908522000,
    "grossProfit": 658151000,
    "grossProfitRatio": 0.4200946847,
    "researchAndDevelopmentExpenses": 0,
    "generalAndAdministrativeExpenses": 0,
    "sellingAndMarketingExpenses": 0,
    "sellingGeneralAndAdministrativeExpenses": 118540000,
    "otherExpenses": 398888000,
    "operatingExpenses": 517428000,
    "costAndExpenses": 1425950000,
    "interestIncome": 0,
    "interestExpense": 0,
    "depreciationAndAmortization": 415349000,
    "ebitda": 547000000,
    "ebitdaratio": 0.3491475247,
    "operatingIncome": 140723000,
    "operatingIncomeRatio": 0.0898228284,
    "totalOtherIncomeExpensesNet": -208000000,
    "incomeBeforeTax": 770000,
    "incomeBeforeTaxRatio": 0.0004914874,
    "incomeTaxExpense": 11310000,
    "netIncome": -18947000,
    "netIncomeRatio": -0.0120937809,
    "eps": -0.0996,
    "epsdiluted": -0.0996,
    "weightedAverageShsOut": 190196078,
    "weightedAverageShsOutDil": 190196078,
    "link": null,
    "finalLink": null
  },
  {
    "date": "1999-12-31",
    "symbol": "NEM",
    "reportedCurrency": "USD",
    "cik": "0001164727",
    "fillingDate": "1999-12-31",
    "acceptedDate": "1999-12-31 00:00:00",
    "calendarYear": "1999",
    "period": "FY",
    "revenue": 1398900000,
    "costOfRevenue": 775200000,
    "grossProfit": 623700000,
    "grossProfitRatio": 0.445850311,
    "researchAndDevelopmentExpenses": 0,
    "generalAndAdministrativeExpenses": 0,
    "sellingAndMarketingExpenses": 0,
    "sellingGeneralAndAdministrativeExpenses": 110200000,
    "otherExpenses": 296400000,
    "operatingExpenses": 406600000,
    "costAndExpenses": 1181800000,
    "interestIncome": 0,
    "interestExpense": 0,
    "depreciationAndAmortization": 296400000,
    "ebitda": 464927000,
    "ebitdaratio": 0.3323518479,
    "operatingIncome": 217100000,
    "operatingIncomeRatio": 0.1551933662,
    "totalOtherIncomeExpensesNet": -65151000,
    "incomeBeforeTax": 39200000,
    "incomeBeforeTaxRatio": 0.0280220173,
    "incomeTaxExpense": 14400000,
    "netIncome": 24800000,
    "netIncomeRatio": 0.017728215,
    "eps": -0.62,
    "epsdiluted": -0.62,
    "weightedAverageShsOut": 164580645,
    "weightedAverageShsOutDil": 164580645,
    "link": null,
    "finalLink": null
  },
  {
    "date": "1998-12-31",
    "symbol": "NEM",
    "reportedCurrency": "USD",
    "cik": "0001164727",
    "fillingDate": "1998-12-31",
    "acceptedDate": "1998-12-31 00:00:00",
    "calendarYear": "1998",
    "period": "FY",
    "revenue": 1453900000,
    "costOfRevenue": 851700000,
    "grossProfit": 602200000,
    "grossProfitRatio": 0.4141962996,
    "researchAndDevelopmentExpenses": 0,
    "generalAndAdministrativeExpenses": 0,
    "sellingAndMarketingExpenses": 0,
    "sellingGeneralAndAdministrativeExpenses": 664600000,
    "otherExpenses": 341700000,
    "operatingExpenses": 1006300000,
    "costAndExpenses": 1858000000,
    "interestIncome": 0,
    "interestExpense": 0,
    "depreciationAndAmortization": 341700000,
    "ebitda": -62400000,
    "ebitdaratio": -0.0429190453,
    "operatingIncome": -404100000,
    "operatingIncomeRatio": -0.2779420868,
    "totalOtherIncomeExpensesNet": -137300000,
    "incomeBeforeTax": -541400000,
    "incomeBeforeTaxRatio": -0.3723777426,
    "incomeTaxExpense": -180900000,
    "netIncome": -393400000,
    "netIncomeRatio": -0.270582571,
    "eps": -2.47,
    "epsdiluted": -2.47,
    "weightedAverageShsOut": 159271255,
    "weightedAverageShsOutDil": 159271255,
    "link": null,
    "finalLink": null
  },
  {
    "date": "1997-12-31",
    "symbol": "NEM",
    "reportedCurrency": "USD",
    "cik": "0001164727",
    "fillingDate": "1997-12-31",
    "acceptedDate": "1997-12-31 00:00:00",
    "calendarYear": "1997",
    "period": "FY",
    "revenue": 1572800000,
    "costOfRevenue": 744800000,
    "grossProfit": 828000000,
    "grossProfitRatio": 0.5264496439,
    "researchAndDevelopmentExpenses": 98400000,
    "generalAndAdministrativeExpenses": 0,
    "sellingAndMarketingExpenses": 0,
    "sellingGeneralAndAdministrativeExpenses": 66400000,
    "otherExpenses": 321000000,
    "operatingExpenses": 485800000,
    "costAndExpenses": 1230600000,
    "interestIncome": 0,
    "interestExpense": 0,
    "depreciationAndAmortization": 321000000,
    "ebitda": 663100000,
    "ebitdaratio": 0.4216047813,
    "operatingIncome": 342200000,
    "operatingIncomeRatio": 0.2175737538,
    "totalOtherIncomeExpensesNet": -281600000,
    "incomeBeforeTax": 60500000,
    "incomeBeforeTaxRatio": 0.0384664293,
    "incomeTaxExpense": -7900000,
    "netIncome": 68400000,
    "netIncomeRatio": 0.0434893184,
    "eps": 0.44,
    "epsdiluted": 0.44,
    "weightedAverageShsOut": 155454545,
    "weightedAverageShsOutDil": 155454545,
    "link": null,
    "finalLink": null
  },
  {
    "date": "1996-12-31",
    "symbol": "NEM",
    "reportedCurrency": "USD",
    "cik": "0001164727",
    "fillingDate": "1996-12-31",
    "acceptedDate": "1996-12-31 00:00:00",
    "calendarYear": "1996",
    "period": "FY",
    "revenue": 768500000,
    "costOfRevenue": 476100000,
    "grossProfit": 292400000,
    "grossProfitRatio": 0.3804814574,
    "researchAndDevelopmentExpenses": 0,
    "generalAndAdministrativeExpenses": 0,
    "sellingAndMarketingExpenses": 0,
    "sellingGeneralAndAdministrativeExpenses": 120700000,
    "otherExpenses": 124800000,
    "operatingExpenses": 245500000,
    "costAndExpenses": 721600000,
    "interestIncome": 0,
    "interestExpense": 0,
    "depreciationAndAmortization": 124800000,
    "ebitda": 294800000,
    "ebitdaratio": 0.3836044242,
    "operatingIncome": 46900000,
    "operatingIncomeRatio": 0.0610279766,
    "totalOtherIncomeExpensesNet": 35800000,
    "incomeBeforeTax": 65700000,
    "incomeBeforeTaxRatio": 0.0854912167,
    "incomeTaxExpense": -19400000,
    "netIncome": 85100000,
    "netIncomeRatio": 0.1107351984,
    "eps": 0.63,
    "epsdiluted": 0.63,
    "weightedAverageShsOut": 120800000,
    "weightedAverageShsOutDil": 120800000,
    "link": null,
    "finalLink": null
  },
  {
    "date": "1995-12-31",
    "symbol": "NEM",
    "reportedCurrency": "USD",
    "cik": "0001164727",
    "fillingDate": "1995-12-31",
    "acceptedDate": "1995-12-31 00:00:00",
    "calendarYear": "1995",
    "period": "FY",
    "revenue": 636200000,
    "costOfRevenue": 370600000,
    "grossProfit": 265600000,
    "grossProfitRatio": 0.4174787803,
    "researchAndDevelopmentExpenses": 0,
    "generalAndAdministrativeExpenses": 0,
    "sellingAndMarketingExpenses": 0,
    "sellingGeneralAndAdministrativeExpenses": 164700000,
    "otherExpenses": 106800000,
    "operatingExpenses": 271500000,
    "costAndExpenses": 642100000,
    "interestIncome": 0,
    "interestExpense": 0,
    "depreciationAndAmortization": 106800000,
    "ebitda": 293400000,
    "ebitdaratio": 0.4611757309,
    "operatingIncome": -5900000,
    "operatingIncomeRatio": -0.0092738133,
    "totalOtherIncomeExpensesNet": 183600000,
    "incomeBeforeTax": 129600000,
    "incomeBeforeTaxRatio": 0.2037095253,
    "incomeTaxExpense": 17000000,
    "netIncome": 112600000,
    "netIncomeRatio": 0.1769883684,
    "eps": 0.95,
    "epsdiluted": 0.95,
    "weightedAverageShsOut": 86339286,
    "weightedAverageShsOutDil": 86339286,
    "link": null,
    "finalLink": null
  },
  {
    "date": "1994-12-31",
    "symbol": "NEM",
    "reportedCurrency": "USD",
    "cik": "0001164727",
    "fillingDate": "1994-12-31",
    "acceptedDate": "1994-12-31 00:00:00",
    "calendarYear": "1994",
    "period": "FY",
    "revenue": 597400000,
    "costOfRevenue": 326400000,
    "grossProfit": 271000000,
    "grossProfitRatio": 0.4536324071,
    "researchAndDevelopmentExpenses": 0,
    "generalAndAdministrativeExpenses": 0,
    "sellingAndMarketingExpenses": 0,
    "sellingGeneralAndAdministrativeExpenses": 153700000,
    "otherExpenses": 91100000,
    "operatingExpenses": 244800000,
    "costAndExpenses": 571200000,
    "interestIncome": 0,
    "interestExpense": 0,
    "depreciationAndAmortization": 91100000,
    "ebitda": 117300000,
    "ebitdaratio": 0.1963508537,
    "operatingIncome": 26200000,
    "operatingIncomeRatio": 0.0438567124,
    "totalOtherIncomeExpensesNet": 20600000,
    "incomeBeforeTax": 46800000,
    "incomeBeforeTaxRatio": 0.078339471,
    "incomeTaxExpense": -29300000,
    "netIncome": 76100000,
    "netIncomeRatio": 0.1273853365,
    "eps": 0.8,
    "epsdiluted": 0.8,
    "weightedAverageShsOut": 75375000,
    "weightedAverageShsOutDil": 75375000,
    "link": null,
    "finalLink": null
  },
  {
    "date": "1993-12-31",
    "symbol": "NEM",
    "reportedCurrency": "USD",
    "cik": "0001164727",
    "fillingDate": "1993-12-31",
    "acceptedDate": "1993-12-31 00:00:00",
    "calendarYear": "1993",
    "period": "FY",
    "revenue": 634300000,
    "costOfRevenue": 339200000,
    "grossProfit": 295100000,
    "grossProfitRatio": 0.4652372694,
    "researchAndDevelopmentExpenses": 0,
    "generalAndAdministrativeExpenses": 0,
    "sellingAndMarketingExpenses": 0,
    "sellingGeneralAndAdministrativeExpenses": 103000000,
    "otherExpenses": 110000000,
    "operatingExpenses": 213000000,
    "costAndExpenses": 552200000,
    "interestIncome": 0,
    "interestExpense": 0,
    "depreciationAndAmortization": 110000000,
    "ebitda": 192100000,
    "ebitdaratio": 0.3028535393,
    "operatingIncome": 82100000,
    "operatingIncomeRatio": 0.1294340218,
    "totalOtherIncomeExpensesNet": 31200000,
    "incomeBeforeTax": 113300000,
    "incomeBeforeTaxRatio": 0.1786221031,
    "incomeTaxExpense": 18600000,
    "netIncome": 133200000,
    "netIncomeRatio": 0.2099952704,
    "eps": 2.02,
    "epsdiluted": 2.02,
    "weightedAverageShsOut": 85491803,
    "weightedAverageShsOutDil": 85491803,
    "link": null,
    "finalLink": null
  },
  {
    "date": "1992-12-31",
    "symbol": "NEM",
    "reportedCurrency": "USD",
    "cik": "0001164727",
    "fillingDate": "1992-12-31",
    "acceptedDate": "1992-12-31 00:00:00",
    "calendarYear": "1992",
    "period": "FY",
    "revenue": 613200000,
    "costOfRevenue": 323300000,
    "grossProfit": 289900000,
    "grossProfitRatio": 0.4727658187,
    "researchAndDevelopmentExpenses": 0,
    "generalAndAdministrativeExpenses": 0,
    "sellingAndMarketingExpenses": 0,
    "sellingGeneralAndAdministrativeExpenses": 87400000,
    "otherExpenses": 98800000,
    "operatingExpenses": 186200000,
    "costAndExpenses": 509500000,
    "interestIncome": 0,
    "interestExpense": 0,
    "depreciationAndAmortization": 98800000,
    "ebitda": 202500000,
    "ebitdaratio": 0.3302348337,
    "operatingIncome": 103700000,
    "operatingIncomeRatio": 0.1691128506,
    "totalOtherIncomeExpensesNet": -10300000,
    "incomeBeforeTax": 93400000,
    "incomeBeforeTaxRatio": 0.1523157208,
    "incomeTaxExpense": 2800000,
    "netIncome": 79000000,
    "netIncomeRatio": 0.1288323549,
    "eps": 0.9,
    "epsdiluted": 0.9,
    "weightedAverageShsOut": 85888889,
    "weightedAverageShsOutDil": 85888889,
    "link": null,
    "finalLink": null
  },
  {
    "date": "1991-12-31",
    "symbol": "NEM",
    "reportedCurrency": "USD",
    "cik": "0001164727",
    "fillingDate": "1991-12-31",
    "acceptedDate": "1991-12-31 00:00:00",
    "calendarYear": "1991",
    "period": "FY",
    "revenue": 622800000,
    "costOfRevenue": 302100000,
    "grossProfit": 320700000,
    "grossProfitRatio": 0.5149325626,
    "researchAndDevelopmentExpenses": 0,
    "generalAndAdministrativeExpenses": 0,
    "sellingAndMarketingExpenses": 0,
    "sellingGeneralAndAdministrativeExpenses": 83800000,
    "otherExpenses": 94000000,
    "operatingExpenses": 177800000,
    "costAndExpenses": 479900000,
    "interestIncome": 0,
    "interestExpense": 0,
    "depreciationAndAmortization": 94000000,
    "ebitda": 236900000,
    "ebitdaratio": 0.3803789338,
    "operatingIncome": 142900000,
    "operatingIncomeRatio": 0.2294476557,
    "totalOtherIncomeExpensesNet": -20700000,
    "incomeBeforeTax": 122200000,
    "incomeBeforeTaxRatio": 0.1962106615,
    "incomeTaxExpense": 27900000,
    "netIncome": 94300000,
    "netIncomeRatio": 0.1514129737,
    "eps": 1.11,
    "epsdiluted": 1.11,
    "weightedAverageShsOut": 84954955,
    "weightedAverageShsOutDil": 84954955,
    "link": null,
    "finalLink": null
  },
  {
    "date": "1990-12-31",
    "symbol": "NEM",
    "reportedCurrency": "USD",
    "cik": "0001164727",
    "fillingDate": "1990-12-31",
    "acceptedDate": "1990-12-31 00:00:00",
    "calendarYear": "1990",
    "period": "FY",
    "revenue": 683500000,
    "costOfRevenue": 357000000,
    "grossProfit": 326500000,
    "grossProfitRatio": 0.4776883687,
    "researchAndDevelopmentExpenses": 0,
    "generalAndAdministrativeExpenses": 0,
    "sellingAndMarketingExpenses": 0,
    "sellingGeneralAndAdministrativeExpenses": 82500000,
    "otherExpenses": 84800000,
    "operatingExpenses": 167300000,
    "costAndExpenses": 524300000,
    "interestIncome": 0,
    "interestExpense": 0,
    "depreciationAndAmortization": 84800000,
    "ebitda": 244000000,
    "ebitdaratio": 0.356986101,
    "operatingIncome": 159200000,
    "operatingIncomeRatio": 0.2329188003,
    "totalOtherIncomeExpensesNet": 81300000,
    "incomeBeforeTax": 240500000,
    "incomeBeforeTaxRatio": 0.3518653987,
    "incomeTaxExpense": 72000000,
    "netIncome": 342600000,
    "netIncomeRatio": 0.5012435991,
    "eps": 4.05,
    "epsdiluted": 4.05,
    "weightedAverageShsOut": 84592593,
    "weightedAverageShsOutDil": 84592593,
    "link": null,
    "finalLink": null
  },
  {
    "date": "1989-12-31",
    "symbol": "NEM",
    "reportedCurrency": "USD",
    "cik": "0001164727",
    "fillingDate": "1989-12-31",
    "acceptedDate": "1989-12-31 00:00:00",
    "calendarYear": "1989",
    "period": "FY",
    "revenue": 582100000,
    "costOfRevenue": 322600000,
    "grossProfit": 259500000,
    "grossProfitRatio": 0.4457996908,
    "researchAndDevelopmentExpenses": 0,
    "generalAndAdministrativeExpenses": 0,
    "sellingAndMarketingExpenses": 0,
    "sellingGeneralAndAdministrativeExpenses": 69000000,
    "otherExpenses": 69300000,
    "operatingExpenses": 138300000,
    "costAndExpenses": 460900000,
    "interestIncome": 0,
    "interestExpense": 0,
    "depreciationAndAmortization": 69300000,
    "ebitda": 190500000,
    "ebitdaratio": 0.3272633568,
    "operatingIncome": 121200000,
    "operatingIncomeRatio": 0.2082116475,
    "totalOtherIncomeExpensesNet": 34500000,
    "incomeBeforeTax": 155700000,
    "incomeBeforeTaxRatio": 0.2674798145,
    "incomeTaxExpense": 26200000,
    "netIncome": 125900000,
    "netIncomeRatio": 0.2162858615,
    "eps": 1.5,
    "epsdiluted": 1.5,
    "weightedAverageShsOut": 83933333,
    "weightedAverageShsOutDil": 83933333,
    "link": null,
    "finalLink": null
  },
  {
    "date": "1988-12-31",
    "symbol": "NEM",
    "reportedCurrency": "USD",
    "cik": "0001164727",
    "fillingDate": "1988-12-31",
    "acceptedDate": "1988-12-30 19:00:00",
    "calendarYear": "1988",
    "period": "FY",
    "revenue": 500100000,
    "costOfRevenue": 279900000,
    "grossProfit": 220200000,
    "grossProfitRatio": 0.4403119376,
    "researchAndDevelopmentExpenses": 0,
    "generalAndAdministrativeExpenses": 0,
    "sellingAndMarketingExpenses": 0,
    "sellingGeneralAndAdministrativeExpenses": 45100000,
    "otherExpenses": 40400000,
    "operatingExpenses": 85500000,
    "costAndExpenses": 365400000,
    "interestIncome": 0,
    "interestExpense": 0,
    "depreciationAndAmortization": 40400000,
    "ebitda": 175100000,
    "ebitdaratio": 0.350129974,
    "operatingIncome": 134700000,
    "operatingIncomeRatio": 0.2693461308,
    "totalOtherIncomeExpensesNet": 3500000,
    "incomeBeforeTax": 138200000,
    "incomeBeforeTaxRatio": 0.2763447311,
    "incomeTaxExpense": 46100000,
    "netIncome": 174900000,
    "netIncomeRatio": 0.349730054,
    "eps": 3.05,
    "epsdiluted": 3.05,
    "weightedAverageShsOut": 84045000,
    "weightedAverageShsOutDil": 84045000,
    "link": "",
    "finalLink": ""
  },
  {
    "date": "1987-12-31",
    "symbol": "NEM",
    "reportedCurrency": "USD",
    "cik": "0001164727",
    "fillingDate": "1987-12-31",
    "acceptedDate": "1987-12-30 19:00:00",
    "calendarYear": "1987",
    "period": "FY",
    "revenue": 514000000,
    "costOfRevenue": 232700000,
    "grossProfit": 281300000,
    "grossProfitRatio": 0.5472762646,
    "researchAndDevelopmentExpenses": 0,
    "generalAndAdministrativeExpenses": 0,
    "sellingAndMarketingExpenses": 0,
    "sellingGeneralAndAdministrativeExpenses": 31600000,
    "otherExpenses": 70300000,
    "operatingExpenses": 101900000,
    "costAndExpenses": 334600000,
    "interestIncome": 0,
    "interestExpense": 0,
    "depreciationAndAmortization": 70300000,
    "ebitda": 249700000,
    "ebitdaratio": 0.4857976654,
    "operatingIncome": 179400000,
    "operatingIncomeRatio": 0.3490272374,
    "totalOtherIncomeExpensesNet": 269700000,
    "incomeBeforeTax": 449100000,
    "incomeBeforeTaxRatio": 0.8737354086,
    "incomeTaxExpense": 111500000,
    "netIncome": 337600000,
    "netIncomeRatio": 0.6568093385,
    "eps": 4.21,
    "epsdiluted": 4.21,
    "weightedAverageShsOut": 80190024,
    "weightedAverageShsOutDil": 80190024,
    "link": "",
    "finalLink": ""
  },
  {
    "date": "1986-12-31",
    "symbol": "NEM",
    "reportedCurrency": "USD",
    "cik": "0001164727",
    "fillingDate": "1986-12-31",
    "acceptedDate": "1986-12-30 19:00:00",
    "calendarYear": "1986",
    "period": "FY",
    "revenue": 380800000,
    "costOfRevenue": 204900000,
    "grossProfit": 175900000,
    "grossProfitRatio": 0.4619222689,
    "researchAndDevelopmentExpenses": 0,
    "generalAndAdministrativeExpenses": 0,
    "sellingAndMarketingExpenses": 0,
    "sellingGeneralAndAdministrativeExpenses": 28200000,
    "otherExpenses": 71100000,
    "operatingExpenses": 99300000,
    "costAndExpenses": 304200000,
    "interestIncome": 0,
    "interestExpense": 0,
    "depreciationAndAmortization": 71100000,
    "ebitda": 147700000,
    "ebitdaratio": 0.3878676471,
    "operatingIncome": 76600000,
    "operatingIncomeRatio": 0.2011554622,
    "totalOtherIncomeExpensesNet": 38000000,
    "incomeBeforeTax": 114600000,
    "incomeBeforeTaxRatio": 0.3009453782,
    "incomeTaxExpense": 46100000,
    "netIncome": 67800000,
    "netIncomeRatio": 0.1780462185,
    "eps": 0.36,
    "epsdiluted": 0.36,
    "weightedAverageShsOut": 76022000,
    "weightedAverageShsOutDil": 76022000,
    "link": "",
    "finalLink": ""
  },
  {
    "date": "1985-12-31",
    "symbol": "NEM",
    "reportedCurrency": "USD",
    "cik": "0001164727",
    "fillingDate": "1985-12-31",
    "acceptedDate": "1985-12-30 19:00:00",
    "calendarYear": "1985",
    "period": "FY",
    "revenue": 686100000,
    "costOfRevenue": 632800000,
    "grossProfit": 53300000,
    "grossProfitRatio": 0.0776854686,
    "researchAndDevelopmentExpenses": 0,
    "generalAndAdministrativeExpenses": 0,
    "sellingAndMarketingExpenses": 0,
    "sellingGeneralAndAdministrativeExpenses": 25600000,
    "otherExpenses": 76100000,
    "operatingExpenses": 101700000,
    "costAndExpenses": 734500000,
    "interestIncome": 0,
    "interestExpense": 0,
    "depreciationAndAmortization": 76100000,
    "ebitda": 27700000,
    "ebitdaratio": 0.0403731235,
    "operatingIncome": -48400000,
    "operatingIncomeRatio": -0.0705436525,
    "totalOtherIncomeExpensesNet": 9800000,
    "incomeBeforeTax": -38600000,
    "incomeBeforeTaxRatio": -0.0562600204,
    "incomeTaxExpense": -53500000,
    "netIncome": 16000000,
    "netIncomeRatio": 0.0233202157,
    "eps": 0.22,
    "epsdiluted": 0.22,
    "weightedAverageShsOut": 72727273,
    "weightedAverageShsOutDil": 72727273,
    "link": "",
    "finalLink": ""
  }
]