[
  {
    "date": "2025-06-30",
    "symbol": "NFLX",
    "reportedCurrency": "USD",
    "cik": "0001065280",
    "fillingDate": "2025-07-18",
    "acceptedDate": "2025-07-18 16:02:28",
    "calendarYear": "2025",
    "period": "Q2",
    "revenue": 11079166000,
    "costOfRevenue": 5325311000,
    "grossProfit": 5753855000,
    "grossProfitRatio": 0.5193400839,
    "researchAndDevelopmentExpenses": 824683000,
    "generalAndAdministrativeExpenses": 441213000,
    "sellingAndMarketingExpenses": 713265000,
    "sellingGeneralAndAdministrativeExpenses": 1154478000,
    "otherExpenses": 0,
    "operatingExpenses": 1979161000,
    "costAndExpenses": 7304472000,
    "interestIncome": 39630000,
    "interestExpense": 182649000,
    "depreciationAndAmortization": 3912087000,
    "ebitda": 7726411000,
    "ebitdaratio": 0.6973820051,
    "operatingIncome": 3774694000,
    "operatingIncomeRatio": 0.3407019987,
    "totalOtherIncomeExpensesNet": -143019000,
    "incomeBeforeTax": 3631675000,
    "incomeBeforeTaxRatio": 0.327793175,
    "incomeTaxExpense": 506262000,
    "netIncome": 3125413000,
    "netIncomeRatio": 0.2820982193,
    "eps": 7.35,
    "epsdiluted": 7.19,
    "weightedAverageShsOut": 425211000,
    "weightedAverageShsOutDil": 435917000,
    "link": "https://www.sec.gov/Archives/edgar/data/1065280/000106528025000323/0001065280-25-000323-index.htm",
    "finalLink": "https://www.sec.gov/Archives/edgar/data/1065280/000106528025000323/nflx-20250630.htm"
  },
  {
    "date": "2025-03-31",
    "symbol": "NFLX",
    "reportedCurrency": "USD",
    "cik": "0001065280",
    "fillingDate": "2025-04-18",
    "acceptedDate": "2025-04-18 16:02:54",
    "calendarYear": "2025",
    "period": "Q1",
    "revenue": 10542801000,
    "costOfRevenue": 5263147000,
    "grossProfit": 5279654000,
    "grossProfitRatio": 0.5007828565,
    "researchAndDevelopmentExpenses": 822823000,
    "generalAndAdministrativeExpenses": 421462000,
    "sellingAndMarketingExpenses": 688370000,
    "sellingGeneralAndAdministrativeExpenses": 1109832000,
    "otherExpenses": 0,
    "operatingExpenses": 1932655000,
    "costAndExpenses": 7195802000,
    "interestIncome": 50899000,
    "interestExpense": 184172000,
    "depreciationAndAmortization": 3903179000,
    "ebitda": 7301077000,
    "ebitdaratio": 0.6925177664,
    "operatingIncome": 3346999000,
    "operatingIncomeRatio": 0.3174677204,
    "totalOtherIncomeExpensesNet": -133273000,
    "incomeBeforeTax": 3213726000,
    "incomeBeforeTaxRatio": 0.3048265826,
    "incomeTaxExpense": 323375000,
    "netIncome": 2890351000,
    "netIncomeRatio": 0.2741539938,
    "eps": 6.76,
    "epsdiluted": 6.61,
    "weightedAverageShsOut": 427270000,
    "weightedAverageShsOutDil": 436962000,
    "link": "https://www.sec.gov/Archives/edgar/data/1065280/000106528025000176/0001065280-25-000176-index.htm",
    "finalLink": "https://www.sec.gov/Archives/edgar/data/1065280/000106528025000176/nflx-20250331.htm"
  },
  {
    "date": "2024-12-31",
    "symbol": "NFLX",
    "reportedCurrency": "USD",
    "cik": "0001065280",
    "fillingDate": "2025-01-27",
    "acceptedDate": "2025-01-27 16:01:56",
    "calendarYear": "2024",
    "period": "Q4",
    "revenue": 10246513000,
    "costOfRevenue": 5767364000,
    "grossProfit": 4479149000,
    "grossProfitRatio": 0.4371388588,
    "researchAndDevelopmentExpenses": 776505000,
    "generalAndAdministrativeExpenses": 453674000,
    "sellingAndMarketingExpenses": 976204000,
    "sellingGeneralAndAdministrativeExpenses": 1429878000,
    "otherExpenses": 0,
    "operatingExpenses": 2206383000,
    "costAndExpenses": 7973747000,
    "interestIncome": 0,
    "interestExpense": 192603000,
    "depreciationAndAmortization": 4241040000,
    "ebitda": 6567911000,
    "ebitdaratio": 0.6409898665,
    "operatingIncome": 2272766000,
    "operatingIncomeRatio": 0.2218087265,
    "totalOtherIncomeExpensesNet": -138498000,
    "incomeBeforeTax": 2134268000,
    "incomeBeforeTaxRatio": 0.2082921283,
    "incomeTaxExpense": 265661000,
    "netIncome": 1868607000,
    "netIncomeRatio": 0.1823651617,
    "eps": 4.37,
    "epsdiluted": 4.27,
    "weightedAverageShsOut": 427716000,
    "weightedAverageShsOutDil": 437786000,
    "link": "https://www.sec.gov/Archives/edgar/data/1065280/000106528025000044/0001065280-25-000044-index.htm",
    "finalLink": "https://www.sec.gov/Archives/edgar/data/1065280/000106528025000044/nflx-20241231.htm"
  },
  {
    "date": "2024-09-30",
    "symbol": "NFLX",
    "reportedCurrency": "USD",
    "cik": "0001065280",
    "fillingDate": "2024-10-18",
    "acceptedDate": "2024-10-18 16:01:49",
    "calendarYear": "2024",
    "period": "Q3",
    "revenue": 9824703000,
    "costOfRevenue": 5119884000,
    "grossProfit": 4704819000,
    "grossProfitRatio": 0.4788764607,
    "researchAndDevelopmentExpenses": 735063000,
    "generalAndAdministrativeExpenses": 417353000,
    "sellingAndMarketingExpenses": 642926000,
    "sellingGeneralAndAdministrativeExpenses": 1060279000,
    "otherExpenses": 0,
    "operatingExpenses": 1795342000,
    "costAndExpenses": 6915226000,
    "interestIncome": 0,
    "interestExpense": 206523000,
    "depreciationAndAmortization": 3780435000,
    "ebitda": 6689912000,
    "ebitdaratio": 0.6809276576,
    "operatingIncome": 2909477000,
    "operatingIncomeRatio": 0.2961389265,
    "totalOtherIncomeExpensesNet": -206523000,
    "incomeBeforeTax": 2702954000,
    "incomeBeforeTaxRatio": 0.2751181384,
    "incomeTaxExpense": 339445000,
    "netIncome": 2363509000,
    "netIncomeRatio": 0.2405679846,
    "eps": 5.52,
    "epsdiluted": 5.4,
    "weightedAverageShsOut": 428239000,
    "weightedAverageShsOutDil": 437898000,
    "link": "https://www.sec.gov/Archives/edgar/data/1065280/000106528024000287/0001065280-24-000287-index.htm",
    "finalLink": "https://www.sec.gov/Archives/edgar/data/1065280/000106528024000287/nflx-20240930.htm"
  },
  {
    "date": "2024-06-30",
    "symbol": "NFLX",
    "reportedCurrency": "USD",
    "cik": "0001065280",
    "fillingDate": "2024-07-19",
    "acceptedDate": "2024-07-19 16:04:45",
    "calendarYear": "2024",
    "period": "Q2",
    "revenue": 9559310000,
    "costOfRevenue": 5174143000,
    "grossProfit": 4385167000,
    "grossProfitRatio": 0.4587325863,
    "researchAndDevelopmentExpenses": 711254000,
    "generalAndAdministrativeExpenses": 426992000,
    "sellingAndMarketingExpenses": 644084000,
    "sellingGeneralAndAdministrativeExpenses": 1071076000,
    "otherExpenses": 0,
    "operatingExpenses": 1782330000,
    "costAndExpenses": 6956546000,
    "interestIncome": 79005000,
    "interestExpense": 167986000,
    "depreciationAndAmortization": 3850917000,
    "ebitda": 6532759000,
    "ebitdaratio": 0.683392316,
    "operatingIncome": 2602837000,
    "operatingIncomeRatio": 0.2722829367,
    "totalOtherIncomeExpensesNet": -88981000,
    "incomeBeforeTax": 2513856000,
    "incomeBeforeTaxRatio": 0.2629746289,
    "incomeTaxExpense": 366550000,
    "netIncome": 2147306000,
    "netIncomeRatio": 0.2246298111,
    "eps": 4.99,
    "epsdiluted": 4.88,
    "weightedAverageShsOut": 430065000,
    "weightedAverageShsOutDil": 439739000,
    "link": "https://www.sec.gov/Archives/edgar/data/1065280/000106528024000200/0001065280-24-000200-index.htm",
    "finalLink": "https://www.sec.gov/Archives/edgar/data/1065280/000106528024000200/nflx-20240630.htm"
  },
  {
    "date": "2024-03-31",
    "symbol": "NFLX",
    "reportedCurrency": "USD",
    "cik": "0001065280",
    "fillingDate": "2024-04-22",
    "acceptedDate": "2024-04-22 16:01:53",
    "calendarYear": "2024",
    "period": "Q1",
    "revenue": 9381681000,
    "costOfRevenue": 4977267000,
    "grossProfit": 4404414000,
    "grossProfitRatio": 0.4694695972,
    "researchAndDevelopmentExpenses": 702473000,
    "generalAndAdministrativeExpenses": 404020000,
    "sellingAndMarketingExpenses": 654340000,
    "sellingGeneralAndAdministrativeExpenses": 1058360000,
    "otherExpenses": 0,
    "operatingExpenses": 1760833000,
    "costAndExpenses": 6738100000,
    "interestIncome": 155359000,
    "interestExpense": 173314000,
    "depreciationAndAmortization": 3758039000,
    "ebitda": 6545932000,
    "ebitdaratio": 0.6977355124,
    "operatingIncome": 2632534000,
    "operatingIncomeRatio": 0.2806036573,
    "totalOtherIncomeExpensesNet": -17955000,
    "incomeBeforeTax": 2614579000,
    "incomeBeforeTaxRatio": 0.2786898212,
    "incomeTaxExpense": 282370000,
    "netIncome": 2332209000,
    "netIncomeRatio": 0.2485918035,
    "eps": 5.4,
    "epsdiluted": 5.28,
    "weightedAverageShsOut": 432090000,
    "weightedAverageShsOutDil": 441654000,
    "link": "https://www.sec.gov/Archives/edgar/data/1065280/000106528024000128/0001065280-24-000128-index.htm",
    "finalLink": "https://www.sec.gov/Archives/edgar/data/1065280/000106528024000128/nflx-20240331.htm"
  },
  {
    "date": "2023-12-31",
    "symbol": "NFLX",
    "reportedCurrency": "USD",
    "cik": "0001065280",
    "fillingDate": "2024-01-26",
    "acceptedDate": "2024-01-26 16:01:56",
    "calendarYear": "2023",
    "period": "Q4",
    "revenue": 8832825000,
    "costOfRevenue": 5307485000,
    "grossProfit": 3525340000,
    "grossProfitRatio": 0.3991180625,
    "researchAndDevelopmentExpenses": 673341000,
    "generalAndAdministrativeExpenses": 439273000,
    "sellingAndMarketingExpenses": 916617000,
    "sellingGeneralAndAdministrativeExpenses": 1355890000,
    "otherExpenses": 0,
    "operatingExpenses": 2029231000,
    "costAndExpenses": 7336716000,
    "interestIncome": 0,
    "interestExpense": 175212000,
    "depreciationAndAmortization": 3840646000,
    "ebitda": 5212780000,
    "ebitdaratio": 0.5901599998,
    "operatingIncome": 1496109000,
    "operatingIncomeRatio": 0.1693805776,
    "totalOtherIncomeExpensesNet": -347959000,
    "incomeBeforeTax": 1148150000,
    "incomeBeforeTaxRatio": 0.1299867257,
    "incomeTaxExpense": 210312000,
    "netIncome": 937838000,
    "netIncomeRatio": 0.1061764498,
    "eps": 2.15,
    "epsdiluted": 2.11,
    "weightedAverageShsOut": 441571000,
    "weightedAverageShsOutDil": 449498000,
    "link": "https://www.sec.gov/Archives/edgar/data/1065280/000106528024000030/0001065280-24-000030-index.htm",
    "finalLink": "https://www.sec.gov/Archives/edgar/data/1065280/000106528024000030/nflx-20231231.htm"
  },
  {
    "date": "2023-09-30",
    "symbol": "NFLX",
    "reportedCurrency": "USD",
    "cik": "0001065280",
    "fillingDate": "2023-10-20",
    "acceptedDate": "2023-10-20 16:01:48",
    "calendarYear": "2023",
    "period": "Q3",
    "revenue": 8541668000,
    "costOfRevenue": 4930788000,
    "grossProfit": 3610880000,
    "grossProfitRatio": 0.4227371047,
    "researchAndDevelopmentExpenses": 657159000,
    "generalAndAdministrativeExpenses": 478591000,
    "sellingAndMarketingExpenses": 558736000,
    "sellingGeneralAndAdministrativeExpenses": 1037327000,
    "otherExpenses": 0,
    "operatingExpenses": 1694486000,
    "costAndExpenses": 6625274000,
    "interestIncome": 168218000,
    "interestExpense": 175563000,
    "depreciationAndAmortization": 3664013000,
    "ebitda": 5748625000,
    "ebitdaratio": 0.673009651,
    "operatingIncome": 1916394000,
    "operatingIncomeRatio": 0.2243582869,
    "totalOtherIncomeExpensesNet": -7345000,
    "incomeBeforeTax": 1909049000,
    "incomeBeforeTaxRatio": 0.2234983846,
    "incomeTaxExpense": 231627000,
    "netIncome": 1677422000,
    "netIncomeRatio": 0.1963810815,
    "eps": 3.8,
    "epsdiluted": 3.73,
    "weightedAverageShsOut": 441537000,
    "weightedAverageShsOutDil": 450011000,
    "link": "https://www.sec.gov/Archives/edgar/data/1065280/000106528023000273/0001065280-23-000273-index.htm",
    "finalLink": "https://www.sec.gov/Archives/edgar/data/1065280/000106528023000273/nflx-20230930.htm"
  },
  {
    "date": "2023-06-30",
    "symbol": "NFLX",
    "reportedCurrency": "USD",
    "cik": "0001065280",
    "fillingDate": "2023-07-21",
    "acceptedDate": "2023-07-21 16:02:00",
    "calendarYear": "2023",
    "period": "Q2",
    "revenue": 8187301000,
    "costOfRevenue": 4673470000,
    "grossProfit": 3513831000,
    "grossProfitRatio": 0.4291806299,
    "researchAndDevelopmentExpenses": 657983000,
    "generalAndAdministrativeExpenses": 401497000,
    "sellingAndMarketingExpenses": 627168000,
    "sellingGeneralAndAdministrativeExpenses": 1028665000,
    "otherExpenses": 0,
    "operatingExpenses": 1686648000,
    "costAndExpenses": 6360118000,
    "interestIncome": 26961000,
    "interestExpense": 174812000,
    "depreciationAndAmortization": 3499406000,
    "ebitda": 5353550000,
    "ebitdaratio": 0.6538845952,
    "operatingIncome": 1827183000,
    "operatingIncomeRatio": 0.2231728136,
    "totalOtherIncomeExpensesNet": -147851000,
    "incomeBeforeTax": 1679332000,
    "incomeBeforeTaxRatio": 0.2051142373,
    "incomeTaxExpense": 191722000,
    "netIncome": 1487610000,
    "netIncomeRatio": 0.1816972406,
    "eps": 3.35,
    "epsdiluted": 3.29,
    "weightedAverageShsOut": 443881000,
    "weightedAverageShsOutDil": 451572000,
    "link": "https://www.sec.gov/Archives/edgar/data/1065280/000106528023000198/0001065280-23-000198-index.htm",
    "finalLink": "https://www.sec.gov/Archives/edgar/data/1065280/000106528023000198/nflx-20230630.htm"
  },
  {
    "date": "2023-03-31",
    "symbol": "NFLX",
    "reportedCurrency": "USD",
    "cik": "0001065280",
    "fillingDate": "2023-04-21",
    "acceptedDate": "2023-04-21 16:02:01",
    "calendarYear": "2023",
    "period": "Q1",
    "revenue": 8161503000,
    "costOfRevenue": 4803625000,
    "grossProfit": 3357878000,
    "grossProfitRatio": 0.4114288753,
    "researchAndDevelopmentExpenses": 687275000,
    "generalAndAdministrativeExpenses": 400924000,
    "sellingAndMarketingExpenses": 555362000,
    "sellingGeneralAndAdministrativeExpenses": 956286000,
    "otherExpenses": 0,
    "operatingExpenses": 1643561000,
    "costAndExpenses": 6447186000,
    "interestIncome": 0,
    "interestExpense": 245443000,
    "depreciationAndAmortization": 3550319000,
    "ebitda": 5264636000,
    "ebitdaratio": 0.6450571666,
    "operatingIncome": 1714317000,
    "operatingIncomeRatio": 0.2100491784,
    "totalOtherIncomeExpensesNet": -245443000,
    "incomeBeforeTax": 1468874000,
    "incomeBeforeTaxRatio": 0.1799759187,
    "incomeTaxExpense": 163754000,
    "netIncome": 1305120000,
    "netIncomeRatio": 0.1599117221,
    "eps": 2.93,
    "epsdiluted": 2.88,
    "weightedAverageShsOut": 445244000,
    "weightedAverageShsOutDil": 452417000,
    "link": "https://www.sec.gov/Archives/edgar/data/1065280/000106528023000120/0001065280-23-000120-index.htm",
    "finalLink": "https://www.sec.gov/Archives/edgar/data/1065280/000106528023000120/nflx-20230331.htm"
  },
  {
    "date": "2022-12-31",
    "symbol": "NFLX",
    "reportedCurrency": "USD",
    "cik": "0001065280",
    "fillingDate": "2023-01-26",
    "acceptedDate": "2023-01-26 16:03:50",
    "calendarYear": "2022",
    "period": "Q4",
    "revenue": 7852053000,
    "costOfRevenue": 5404160000,
    "grossProfit": 2447893000,
    "grossProfitRatio": 0.3117519711,
    "researchAndDevelopmentExpenses": 673926000,
    "generalAndAdministrativeExpenses": 392453000,
    "sellingAndMarketingExpenses": 831610000,
    "sellingGeneralAndAdministrativeExpenses": 1224063000,
    "otherExpenses": 0,
    "operatingExpenses": 1897989000,
    "costAndExpenses": 7302149000,
    "interestIncome": 0,
    "interestExpense": 170603000,
    "depreciationAndAmortization": 4038214000,
    "ebitda": 4248153000,
    "ebitdaratio": 0.5410244938,
    "operatingIncome": 549904000,
    "operatingIncomeRatio": 0.0700331493,
    "totalOtherIncomeExpensesNet": -510568000,
    "incomeBeforeTax": 39336000,
    "incomeBeforeTaxRatio": 0.0050096452,
    "incomeTaxExpense": -15948000,
    "netIncome": 55284000,
    "netIncomeRatio": 0.0070407064,
    "eps": 0.12,
    "epsdiluted": 0.12,
    "weightedAverageShsOut": 445200000,
    "weightedAverageShsOutDil": 451649000,
    "link": "https://www.sec.gov/Archives/edgar/data/1065280/000106528023000035/0001065280-23-000035-index.htm",
    "finalLink": "https://www.sec.gov/Archives/edgar/data/1065280/000106528023000035/nflx-20221231.htm"
  },
  {
    "date": "2022-09-30",
    "symbol": "NFLX",
    "reportedCurrency": "USD",
    "cik": "0001065280",
    "fillingDate": "2022-10-20",
    "acceptedDate": "2022-10-20 16:04:17",
    "calendarYear": "2022",
    "period": "Q3",
    "revenue": 7925589000,
    "costOfRevenue": 4788665000,
    "grossProfit": 3136924000,
    "grossProfitRatio": 0.3957969559,
    "researchAndDevelopmentExpenses": 662739000,
    "generalAndAdministrativeExpenses": 373213000,
    "sellingAndMarketingExpenses": 567954000,
    "sellingGeneralAndAdministrativeExpenses": 941167000,
    "otherExpenses": 0,
    "operatingExpenses": 1603906000,
    "costAndExpenses": 6392571000,
    "interestIncome": 261404000,
    "interestExpense": 172575000,
    "depreciationAndAmortization": 3738780000,
    "ebitda": 5533202000,
    "ebitdaratio": 0.6981439487,
    "operatingIncome": 1533018000,
    "operatingIncomeRatio": 0.1934263813,
    "totalOtherIncomeExpensesNet": 88829000,
    "incomeBeforeTax": 1621847000,
    "incomeBeforeTaxRatio": 0.2046342549,
    "incomeTaxExpense": 223605000,
    "netIncome": 1398242000,
    "netIncomeRatio": 0.1764212098,
    "eps": 3.14,
    "epsdiluted": 3.1,
    "weightedAverageShsOut": 444878000,
    "weightedAverageShsOutDil": 450344000,
    "link": "https://www.sec.gov/Archives/edgar/data/1065280/000106528022000368/0001065280-22-000368-index.htm",
    "finalLink": "https://www.sec.gov/Archives/edgar/data/1065280/000106528022000368/nflx-20220930.htm"
  },
  {
    "date": "2022-06-30",
    "symbol": "NFLX",
    "reportedCurrency": "USD",
    "cik": "0001065280",
    "fillingDate": "2022-07-21",
    "acceptedDate": "2022-07-21 16:02:17",
    "calendarYear": "2022",
    "period": "Q2",
    "revenue": 7970141000,
    "costOfRevenue": 4690755000,
    "grossProfit": 3279386000,
    "grossProfitRatio": 0.4114589692,
    "researchAndDevelopmentExpenses": 716846000,
    "generalAndAdministrativeExpenses": 409297000,
    "sellingAndMarketingExpenses": 574960000,
    "sellingGeneralAndAdministrativeExpenses": 984257000,
    "otherExpenses": 0,
    "operatingExpenses": 1701103000,
    "costAndExpenses": 6391858000,
    "interestIncome": 220226000,
    "interestExpense": 175455000,
    "depreciationAndAmortization": 3344853000,
    "ebitda": 5143362000,
    "ebitdaratio": 0.6453288593,
    "operatingIncome": 1578283000,
    "operatingIncomeRatio": 0.1980244766,
    "totalOtherIncomeExpensesNet": 44771000,
    "incomeBeforeTax": 1623054000,
    "incomeBeforeTaxRatio": 0.2036418176,
    "incomeTaxExpense": 182103000,
    "netIncome": 1440951000,
    "netIncomeRatio": 0.1807936648,
    "eps": 3.24,
    "epsdiluted": 3.2,
    "weightedAverageShsOut": 444557000,
    "weightedAverageShsOutDil": 450169000,
    "link": "https://www.sec.gov/Archives/edgar/data/1065280/000106528022000257/0001065280-22-000257-index.htm",
    "finalLink": "https://www.sec.gov/Archives/edgar/data/1065280/000106528022000257/nflx-20220630.htm"
  },
  {
    "date": "2022-03-31",
    "symbol": "NFLX",
    "reportedCurrency": "USD",
    "cik": "0001065280",
    "fillingDate": "2022-04-21",
    "acceptedDate": "2022-04-21 16:03:01",
    "calendarYear": "2022",
    "period": "Q1",
    "revenue": 7867767000,
    "costOfRevenue": 4284705000,
    "grossProfit": 3583062000,
    "grossProfitRatio": 0.4554102835,
    "researchAndDevelopmentExpenses": 657530000,
    "generalAndAdministrativeExpenses": 397928000,
    "sellingAndMarketingExpenses": 555978000,
    "sellingGeneralAndAdministrativeExpenses": 953906000,
    "otherExpenses": 0,
    "operatingExpenses": 1611436000,
    "costAndExpenses": 5896141000,
    "interestIncome": 195645000,
    "interestExpense": 187579000,
    "depreciationAndAmortization": 3240967000,
    "ebitda": 5408238000,
    "ebitdaratio": 0.6873917339,
    "operatingIncome": 1971626000,
    "operatingIncomeRatio": 0.2505953722,
    "totalOtherIncomeExpensesNet": 8066000,
    "incomeBeforeTax": 1979692000,
    "incomeBeforeTaxRatio": 0.2516205678,
    "incomeTaxExpense": 382245000,
    "netIncome": 1597447000,
    "netIncomeRatio": 0.2030368973,
    "eps": 3.6,
    "epsdiluted": 3.53,
    "weightedAverageShsOut": 444146000,
    "weightedAverageShsOutDil": 452984000,
    "link": "https://www.sec.gov/Archives/edgar/data/1065280/000106528022000145/0001065280-22-000145-index.htm",
    "finalLink": "https://www.sec.gov/Archives/edgar/data/1065280/000106528022000145/nflx-20220331.htm"
  },
  {
    "date": "2021-12-31",
    "symbol": "NFLX",
    "reportedCurrency": "USD",
    "cik": "0001065280",
    "fillingDate": "2022-01-27",
    "acceptedDate": "2022-01-27 17:03:33",
    "calendarYear": "2021",
    "period": "Q4",
    "revenue": 7709318000,
    "costOfRevenue": 5239575000,
    "grossProfit": 2469743000,
    "grossProfitRatio": 0.3203581692,
    "researchAndDevelopmentExpenses": 647470000,
    "generalAndAdministrativeExpenses": 397790000,
    "sellingAndMarketingExpenses": 792713000,
    "sellingGeneralAndAdministrativeExpenses": 1190503000,
    "otherExpenses": 0,
    "operatingExpenses": 1837973000,
    "costAndExpenses": 7077548000,
    "interestIncome": 108512000,
    "interestExpense": 189429000,
    "depreciationAndAmortization": 3805301000,
    "ebitda": 4545583000,
    "ebitdaratio": 0.5896219354,
    "operatingIncome": 631770000,
    "operatingIncomeRatio": 0.0819488832,
    "totalOtherIncomeExpensesNet": -80917000,
    "incomeBeforeTax": 550853000,
    "incomeBeforeTaxRatio": 0.0714528834,
    "incomeTaxExpense": -56576000,
    "netIncome": 607429000,
    "netIncomeRatio": 0.0787915351,
    "eps": 1.37,
    "epsdiluted": 1.33,
    "weightedAverageShsOut": 443462000,
    "weightedAverageShsOutDil": 455795000,
    "link": "https://www.sec.gov/Archives/edgar/data/1065280/000106528022000036/0001065280-22-000036-index.htm",
    "finalLink": "https://www.sec.gov/Archives/edgar/data/1065280/000106528022000036/nflx-20211231.htm"
  },
  {
    "date": "2021-09-30",
    "symbol": "NFLX",
    "reportedCurrency": "USD",
    "cik": "0001065280",
    "fillingDate": "2021-10-21",
    "acceptedDate": "2021-10-21 16:02:00",
    "calendarYear": "2021",
    "period": "Q3",
    "revenue": 7483467000,
    "costOfRevenue": 4206589000,
    "grossProfit": 3276878000,
    "grossProfitRatio": 0.4378823345,
    "researchAndDevelopmentExpenses": 563887000,
    "generalAndAdministrativeExpenses": 321790000,
    "sellingAndMarketingExpenses": 635948000,
    "sellingGeneralAndAdministrativeExpenses": 957738000,
    "otherExpenses": 0,
    "operatingExpenses": 1521625000,
    "costAndExpenses": 5728214000,
    "interestIncome": 96135000,
    "interestExpense": 190429000,
    "depreciationAndAmortization": 3033304000,
    "ebitda": 4884692000,
    "ebitdaratio": 0.6527311472,
    "operatingIncome": 1755253000,
    "operatingIncomeRatio": 0.2345507771,
    "totalOtherIncomeExpensesNet": -94294000,
    "incomeBeforeTax": 1660959000,
    "incomeBeforeTaxRatio": 0.2219504676,
    "incomeTaxExpense": 211888000,
    "netIncome": 1449071000,
    "netIncomeRatio": 0.1936363186,
    "eps": 3.27,
    "epsdiluted": 3.19,
    "weightedAverageShsOut": 442778000,
    "weightedAverageShsOutDil": 454925000,
    "link": "https://www.sec.gov/Archives/edgar/data/1065280/000106528021000363/0001065280-21-000363-index.htm",
    "finalLink": "https://www.sec.gov/Archives/edgar/data/1065280/000106528021000363/nflx-20210930.htm"
  },
  {
    "date": "2021-06-30",
    "symbol": "NFLX",
    "reportedCurrency": "USD",
    "cik": "0001065280",
    "fillingDate": "2021-07-22",
    "acceptedDate": "2021-07-22 16:02:47",
    "calendarYear": "2021",
    "period": "Q2",
    "revenue": 7341777000,
    "costOfRevenue": 4018008000,
    "grossProfit": 3323769000,
    "grossProfitRatio": 0.4527199614,
    "researchAndDevelopmentExpenses": 537321000,
    "generalAndAdministrativeExpenses": 334845000,
    "sellingAndMarketingExpenses": 603973000,
    "sellingGeneralAndAdministrativeExpenses": 938818000,
    "otherExpenses": 0,
    "operatingExpenses": 1476139000,
    "costAndExpenses": 5494147000,
    "interestIncome": 0,
    "interestExpense": 253841000,
    "depreciationAndAmortization": 2845237000,
    "ebitda": 4692867000,
    "ebitdaratio": 0.6392004279,
    "operatingIncome": 1847630000,
    "operatingIncomeRatio": 0.2516597821,
    "totalOtherIncomeExpensesNet": -253841000,
    "incomeBeforeTax": 1593789000,
    "incomeBeforeTaxRatio": 0.2170849101,
    "incomeTaxExpense": 240776000,
    "netIncome": 1353013000,
    "netIncomeRatio": 0.18428958,
    "eps": 3.05,
    "epsdiluted": 2.97,
    "weightedAverageShsOut": 443159000,
    "weightedAverageShsOutDil": 455129000,
    "link": "https://www.sec.gov/Archives/edgar/data/1065280/000106528021000250/0001065280-21-000250-index.htm",
    "finalLink": "https://www.sec.gov/Archives/edgar/data/1065280/000106528021000250/nflx-20210630.htm"
  },
  {
    "date": "2021-03-31",
    "symbol": "NFLX",
    "reportedCurrency": "USD",
    "cik": "0001065280",
    "fillingDate": "2021-04-22",
    "acceptedDate": "2021-04-22 16:02:41",
    "calendarYear": "2021",
    "period": "Q1",
    "revenue": 7163282000,
    "costOfRevenue": 3868511000,
    "grossProfit": 3294771000,
    "grossProfitRatio": 0.4599527144,
    "researchAndDevelopmentExpenses": 525207000,
    "generalAndAdministrativeExpenses": 297196000,
    "sellingAndMarketingExpenses": 512512000,
    "sellingGeneralAndAdministrativeExpenses": 809708000,
    "otherExpenses": 0,
    "operatingExpenses": 1334915000,
    "costAndExpenses": 5203426000,
    "interestIncome": 269086000,
    "interestExpense": 194440000,
    "depreciationAndAmortization": 2754937000,
    "ebitda": 4983879000,
    "ebitdaratio": 0.6957535666,
    "operatingIncome": 1959856000,
    "operatingIncomeRatio": 0.2735974934,
    "totalOtherIncomeExpensesNet": 74646000,
    "incomeBeforeTax": 2034502000,
    "incomeBeforeTaxRatio": 0.2840181358,
    "incomeTaxExpense": 327787000,
    "netIncome": 1706715000,
    "netIncomeRatio": 0.2382588037,
    "eps": 3.85,
    "epsdiluted": 3.75,
    "weightedAverageShsOut": 443224000,
    "weightedAverageShsOutDil": 455641000,
    "link": "https://www.sec.gov/Archives/edgar/data/1065280/000106528021000144/0001065280-21-000144-index.htm",
    "finalLink": "https://www.sec.gov/Archives/edgar/data/1065280/000106528021000144/nflx-20210331.htm"
  },
  {
    "date": "2020-12-31",
    "symbol": "NFLX",
    "reportedCurrency": "USD",
    "cik": "0001065280",
    "fillingDate": "2021-01-28",
    "acceptedDate": "2021-01-28 16:21:59",
    "calendarYear": "2020",
    "period": "Q4",
    "revenue": 6644442000,
    "costOfRevenue": 4165160000,
    "grossProfit": 2479282000,
    "grossProfitRatio": 0.3731362242,
    "researchAndDevelopmentExpenses": 486936000,
    "generalAndAdministrativeExpenses": 275539000,
    "sellingAndMarketingExpenses": 762565000,
    "sellingGeneralAndAdministrativeExpenses": 1038104000,
    "otherExpenses": 0,
    "operatingExpenses": 1525040000,
    "costAndExpenses": 5690200000,
    "interestIncome": 0,
    "interestExpense": 447825000,
    "depreciationAndAmortization": 3014568000,
    "ebitda": 3968810000,
    "ebitdaratio": 0.5973127616,
    "operatingIncome": 954242000,
    "operatingIncomeRatio": 0.1436150696,
    "totalOtherIncomeExpensesNet": -447825000,
    "incomeBeforeTax": 506417000,
    "incomeBeforeTaxRatio": 0.0762166334,
    "incomeTaxExpense": -35739000,
    "netIncome": 542156000,
    "netIncomeRatio": 0.0815954146,
    "eps": 1.23,
    "epsdiluted": 1.19,
    "weightedAverageShsOut": 442220000,
    "weightedAverageShsOutDil": 455283000,
    "link": "https://www.sec.gov/Archives/edgar/data/1065280/000106528021000040/0001065280-21-000040-index.htm",
    "finalLink": "https://www.sec.gov/Archives/edgar/data/1065280/000106528021000040/nflx-20201231.htm"
  },
  {
    "date": "2020-09-30",
    "symbol": "NFLX",
    "reportedCurrency": "USD",
    "cik": "0001065280",
    "fillingDate": "2020-10-22",
    "acceptedDate": "2020-10-22 16:02:00",
    "calendarYear": "2020",
    "period": "Q3",
    "revenue": 6435637000,
    "costOfRevenue": 3867751000,
    "grossProfit": 2567886000,
    "grossProfitRatio": 0.3990103855,
    "researchAndDevelopmentExpenses": 453802000,
    "generalAndAdministrativeExpenses": 271624000,
    "sellingAndMarketingExpenses": 527597000,
    "sellingGeneralAndAdministrativeExpenses": 799221000,
    "otherExpenses": 0,
    "operatingExpenses": 1253023000,
    "costAndExpenses": 5120774000,
    "interestIncome": 0,
    "interestExpense": 453403000,
    "depreciationAndAmortization": 2762332000,
    "ebitda": 4077195000,
    "ebitdaratio": 0.6335340231,
    "operatingIncome": 1314863000,
    "operatingIncomeRatio": 0.2043096899,
    "totalOtherIncomeExpensesNet": -453403000,
    "incomeBeforeTax": 861460000,
    "incomeBeforeTaxRatio": 0.1338577673,
    "incomeTaxExpense": 71484000,
    "netIncome": 789976000,
    "netIncomeRatio": 0.1227502421,
    "eps": 1.79,
    "epsdiluted": 1.74,
    "weightedAverageShsOut": 441526000,
    "weightedAverageShsOutDil": 455088000,
    "link": "https://www.sec.gov/Archives/edgar/data/1065280/000106528020000451/0001065280-20-000451-index.htm",
    "finalLink": "https://www.sec.gov/Archives/edgar/data/1065280/000106528020000451/form10qq320.htm"
  },
  {
    "date": "2020-06-30",
    "symbol": "NFLX",
    "reportedCurrency": "USD",
    "cik": "0001065280",
    "fillingDate": "2020-07-20",
    "acceptedDate": "2020-07-20 16:03:12",
    "calendarYear": "2020",
    "period": "Q2",
    "revenue": 6148286000,
    "costOfRevenue": 3643707000,
    "grossProfit": 2504579000,
    "grossProfitRatio": 0.4073621494,
    "researchAndDevelopmentExpenses": 435045000,
    "generalAndAdministrativeExpenses": 277236000,
    "sellingAndMarketingExpenses": 434370000,
    "sellingGeneralAndAdministrativeExpenses": 711606000,
    "otherExpenses": 0,
    "operatingExpenses": 1146651000,
    "costAndExpenses": 4790358000,
    "interestIncome": 0,
    "interestExpense": 322326000,
    "depreciationAndAmortization": 2633820000,
    "ebitda": 3991748000,
    "ebitdaratio": 0.6492456597,
    "operatingIncome": 1357928000,
    "operatingIncomeRatio": 0.2208628551,
    "totalOtherIncomeExpensesNet": -322326000,
    "incomeBeforeTax": 1035602000,
    "incomeBeforeTaxRatio": 0.1684375125,
    "incomeTaxExpense": 315406000,
    "netIncome": 720196000,
    "netIncomeRatio": 0.1171376868,
    "eps": 1.63,
    "epsdiluted": 1.59,
    "weightedAverageShsOut": 440569000,
    "weightedAverageShsOutDil": 453945000,
    "link": "https://www.sec.gov/Archives/edgar/data/1065280/000106528020000309/0001065280-20-000309-index.htm",
    "finalLink": "https://www.sec.gov/Archives/edgar/data/1065280/000106528020000309/form10qq220.htm"
  },
  {
    "date": "2020-03-31",
    "symbol": "NFLX",
    "reportedCurrency": "USD",
    "cik": "0001065280",
    "fillingDate": "2020-04-21",
    "acceptedDate": "2020-04-21 17:17:26",
    "calendarYear": "2020",
    "period": "Q1",
    "revenue": 5767691000,
    "costOfRevenue": 3599701000,
    "grossProfit": 2167990000,
    "grossProfitRatio": 0.3758852546,
    "researchAndDevelopmentExpenses": 453817000,
    "generalAndAdministrativeExpenses": 252087000,
    "sellingAndMarketingExpenses": 503830000,
    "sellingGeneralAndAdministrativeExpenses": 755917000,
    "otherExpenses": 0,
    "operatingExpenses": 1209734000,
    "costAndExpenses": 4809435000,
    "interestIncome": 21697000,
    "interestExpense": 184083000,
    "depreciationAndAmortization": 2511902000,
    "ebitda": 3491855000,
    "ebitdaratio": 0.6054164483,
    "operatingIncome": 958256000,
    "operatingIncomeRatio": 0.1661420489,
    "totalOtherIncomeExpensesNet": -162386000,
    "incomeBeforeTax": 795870000,
    "incomeBeforeTaxRatio": 0.137987628,
    "incomeTaxExpense": 86803000,
    "netIncome": 709067000,
    "netIncomeRatio": 0.1229377579,
    "eps": 1.61,
    "epsdiluted": 1.57,
    "weightedAverageShsOut": 439352000,
    "weightedAverageShsOutDil": 452494000,
    "link": "https://www.sec.gov/Archives/edgar/data/1065280/000106528020000155/0001065280-20-000155-index.htm",
    "finalLink": "https://www.sec.gov/Archives/edgar/data/1065280/000106528020000155/form10qq120.htm"
  },
  {
    "date": "2019-12-31",
    "symbol": "NFLX",
    "reportedCurrency": "USD",
    "cik": "0001065280",
    "fillingDate": "2020-01-29",
    "acceptedDate": "2020-01-29 16:03:25",
    "calendarYear": "2019",
    "period": "Q4",
    "revenue": 5467434000,
    "costOfRevenue": 3466023000,
    "grossProfit": 2001411000,
    "grossProfitRatio": 0.3660603859,
    "researchAndDevelopmentExpenses": 409376000,
    "generalAndAdministrativeExpenses": 254586000,
    "sellingAndMarketingExpenses": 878937000,
    "sellingGeneralAndAdministrativeExpenses": 1133523000,
    "otherExpenses": 0,
    "operatingExpenses": 1542899000,
    "costAndExpenses": 5008922000,
    "interestIncome": 0,
    "interestExpense": 309179000,
    "depreciationAndAmortization": 2584668000,
    "ebitda": 2911802000,
    "ebitdaratio": 0.5325719524,
    "operatingIncome": 458512000,
    "operatingIncomeRatio": 0.0838623749,
    "totalOtherIncomeExpensesNet": -309179000,
    "incomeBeforeTax": 149333000,
    "incomeBeforeTaxRatio": 0.0273131784,
    "incomeTaxExpense": -437637000,
    "netIncome": 586970000,
    "netIncomeRatio": 0.1073574916,
    "eps": 1.34,
    "epsdiluted": 1.3,
    "weightedAverageShsOut": 438547000,
    "weightedAverageShsOutDil": 451367000,
    "link": "https://www.sec.gov/Archives/edgar/data/1065280/000106528020000040/0001065280-20-000040-index.htm",
    "finalLink": "https://www.sec.gov/Archives/edgar/data/1065280/000106528020000040/form10kq419.htm"
  },
  {
    "date": "2019-09-30",
    "symbol": "NFLX",
    "reportedCurrency": "USD",
    "cik": "0001065280",
    "fillingDate": "2019-10-18",
    "acceptedDate": "2019-10-18 13:24:20",
    "calendarYear": "2019",
    "period": "Q3",
    "revenue": 5244905000,
    "costOfRevenue": 3097919000,
    "grossProfit": 2146986000,
    "grossProfitRatio": 0.4093469758,
    "researchAndDevelopmentExpenses": 379776000,
    "generalAndAdministrativeExpenses": 233174000,
    "sellingAndMarketingExpenses": 553797000,
    "sellingGeneralAndAdministrativeExpenses": 786971000,
    "otherExpenses": 0,
    "operatingExpenses": 1166747000,
    "costAndExpenses": 4264666000,
    "interestIncome": 192744000,
    "interestExpense": 160660000,
    "depreciationAndAmortization": 2306681000,
    "ebitda": 3479664000,
    "ebitdaratio": 0.6634369927,
    "operatingIncome": 980239000,
    "operatingIncomeRatio": 0.1868935662,
    "totalOtherIncomeExpensesNet": 32084000,
    "incomeBeforeTax": 1012323000,
    "incomeBeforeTaxRatio": 0.1930107409,
    "incomeTaxExpense": 347079000,
    "netIncome": 665244000,
    "netIncomeRatio": 0.1268362344,
    "eps": 1.52,
    "epsdiluted": 1.47,
    "weightedAverageShsOut": 438090000,
    "weightedAverageShsOutDil": 451552000,
    "link": "https://www.sec.gov/Archives/edgar/data/1065280/000106528019000368/0001065280-19-000368-index.htm",
    "finalLink": "https://www.sec.gov/Archives/edgar/data/1065280/000106528019000368/form10qq319.htm"
  },
  {
    "date": "2019-06-30",
    "symbol": "NFLX",
    "reportedCurrency": "USD",
    "cik": "0001065280",
    "fillingDate": "2019-07-19",
    "acceptedDate": "2019-07-19 16:18:58",
    "calendarYear": "2019",
    "period": "Q2",
    "revenue": 4923116000,
    "costOfRevenue": 3005657000,
    "grossProfit": 1917459000,
    "grossProfitRatio": 0.3894807679,
    "researchAndDevelopmentExpenses": 383233000,
    "generalAndAdministrativeExpenses": 224657000,
    "sellingAndMarketingExpenses": 603150000,
    "sellingGeneralAndAdministrativeExpenses": 827807000,
    "otherExpenses": 0,
    "operatingExpenses": 1211040000,
    "costAndExpenses": 4216697000,
    "interestIncome": 0,
    "interestExpense": 205503000,
    "depreciationAndAmortization": 2257411000,
    "ebitda": 2963830000,
    "ebitdaratio": 0.6020231902,
    "operatingIncome": 706419000,
    "operatingIncomeRatio": 0.1434902204,
    "totalOtherIncomeExpensesNet": -205503000,
    "incomeBeforeTax": 500916000,
    "incomeBeforeTaxRatio": 0.1017477549,
    "incomeTaxExpense": 230266000,
    "netIncome": 270650000,
    "netIncomeRatio": 0.0549753449,
    "eps": 0.62,
    "epsdiluted": 0.6,
    "weightedAverageShsOut": 437587000,
    "weightedAverageShsOutDil": 452195000,
    "link": "https://www.sec.gov/Archives/edgar/data/1065280/000106528019000260/0001065280-19-000260-index.htm",
    "finalLink": "https://www.sec.gov/Archives/edgar/data/1065280/000106528019000260/form10qq219.htm"
  },
  {
    "date": "2019-03-31",
    "symbol": "NFLX",
    "reportedCurrency": "USD",
    "cik": "0001065280",
    "fillingDate": "2019-04-18",
    "acceptedDate": "2019-04-18 17:12:02",
    "calendarYear": "2019",
    "period": "Q1",
    "revenue": 4520992000,
    "costOfRevenue": 2870614000,
    "grossProfit": 1650378000,
    "grossProfitRatio": 0.3650477594,
    "researchAndDevelopmentExpenses": 372764000,
    "generalAndAdministrativeExpenses": 201952000,
    "sellingAndMarketingExpenses": 616578000,
    "sellingGeneralAndAdministrativeExpenses": 818530000,
    "otherExpenses": 0,
    "operatingExpenses": 1191294000,
    "costAndExpenses": 4061908000,
    "interestIncome": 76104000,
    "interestExpense": 135529000,
    "depreciationAndAmortization": 2148247000,
    "ebitda": 2683435000,
    "ebitdaratio": 0.5935500439,
    "operatingIncome": 459084000,
    "operatingIncomeRatio": 0.1015449707,
    "totalOtherIncomeExpensesNet": -59425000,
    "incomeBeforeTax": 399659000,
    "incomeBeforeTaxRatio": 0.0884007315,
    "incomeTaxExpense": 55607000,
    "netIncome": 344052000,
    "netIncomeRatio": 0.0761009973,
    "eps": 0.79,
    "epsdiluted": 0.76,
    "weightedAverageShsOut": 436947000,
    "weightedAverageShsOutDil": 451922000,
    "link": "https://www.sec.gov/Archives/edgar/data/1065280/000106528019000157/0001065280-19-000157-index.htm",
    "finalLink": "https://www.sec.gov/Archives/edgar/data/1065280/000106528019000157/form10q_q119.htm"
  },
  {
    "date": "2018-12-31",
    "symbol": "NFLX",
    "reportedCurrency": "USD",
    "cik": "0001065280",
    "fillingDate": "2019-01-29",
    "acceptedDate": "2019-01-29 17:12:16",
    "calendarYear": "2018",
    "period": "Q4",
    "revenue": 4186841000,
    "costOfRevenue": 2733400000,
    "grossProfit": 1453441000,
    "grossProfitRatio": 0.3471450194,
    "researchAndDevelopmentExpenses": 331789000,
    "generalAndAdministrativeExpenses": 175530000,
    "sellingAndMarketingExpenses": 730355000,
    "sellingGeneralAndAdministrativeExpenses": 905885000,
    "otherExpenses": 0,
    "operatingExpenses": 1237674000,
    "costAndExpenses": 3971074000,
    "interestIncome": 32436000,
    "interestExpense": 128807000,
    "depreciationAndAmortization": 2085844000,
    "ebitda": 2334047000,
    "ebitdaratio": 0.5574720893,
    "operatingIncome": 215767000,
    "operatingIncomeRatio": 0.0515345579,
    "totalOtherIncomeExpensesNet": -96371000,
    "incomeBeforeTax": 119396000,
    "incomeBeforeTaxRatio": 0.0285169654,
    "incomeTaxExpense": -14538000,
    "netIncome": 133934000,
    "netIncomeRatio": 0.0319892731,
    "eps": 0.31,
    "epsdiluted": 0.3,
    "weightedAverageShsOut": 436385000,
    "weightedAverageShsOutDil": 451116000,
    "link": "https://www.sec.gov/Archives/edgar/data/1065280/000106528019000043/0001065280-19-000043-index.htm",
    "finalLink": "https://www.sec.gov/Archives/edgar/data/1065280/000106528019000043/form10k_q418.htm"
  },
  {
    "date": "2018-09-30",
    "symbol": "NFLX",
    "reportedCurrency": "USD",
    "cik": "0001065280",
    "fillingDate": "2018-10-18",
    "acceptedDate": "2018-10-18 17:29:32",
    "calendarYear": "2018",
    "period": "Q3",
    "revenue": 3999374000,
    "costOfRevenue": 2412346000,
    "grossProfit": 1587028000,
    "grossProfitRatio": 0.3968191022,
    "researchAndDevelopmentExpenses": 327026000,
    "generalAndAdministrativeExpenses": 344065000,
    "sellingAndMarketingExpenses": 435269000,
    "sellingGeneralAndAdministrativeExpenses": 779334000,
    "otherExpenses": 0,
    "operatingExpenses": 1106360000,
    "costAndExpenses": 3518706000,
    "interestIncome": 7004000,
    "interestExpense": 108862000,
    "depreciationAndAmortization": 1942887000,
    "ebitda": 2430559000,
    "ebitdaratio": 0.6077348605,
    "operatingIncome": 480668000,
    "operatingIncomeRatio": 0.1201858091,
    "totalOtherIncomeExpensesNet": -101858000,
    "incomeBeforeTax": 378810000,
    "incomeBeforeTaxRatio": 0.0947173233,
    "incomeTaxExpense": -24025000,
    "netIncome": 402835000,
    "netIncomeRatio": 0.1007245134,
    "eps": 0.92,
    "epsdiluted": 0.89,
    "weightedAverageShsOut": 435809000,
    "weightedAverageShsOutDil": 451919000,
    "link": "https://www.sec.gov/Archives/edgar/data/1065280/000106528018000538/0001065280-18-000538-index.htm",
    "finalLink": "https://www.sec.gov/Archives/edgar/data/1065280/000106528018000538/nflx-093018x10qxdoc.htm"
  },
  {
    "date": "2018-06-30",
    "symbol": "NFLX",
    "reportedCurrency": "USD",
    "cik": "0001065280",
    "fillingDate": "2018-07-18",
    "acceptedDate": "2018-07-18 16:07:21",
    "calendarYear": "2018",
    "period": "Q2",
    "revenue": 3907270000,
    "costOfRevenue": 2289867000,
    "grossProfit": 1617403000,
    "grossProfitRatio": 0.4139470781,
    "researchAndDevelopmentExpenses": 317213000,
    "generalAndAdministrativeExpenses": 311197000,
    "sellingAndMarketingExpenses": 526780000,
    "sellingGeneralAndAdministrativeExpenses": 837977000,
    "otherExpenses": 0,
    "operatingExpenses": 1155190000,
    "costAndExpenses": 3445057000,
    "interestIncome": 68028000,
    "interestExpense": 101605000,
    "depreciationAndAmortization": 1848707000,
    "ebitda": 2378948000,
    "ebitdaratio": 0.6088517046,
    "operatingIncome": 462213000,
    "operatingIncomeRatio": 0.1182956386,
    "totalOtherIncomeExpensesNet": -33577000,
    "incomeBeforeTax": 428636000,
    "incomeBeforeTaxRatio": 0.1097021706,
    "incomeTaxExpense": 44287000,
    "netIncome": 384349000,
    "netIncomeRatio": 0.0983676582,
    "eps": 0.88,
    "epsdiluted": 0.85,
    "weightedAverageShsOut": 435097000,
    "weightedAverageShsOutDil": 451552000,
    "link": "https://www.sec.gov/Archives/edgar/data/1065280/000106528018000360/0001065280-18-000360-index.htm",
    "finalLink": "https://www.sec.gov/Archives/edgar/data/1065280/000106528018000360/nflx-063018x10qxdoc.htm"
  },
  {
    "date": "2018-03-31",
    "symbol": "NFLX",
    "reportedCurrency": "USD",
    "cik": "0001065280",
    "fillingDate": "2018-04-18",
    "acceptedDate": "2018-04-18 16:13:58",
    "calendarYear": "2018",
    "period": "Q1",
    "revenue": 3700856000,
    "costOfRevenue": 2196075000,
    "grossProfit": 1504781000,
    "grossProfitRatio": 0.4066034993,
    "researchAndDevelopmentExpenses": 300730000,
    "generalAndAdministrativeExpenses": 278251000,
    "sellingAndMarketingExpenses": 479222000,
    "sellingGeneralAndAdministrativeExpenses": 757473000,
    "otherExpenses": 0,
    "operatingExpenses": 1058203000,
    "costAndExpenses": 3254278000,
    "interestIncome": 0,
    "interestExpense": 146962000,
    "depreciationAndAmortization": 1779019000,
    "ebitda": 2225597000,
    "ebitdaratio": 0.6013735741,
    "operatingIncome": 446578000,
    "operatingIncomeRatio": 0.1206688399,
    "totalOtherIncomeExpensesNet": -146962000,
    "incomeBeforeTax": 299616000,
    "incomeBeforeTaxRatio": 0.0809585674,
    "incomeTaxExpense": 9492000,
    "netIncome": 290124000,
    "netIncomeRatio": 0.0783937554,
    "eps": 0.67,
    "epsdiluted": 0.64,
    "weightedAverageShsOut": 434174000,
    "weightedAverageShsOutDil": 450359000,
    "link": "https://www.sec.gov/Archives/edgar/data/1065280/000106528018000205/0001065280-18-000205-index.htm",
    "finalLink": "https://www.sec.gov/Archives/edgar/data/1065280/000106528018000205/nflx-033118x10qxdoc.htm"
  },
  {
    "date": "2017-12-31",
    "symbol": "NFLX",
    "reportedCurrency": "USD",
    "cik": "0001065280",
    "fillingDate": "2018-01-29",
    "acceptedDate": "2018-01-29 17:29:30",
    "calendarYear": "2017",
    "period": "Q4",
    "revenue": 3285755000,
    "costOfRevenue": 2107354000,
    "grossProfit": 1178401000,
    "grossProfitRatio": 0.3586393386,
    "researchAndDevelopmentExpenses": 273351000,
    "generalAndAdministrativeExpenses": 239808000,
    "sellingAndMarketingExpenses": 419939000,
    "sellingGeneralAndAdministrativeExpenses": 659747000,
    "otherExpenses": 0,
    "operatingExpenses": 933098000,
    "costAndExpenses": 3040452000,
    "interestIncome": 0,
    "interestExpense": 113973000,
    "depreciationAndAmortization": 1745225000,
    "ebitda": 1990528000,
    "ebitdaratio": 0.6058053628,
    "operatingIncome": 245303000,
    "operatingIncomeRatio": 0.0746565097,
    "totalOtherIncomeExpensesNet": -113973000,
    "incomeBeforeTax": 131330000,
    "incomeBeforeTaxRatio": 0.0399695047,
    "incomeTaxExpense": -54187000,
    "netIncome": 185517000,
    "netIncomeRatio": 0.056460996,
    "eps": 0.43,
    "epsdiluted": 0.41,
    "weightedAverageShsOut": 433108000,
    "weightedAverageShsOutDil": 448142000,
    "link": "https://www.sec.gov/Archives/edgar/data/1065280/000106528018000069/0001065280-18-000069-index.htm",
    "finalLink": "https://www.sec.gov/Archives/edgar/data/1065280/000106528018000069/q4nflx201710k.htm"
  },
  {
    "date": "2017-09-30",
    "symbol": "NFLX",
    "reportedCurrency": "USD",
    "cik": "0001065280",
    "fillingDate": "2017-10-18",
    "acceptedDate": "2017-10-18 16:27:55",
    "calendarYear": "2017",
    "period": "Q3",
    "revenue": 2984859000,
    "costOfRevenue": 1992980000,
    "grossProfit": 991879000,
    "grossProfitRatio": 0.3323034689,
    "researchAndDevelopmentExpenses": 255236000,
    "generalAndAdministrativeExpenses": 215526000,
    "sellingAndMarketingExpenses": 312490000,
    "sellingGeneralAndAdministrativeExpenses": 528016000,
    "otherExpenses": 0,
    "operatingExpenses": 783252000,
    "costAndExpenses": 2776232000,
    "interestIncome": 0,
    "interestExpense": 92390000,
    "depreciationAndAmortization": 1659974000,
    "ebitda": 1868601000,
    "ebitdaratio": 0.626026556,
    "operatingIncome": 208627000,
    "operatingIncomeRatio": 0.0698950939,
    "totalOtherIncomeExpensesNet": -92390000,
    "incomeBeforeTax": 116237000,
    "incomeBeforeTaxRatio": 0.038942208,
    "incomeTaxExpense": -13353000,
    "netIncome": 129590000,
    "netIncomeRatio": 0.0434157861,
    "eps": 0.3,
    "epsdiluted": 0.29,
    "weightedAverageShsOut": 432404000,
    "weightedAverageShsOutDil": 447362000,
    "link": "https://www.sec.gov/Archives/edgar/data/1065280/000106528017000180/0001065280-17-000180-index.htm",
    "finalLink": "https://www.sec.gov/Archives/edgar/data/1065280/000106528017000180/nflx-093017x10qxdoc.htm"
  },
  {
    "date": "2017-06-30",
    "symbol": "NFLX",
    "reportedCurrency": "USD",
    "cik": "0001065280",
    "fillingDate": "2017-07-19",
    "acceptedDate": "2017-07-19 15:12:52",
    "calendarYear": "2017",
    "period": "Q2",
    "revenue": 2785464000,
    "costOfRevenue": 1902308000,
    "grossProfit": 883156000,
    "grossProfitRatio": 0.3170588455,
    "researchAndDevelopmentExpenses": 267083000,
    "generalAndAdministrativeExpenses": 213943000,
    "sellingAndMarketingExpenses": 274323000,
    "sellingGeneralAndAdministrativeExpenses": 488266000,
    "otherExpenses": 0,
    "operatingExpenses": 755349000,
    "costAndExpenses": 2657657000,
    "interestIncome": 0,
    "interestExpense": 113845000,
    "depreciationAndAmortization": 1585856000,
    "ebitda": 1713663000,
    "ebitdaratio": 0.6152163517,
    "operatingIncome": 127807000,
    "operatingIncomeRatio": 0.0458835584,
    "totalOtherIncomeExpensesNet": -113845000,
    "incomeBeforeTax": 13962000,
    "incomeBeforeTaxRatio": 0.0050124503,
    "incomeTaxExpense": -51638000,
    "netIncome": 65600000,
    "netIncomeRatio": 0.0235508339,
    "eps": 0.15,
    "epsdiluted": 0.15,
    "weightedAverageShsOut": 431396000,
    "weightedAverageShsOutDil": 446262000,
    "link": "https://www.sec.gov/Archives/edgar/data/1065280/000106528017000046/0001065280-17-000046-index.htm",
    "finalLink": "https://www.sec.gov/Archives/edgar/data/1065280/000106528017000046/nflx-063017x10qxdoc.htm"
  },
  {
    "date": "2017-03-31",
    "symbol": "NFLX",
    "reportedCurrency": "USD",
    "cik": "0001065280",
    "fillingDate": "2017-04-20",
    "acceptedDate": "2017-04-19 21:10:08",
    "calendarYear": "2017",
    "period": "Q1",
    "revenue": 2636635000,
    "costOfRevenue": 1657024000,
    "grossProfit": 979611000,
    "grossProfitRatio": 0.3715383434,
    "researchAndDevelopmentExpenses": 257108000,
    "generalAndAdministrativeExpenses": 194291000,
    "sellingAndMarketingExpenses": 271270000,
    "sellingGeneralAndAdministrativeExpenses": 465561000,
    "otherExpenses": 0,
    "operatingExpenses": 722669000,
    "costAndExpenses": 2379693000,
    "interestIncome": 13592000,
    "interestExpense": 46742000,
    "depreciationAndAmortization": 1339330000,
    "ebitda": 1609864000,
    "ebitdaratio": 0.6105752218,
    "operatingIncome": 256942000,
    "operatingIncomeRatio": 0.0974507279,
    "totalOtherIncomeExpensesNet": -33150000,
    "incomeBeforeTax": 223792000,
    "incomeBeforeTaxRatio": 0.0848778841,
    "incomeTaxExpense": 45570000,
    "netIncome": 178222000,
    "netIncomeRatio": 0.0675944907,
    "eps": 0.41,
    "epsdiluted": 0.4,
    "weightedAverageShsOut": 430600000,
    "weightedAverageShsOutDil": 445458000,
    "link": "https://www.sec.gov/Archives/edgar/data/1065280/000162828017003939/0001628280-17-003939-index.htm",
    "finalLink": "https://www.sec.gov/Archives/edgar/data/1065280/000162828017003939/nflx-033117x10qxdoc.htm"
  },
  {
    "date": "2016-12-31",
    "symbol": "NFLX",
    "reportedCurrency": "USD",
    "cik": "0001065280",
    "fillingDate": "2017-01-27",
    "acceptedDate": "2017-01-27 15:44:46",
    "calendarYear": "2016",
    "period": "Q4",
    "revenue": 2477541000,
    "costOfRevenue": 1654419000,
    "grossProfit": 823122000,
    "grossProfitRatio": 0.3322334524,
    "researchAndDevelopmentExpenses": 225191000,
    "generalAndAdministrativeExpenses": 159001000,
    "sellingAndMarketingExpenses": 284996000,
    "sellingGeneralAndAdministrativeExpenses": 443997000,
    "otherExpenses": 0,
    "operatingExpenses": 669188000,
    "costAndExpenses": 2323607000,
    "interestIncome": 0,
    "interestExpense": 63665000,
    "depreciationAndAmortization": 1363903000,
    "ebitda": 1497758000,
    "ebitdaratio": 0.6045340925,
    "operatingIncome": 153934000,
    "operatingIncomeRatio": 0.0621317669,
    "totalOtherIncomeExpensesNet": -63665000,
    "incomeBeforeTax": 90269000,
    "incomeBeforeTaxRatio": 0.0364349167,
    "incomeTaxExpense": 23521000,
    "netIncome": 66748000,
    "netIncomeRatio": 0.0269412292,
    "eps": 0.16,
    "epsdiluted": 0.15,
    "weightedAverageShsOut": 429738000,
    "weightedAverageShsOutDil": 440063000,
    "link": "https://www.sec.gov/Archives/edgar/data/1065280/000162828017000496/0001628280-17-000496-index.htm",
    "finalLink": "https://www.sec.gov/Archives/edgar/data/1065280/000162828017000496/nflx201610k.htm"
  },
  {
    "date": "2016-09-30",
    "symbol": "NFLX",
    "reportedCurrency": "USD",
    "cik": "0001065280",
    "fillingDate": "2016-10-20",
    "acceptedDate": "2016-10-19 17:46:52",
    "calendarYear": "2016",
    "period": "Q3",
    "revenue": 2290188000,
    "costOfRevenue": 1532844000,
    "grossProfit": 757344000,
    "grossProfitRatio": 0.3306907555,
    "researchAndDevelopmentExpenses": 216099000,
    "generalAndAdministrativeExpenses": 153166000,
    "sellingAndMarketingExpenses": 282043000,
    "sellingGeneralAndAdministrativeExpenses": 435209000,
    "otherExpenses": 0,
    "operatingExpenses": 651308000,
    "costAndExpenses": 2184152000,
    "interestIncome": 8627000,
    "interestExpense": 35536000,
    "depreciationAndAmortization": 1257802000,
    "ebitda": 1372465000,
    "ebitdaratio": 0.5992804957,
    "operatingIncome": 106036000,
    "operatingIncomeRatio": 0.0463001291,
    "totalOtherIncomeExpensesNet": -26909000,
    "incomeBeforeTax": 79127000,
    "incomeBeforeTaxRatio": 0.0345504387,
    "incomeTaxExpense": 27610000,
    "netIncome": 51517000,
    "netIncomeRatio": 0.0224946598,
    "eps": 0.12,
    "epsdiluted": 0.12,
    "weightedAverageShsOut": 428937000,
    "weightedAverageShsOutDil": 438389000,
    "link": "https://www.sec.gov/Archives/edgar/data/1065280/000106528016000081/0001065280-16-000081-index.htm",
    "finalLink": "https://www.sec.gov/Archives/edgar/data/1065280/000106528016000081/nflx-93016x10qxdoc.htm"
  },
  {
    "date": "2016-06-30",
    "symbol": "NFLX",
    "reportedCurrency": "USD",
    "cik": "0001065280",
    "fillingDate": "2016-07-19",
    "acceptedDate": "2016-07-19 17:32:08",
    "calendarYear": "2016",
    "period": "Q2",
    "revenue": 2105204000,
    "costOfRevenue": 1473098000,
    "grossProfit": 632106000,
    "grossProfitRatio": 0.3002587873,
    "researchAndDevelopmentExpenses": 207300000,
    "generalAndAdministrativeExpenses": 138407000,
    "sellingAndMarketingExpenses": 216029000,
    "sellingGeneralAndAdministrativeExpenses": 354436000,
    "otherExpenses": 0,
    "operatingExpenses": 561736000,
    "costAndExpenses": 2034834000,
    "interestIncome": 16317000,
    "interestExpense": 35455000,
    "depreciationAndAmortization": 1209513000,
    "ebitda": 1296200000,
    "ebitdaratio": 0.6157123015,
    "operatingIncome": 70370000,
    "operatingIncomeRatio": 0.0334266893,
    "totalOtherIncomeExpensesNet": -19138000,
    "incomeBeforeTax": 51232000,
    "incomeBeforeTaxRatio": 0.0243358838,
    "incomeTaxExpense": 10477000,
    "netIncome": 40755000,
    "netIncomeRatio": 0.019359169,
    "eps": 0.0951,
    "epsdiluted": 0.093,
    "weightedAverageShsOut": 428483000,
    "weightedAverageShsOutDil": 438154000,
    "link": "https://www.sec.gov/Archives/edgar/data/1065280/000106528016000072/0001065280-16-000072-index.htm",
    "finalLink": "https://www.sec.gov/Archives/edgar/data/1065280/000106528016000072/nflx-63016x10qxdoc.htm"
  },
  {
    "date": "2016-03-31",
    "symbol": "NFLX",
    "reportedCurrency": "USD",
    "cik": "0001065280",
    "fillingDate": "2016-04-20",
    "acceptedDate": "2016-04-20 14:14:37",
    "calendarYear": "2016",
    "period": "Q1",
    "revenue": 1957736000,
    "costOfRevenue": 1369540000,
    "grossProfit": 588196000,
    "grossProfitRatio": 0.300447047,
    "researchAndDevelopmentExpenses": 203508000,
    "generalAndAdministrativeExpenses": 127225000,
    "sellingAndMarketingExpenses": 208010000,
    "sellingGeneralAndAdministrativeExpenses": 335235000,
    "otherExpenses": 0,
    "operatingExpenses": 538743000,
    "costAndExpenses": 1908283000,
    "interestIncome": 25963000,
    "interestExpense": 35537000,
    "depreciationAndAmortization": 1093760000,
    "ebitda": 1169176000,
    "ebitdaratio": 0.5972082038,
    "operatingIncome": 49453000,
    "operatingIncomeRatio": 0.0252603007,
    "totalOtherIncomeExpensesNet": -9574000,
    "incomeBeforeTax": 39879000,
    "incomeBeforeTaxRatio": 0.020369958,
    "incomeTaxExpense": 12221000,
    "netIncome": 27658000,
    "netIncomeRatio": 0.0141275432,
    "eps": 0.0646,
    "epsdiluted": 0.0631,
    "weightedAverageShsOut": 428117000,
    "weightedAverageShsOutDil": 437993000,
    "link": "https://www.sec.gov/Archives/edgar/data/1065280/000106528016000057/0001065280-16-000057-index.htm",
    "finalLink": "https://www.sec.gov/Archives/edgar/data/1065280/000106528016000057/nflx-33116x10qxdoc.htm"
  },
  {
    "date": "2015-12-31",
    "symbol": "NFLX",
    "reportedCurrency": "USD",
    "cik": "0001065280",
    "fillingDate": "2016-01-28",
    "acceptedDate": "2016-01-28 14:55:13",
    "calendarYear": "2015",
    "period": "Q4",
    "revenue": 1823333000,
    "costOfRevenue": 1249365000,
    "grossProfit": 573968000,
    "grossProfitRatio": 0.3147905512,
    "researchAndDevelopmentExpenses": 180859000,
    "generalAndAdministrativeExpenses": 109042000,
    "sellingAndMarketingExpenses": 224173000,
    "sellingGeneralAndAdministrativeExpenses": 333215000,
    "otherExpenses": 0,
    "operatingExpenses": 514074000,
    "costAndExpenses": 1763439000,
    "interestIncome": 0,
    "interestExpense": 39163000,
    "depreciationAndAmortization": 996142000,
    "ebitda": 1056036000,
    "ebitdaratio": 0.5791788993,
    "operatingIncome": 59894000,
    "operatingIncomeRatio": 0.0328486349,
    "totalOtherIncomeExpensesNet": -39163000,
    "incomeBeforeTax": 20731000,
    "incomeBeforeTaxRatio": 0.0113698375,
    "incomeTaxExpense": -22447000,
    "netIncome": 43178000,
    "netIncomeRatio": 0.0236808087,
    "eps": 0.1,
    "epsdiluted": 0.0985,
    "weightedAverageShsOut": 427668000,
    "weightedAverageShsOutDil": 438257000,
    "link": "https://www.sec.gov/Archives/edgar/data/1065280/000106528016000047/0001065280-16-000047-index.htm",
    "finalLink": "https://www.sec.gov/Archives/edgar/data/1065280/000106528016000047/nflx201510k.htm"
  },
  {
    "date": "2015-09-30",
    "symbol": "NFLX",
    "reportedCurrency": "USD",
    "cik": "0001065280",
    "fillingDate": "2015-10-16",
    "acceptedDate": "2015-10-16 15:45:29",
    "calendarYear": "2015",
    "period": "Q3",
    "revenue": 1738355000,
    "costOfRevenue": 1173958000,
    "grossProfit": 564397000,
    "grossProfitRatio": 0.3246730386,
    "researchAndDevelopmentExpenses": 171762000,
    "generalAndAdministrativeExpenses": 110892000,
    "sellingAndMarketingExpenses": 208102000,
    "sellingGeneralAndAdministrativeExpenses": 318994000,
    "otherExpenses": 0,
    "operatingExpenses": 490756000,
    "costAndExpenses": 1664714000,
    "interestIncome": 3930000,
    "interestExpense": 35333000,
    "depreciationAndAmortization": 906039000,
    "ebitda": 983610000,
    "ebitdaratio": 0.5658280386,
    "operatingIncome": 73641000,
    "operatingIncomeRatio": 0.0423624634,
    "totalOtherIncomeExpensesNet": -31403000,
    "incomeBeforeTax": 42238000,
    "incomeBeforeTaxRatio": 0.0242976837,
    "incomeTaxExpense": 12806000,
    "netIncome": 29432000,
    "netIncomeRatio": 0.0169309491,
    "eps": 0.0689,
    "epsdiluted": 0.0673,
    "weightedAverageShsOut": 426869000,
    "weightedAverageShsOutDil": 437606000,
    "link": "https://www.sec.gov/Archives/edgar/data/1065280/000106528015000038/0001065280-15-000038-index.htm",
    "finalLink": "https://www.sec.gov/Archives/edgar/data/1065280/000106528015000038/nflx-093015x10qxdoc.htm"
  },
  {
    "date": "2015-06-30",
    "symbol": "NFLX",
    "reportedCurrency": "USD",
    "cik": "0001065280",
    "fillingDate": "2015-07-17",
    "acceptedDate": "2015-07-17 16:08:16",
    "calendarYear": "2015",
    "period": "Q2",
    "revenue": 1644694000,
    "costOfRevenue": 1121752000,
    "grossProfit": 522942000,
    "grossProfitRatio": 0.3179570181,
    "researchAndDevelopmentExpenses": 155061000,
    "generalAndAdministrativeExpenses": 95906000,
    "sellingAndMarketingExpenses": 197140000,
    "sellingGeneralAndAdministrativeExpenses": 293046000,
    "otherExpenses": 0,
    "operatingExpenses": 448107000,
    "costAndExpenses": 1569859000,
    "interestIncome": 872000,
    "interestExpense": 35217000,
    "depreciationAndAmortization": 858994000,
    "ebitda": 934701000,
    "ebitdaratio": 0.5683130114,
    "operatingIncome": 74835000,
    "operatingIncomeRatio": 0.0455008652,
    "totalOtherIncomeExpensesNet": -34345000,
    "incomeBeforeTax": 40490000,
    "incomeBeforeTaxRatio": 0.0246185613,
    "incomeTaxExpense": 14155000,
    "netIncome": 26335000,
    "netIncomeRatio": 0.0160120971,
    "eps": 0.0619,
    "epsdiluted": 0.0604,
    "weightedAverageShsOut": 425339999,
    "weightedAverageShsOutDil": 436096999,
    "link": "https://www.sec.gov/Archives/edgar/data/1065280/000106528015000031/0001065280-15-000031-index.htm",
    "finalLink": "https://www.sec.gov/Archives/edgar/data/1065280/000106528015000031/nflx-063015x10qxdoc.htm"
  },
  {
    "date": "2015-03-31",
    "symbol": "NFLX",
    "reportedCurrency": "USD",
    "cik": "0001065280",
    "fillingDate": "2015-04-17",
    "acceptedDate": "2015-04-17 16:55:12",
    "calendarYear": "2015",
    "period": "Q1",
    "revenue": 1573129000,
    "costOfRevenue": 1046401000,
    "grossProfit": 526728000,
    "grossProfitRatio": 0.3348282309,
    "researchAndDevelopmentExpenses": 143106000,
    "generalAndAdministrativeExpenses": 91489000,
    "sellingAndMarketingExpenses": 194677000,
    "sellingGeneralAndAdministrativeExpenses": 286166000,
    "otherExpenses": 0,
    "operatingExpenses": 429272000,
    "costAndExpenses": 1475673000,
    "interestIncome": 0,
    "interestExpense": 59030000,
    "depreciationAndAmortization": 785870000,
    "ebitda": 883326000,
    "ebitdaratio": 0.5615089417,
    "operatingIncome": 97456000,
    "operatingIncomeRatio": 0.0619504186,
    "totalOtherIncomeExpensesNet": -59030000,
    "incomeBeforeTax": 38426000,
    "incomeBeforeTaxRatio": 0.0244264774,
    "incomeTaxExpense": 14730000,
    "netIncome": 23696000,
    "netIncomeRatio": 0.0150629732,
    "eps": 0.0559,
    "epsdiluted": 0.0546,
    "weightedAverageShsOut": 423626000,
    "weightedAverageShsOutDil": 433811000,
    "link": "https://www.sec.gov/Archives/edgar/data/1065280/000106528015000017/0001065280-15-000017-index.htm",
    "finalLink": "https://www.sec.gov/Archives/edgar/data/1065280/000106528015000017/nflx-033115x10qxdoc.htm"
  },
  {
    "date": "2014-12-31",
    "symbol": "NFLX",
    "reportedCurrency": "USD",
    "cik": "0001065280",
    "fillingDate": "2015-01-29",
    "acceptedDate": "2015-01-29 13:55:40",
    "calendarYear": "2014",
    "period": "Q4",
    "revenue": 1484728000,
    "costOfRevenue": 1014332000,
    "grossProfit": 470396000,
    "grossProfitRatio": 0.316823014,
    "researchAndDevelopmentExpenses": 125876000,
    "generalAndAdministrativeExpenses": 75803000,
    "sellingAndMarketingExpenses": 203671000,
    "sellingGeneralAndAdministrativeExpenses": 279474000,
    "otherExpenses": 0,
    "operatingExpenses": 405350000,
    "costAndExpenses": 1419682000,
    "interestIncome": 0,
    "interestExpense": 19530000,
    "depreciationAndAmortization": 764843000,
    "ebitda": 826772000,
    "ebitdaratio": 0.5568508171,
    "operatingIncome": 65046000,
    "operatingIncomeRatio": 0.0438100447,
    "totalOtherIncomeExpensesNet": -19530000,
    "incomeBeforeTax": 45516000,
    "incomeBeforeTaxRatio": 0.0306561202,
    "incomeTaxExpense": -37855000,
    "netIncome": 83371000,
    "netIncomeRatio": 0.0561523727,
    "eps": 0.2,
    "epsdiluted": 0.19,
    "weightedAverageShsOut": 422247000,
    "weightedAverageShsOutDil": 432516000,
    "link": "https://www.sec.gov/Archives/edgar/data/1065280/000106528015000006/0001065280-15-000006-index.htm",
    "finalLink": "https://www.sec.gov/Archives/edgar/data/1065280/000106528015000006/nflx201410k.htm"
  },
  {
    "date": "2014-09-30",
    "symbol": "NFLX",
    "reportedCurrency": "USD",
    "cik": "0001065280",
    "fillingDate": "2014-10-20",
    "acceptedDate": "2014-10-20 16:19:49",
    "calendarYear": "2014",
    "period": "Q3",
    "revenue": 1409432000,
    "costOfRevenue": 954394000,
    "grossProfit": 455038000,
    "grossProfitRatio": 0.3228520425,
    "researchAndDevelopmentExpenses": 120953000,
    "generalAndAdministrativeExpenses": 78024000,
    "sellingAndMarketingExpenses": 145654000,
    "sellingGeneralAndAdministrativeExpenses": 223678000,
    "otherExpenses": 0,
    "operatingExpenses": 344631000,
    "costAndExpenses": 1299025000,
    "interestIncome": 616000,
    "interestExpense": 13486000,
    "depreciationAndAmortization": 718780000,
    "ebitda": 829803000,
    "ebitdaratio": 0.5887499361,
    "operatingIncome": 110407000,
    "operatingIncomeRatio": 0.0783343929,
    "totalOtherIncomeExpensesNet": -12870000,
    "incomeBeforeTax": 97537000,
    "incomeBeforeTaxRatio": 0.0692030548,
    "incomeTaxExpense": 38242000,
    "netIncome": 59295000,
    "netIncomeRatio": 0.0420701389,
    "eps": 0.14,
    "epsdiluted": 0.14,
    "weightedAverageShsOut": 421197000,
    "weightedAverageShsOutDil": 432740000,
    "link": "https://www.sec.gov/Archives/edgar/data/1065280/000106528014000028/0001065280-14-000028-index.htm",
    "finalLink": "https://www.sec.gov/Archives/edgar/data/1065280/000106528014000028/nflx-9301410qdoc.htm"
  },
  {
    "date": "2014-06-30",
    "symbol": "NFLX",
    "reportedCurrency": "USD",
    "cik": "0001065280",
    "fillingDate": "2014-07-22",
    "acceptedDate": "2014-07-22 16:46:36",
    "calendarYear": "2014",
    "period": "Q2",
    "revenue": 1340407000,
    "costOfRevenue": 914848000,
    "grossProfit": 425559000,
    "grossProfitRatio": 0.3174849132,
    "researchAndDevelopmentExpenses": 115182000,
    "generalAndAdministrativeExpenses": 60014000,
    "sellingAndMarketingExpenses": 120763000,
    "sellingGeneralAndAdministrativeExpenses": 180777000,
    "otherExpenses": 0,
    "operatingExpenses": 295959000,
    "costAndExpenses": 1210807000,
    "interestIncome": 1100000,
    "interestExpense": 13328000,
    "depreciationAndAmortization": 668937000,
    "ebitda": 799637000,
    "ebitdaratio": 0.596562835,
    "operatingIncome": 129600000,
    "operatingIncomeRatio": 0.096687051,
    "totalOtherIncomeExpensesNet": -12228000,
    "incomeBeforeTax": 117372000,
    "incomeBeforeTaxRatio": 0.0875644487,
    "incomeTaxExpense": 46354000,
    "netIncome": 71018000,
    "netIncomeRatio": 0.052982415,
    "eps": 0.17,
    "epsdiluted": 0.16,
    "weightedAverageShsOut": 419972000,
    "weightedAverageShsOutDil": 431438000,
    "link": "https://www.sec.gov/Archives/edgar/data/1065280/000106528014000021/0001065280-14-000021-index.htm",
    "finalLink": "https://www.sec.gov/Archives/edgar/data/1065280/000106528014000021/nflx-63014x10qxdoc.htm"
  },
  {
    "date": "2014-03-31",
    "symbol": "NFLX",
    "reportedCurrency": "USD",
    "cik": "0001065280",
    "fillingDate": "2014-04-23",
    "acceptedDate": "2014-04-23 16:08:45",
    "calendarYear": "2014",
    "period": "Q1",
    "revenue": 1270089000,
    "costOfRevenue": 869186000,
    "grossProfit": 400903000,
    "grossProfitRatio": 0.3156495332,
    "researchAndDevelopmentExpenses": 110310000,
    "generalAndAdministrativeExpenses": 55900000,
    "sellingAndMarketingExpenses": 137098000,
    "sellingGeneralAndAdministrativeExpenses": 192998000,
    "otherExpenses": 0,
    "operatingExpenses": 303308000,
    "costAndExpenses": 1172494000,
    "interestIncome": 1401000,
    "interestExpense": 10052000,
    "depreciationAndAmortization": 629238000,
    "ebitda": 728234000,
    "ebitdaratio": 0.5733724172,
    "operatingIncome": 97595000,
    "operatingIncomeRatio": 0.0768410718,
    "totalOtherIncomeExpensesNet": -8651000,
    "incomeBeforeTax": 88944000,
    "incomeBeforeTaxRatio": 0.0700297381,
    "incomeTaxExpense": 35829000,
    "netIncome": 53115000,
    "netIncomeRatio": 0.041819904,
    "eps": 0.13,
    "epsdiluted": 0.12,
    "weightedAverageShsOut": 418719000,
    "weightedAverageShsOutDil": 430836000,
    "link": "https://www.sec.gov/Archives/edgar/data/1065280/000106528014000012/0001065280-14-000012-index.htm",
    "finalLink": "https://www.sec.gov/Archives/edgar/data/1065280/000106528014000012/nflx-33114x10qxdoc.htm"
  },
  {
    "date": "2013-12-31",
    "symbol": "NFLX",
    "reportedCurrency": "USD",
    "cik": "0001065280",
    "fillingDate": "2014-02-03",
    "acceptedDate": "2014-01-31 19:14:52",
    "calendarYear": "2013",
    "period": "Q4",
    "revenue": 1175230000,
    "costOfRevenue": 811849000,
    "grossProfit": 363381000,
    "grossProfitRatio": 0.3091999013,
    "researchAndDevelopmentExpenses": 98128000,
    "generalAndAdministrativeExpenses": 46120000,
    "sellingAndMarketingExpenses": 136845000,
    "sellingGeneralAndAdministrativeExpenses": 182965000,
    "otherExpenses": 0,
    "operatingExpenses": 281093000,
    "costAndExpenses": 1092942000,
    "interestIncome": 0,
    "interestExpense": 8284000,
    "depreciationAndAmortization": 603275000,
    "ebitda": 685563000,
    "ebitdaratio": 0.5833436859,
    "operatingIncome": 82288000,
    "operatingIncomeRatio": 0.0700186347,
    "totalOtherIncomeExpensesNet": -8284000,
    "incomeBeforeTax": 74004000,
    "incomeBeforeTaxRatio": 0.0629698017,
    "incomeTaxExpense": 25583000,
    "netIncome": 48421000,
    "netIncomeRatio": 0.0412012968,
    "eps": 0.12,
    "epsdiluted": 0.11,
    "weightedAverageShsOut": 416290000,
    "weightedAverageShsOutDil": 429128000,
    "link": "https://www.sec.gov/Archives/edgar/data/1065280/000106528014000006/0001065280-14-000006-index.htm",
    "finalLink": "https://www.sec.gov/Archives/edgar/data/1065280/000106528014000006/nflx10k2013.htm"
  },
  {
    "date": "2013-09-30",
    "symbol": "NFLX",
    "reportedCurrency": "USD",
    "cik": "0001065280",
    "fillingDate": "2013-10-25",
    "acceptedDate": "2013-10-25 16:07:06",
    "calendarYear": "2013",
    "period": "Q3",
    "revenue": 1105999000,
    "costOfRevenue": 791019000,
    "grossProfit": 314980000,
    "grossProfitRatio": 0.2847923009,
    "researchAndDevelopmentExpenses": 95540000,
    "generalAndAdministrativeExpenses": 46211000,
    "sellingAndMarketingExpenses": 116109000,
    "sellingGeneralAndAdministrativeExpenses": 162320000,
    "otherExpenses": 0,
    "operatingExpenses": 257860000,
    "costAndExpenses": 1048879000,
    "interestIncome": 0,
    "interestExpense": 7629000,
    "depreciationAndAmortization": 582392000,
    "ebitda": 639512000,
    "ebitdaratio": 0.5782211376,
    "operatingIncome": 57120000,
    "operatingIncomeRatio": 0.0516456163,
    "totalOtherIncomeExpensesNet": -7629000,
    "incomeBeforeTax": 49491000,
    "incomeBeforeTaxRatio": 0.0447477801,
    "incomeTaxExpense": 17669000,
    "netIncome": 31822000,
    "netIncomeRatio": 0.0287721779,
    "eps": 0.0769,
    "epsdiluted": 0.0745,
    "weightedAverageShsOut": 413756000,
    "weightedAverageShsOutDil": 426930000,
    "link": "https://www.sec.gov/Archives/edgar/data/1065280/000106528013000036/0001065280-13-000036-index.htm",
    "finalLink": "https://www.sec.gov/Archives/edgar/data/1065280/000106528013000036/nflx-09301310qdoc.htm"
  },
  {
    "date": "2013-06-30",
    "symbol": "NFLX",
    "reportedCurrency": "USD",
    "cik": "0001065280",
    "fillingDate": "2013-07-25",
    "acceptedDate": "2013-07-25 16:13:24",
    "calendarYear": "2013",
    "period": "Q2",
    "revenue": 1069372000,
    "costOfRevenue": 753525000,
    "grossProfit": 315847000,
    "grossProfitRatio": 0.2953574621,
    "researchAndDevelopmentExpenses": 93126000,
    "generalAndAdministrativeExpenses": 43844000,
    "sellingAndMarketingExpenses": 121760000,
    "sellingGeneralAndAdministrativeExpenses": 165604000,
    "otherExpenses": 0,
    "operatingExpenses": 258730000,
    "costAndExpenses": 1012255000,
    "interestIncome": 0,
    "interestExpense": 10468000,
    "depreciationAndAmortization": 539985000,
    "ebitda": 597102000,
    "ebitdaratio": 0.5583669668,
    "operatingIncome": 57117000,
    "operatingIncomeRatio": 0.053411722,
    "totalOtherIncomeExpensesNet": -10468000,
    "incomeBeforeTax": 46649000,
    "incomeBeforeTaxRatio": 0.0436227992,
    "incomeTaxExpense": 17178000,
    "netIncome": 29471000,
    "netIncomeRatio": 0.0275591656,
    "eps": 0.0723,
    "epsdiluted": 0.0695,
    "weightedAverageShsOut": 407344000,
    "weightedAverageShsOutDil": 424130000,
    "link": "https://www.sec.gov/Archives/edgar/data/1065280/000106528013000030/0001065280-13-000030-index.htm",
    "finalLink": "https://www.sec.gov/Archives/edgar/data/1065280/000106528013000030/nflx-063013x10qxdoc.htm"
  },
  {
    "date": "2013-03-31",
    "symbol": "NFLX",
    "reportedCurrency": "USD",
    "cik": "0001065280",
    "fillingDate": "2013-04-26",
    "acceptedDate": "2013-04-26 17:31:05",
    "calendarYear": "2013",
    "period": "Q1",
    "revenue": 1023961000,
    "costOfRevenue": 726863000,
    "grossProfit": 297098000,
    "grossProfitRatio": 0.2901458161,
    "researchAndDevelopmentExpenses": 91975000,
    "generalAndAdministrativeExpenses": 44126000,
    "sellingAndMarketingExpenses": 129175000,
    "sellingGeneralAndAdministrativeExpenses": 173301000,
    "otherExpenses": 0,
    "operatingExpenses": 265276000,
    "costAndExpenses": 992139000,
    "interestIncome": 977000,
    "interestExpense": 6740000,
    "depreciationAndAmortization": 516028000,
    "ebitda": 523698000,
    "ebitdaratio": 0.5114433069,
    "operatingIncome": 31822000,
    "operatingIncomeRatio": 0.0310773555,
    "totalOtherIncomeExpensesNet": -30892000,
    "incomeBeforeTax": 930000,
    "incomeBeforeTaxRatio": 0.0009082377,
    "incomeTaxExpense": -1759000,
    "netIncome": 2689000,
    "netIncomeRatio": 0.0026260766,
    "eps": 0.0069,
    "epsdiluted": 0.0064,
    "weightedAverageShsOut": 391804000,
    "weightedAverageShsOutDil": 421022000,
    "link": "https://www.sec.gov/Archives/edgar/data/1065280/000106528013000020/0001065280-13-000020-index.htm",
    "finalLink": "https://www.sec.gov/Archives/edgar/data/1065280/000106528013000020/nflx-033113x10qxdoc.htm"
  },
  {
    "date": "2012-12-31",
    "symbol": "NFLX",
    "reportedCurrency": "USD",
    "cik": "0001065280",
    "fillingDate": "2013-02-01",
    "acceptedDate": "2013-01-31 21:43:16",
    "calendarYear": "2012",
    "period": "Q4",
    "revenue": 945239000,
    "costOfRevenue": 695867000,
    "grossProfit": 249372000,
    "grossProfitRatio": 0.2638189918,
    "researchAndDevelopmentExpenses": 82139000,
    "generalAndAdministrativeExpenses": 30223000,
    "sellingAndMarketingExpenses": 117372000,
    "sellingGeneralAndAdministrativeExpenses": 147595000,
    "otherExpenses": 0,
    "operatingExpenses": 229734000,
    "costAndExpenses": 925601000,
    "interestIncome": 282000,
    "interestExpense": 5016000,
    "depreciationAndAmortization": 492415000,
    "ebitda": 512335000,
    "ebitdaratio": 0.5420163578,
    "operatingIncome": 19638000,
    "operatingIncomeRatio": 0.020775698,
    "totalOtherIncomeExpensesNet": -4734000,
    "incomeBeforeTax": 14904000,
    "incomeBeforeTaxRatio": 0.0157674408,
    "incomeTaxExpense": 7007000,
    "netIncome": 7897000,
    "netIncomeRatio": 0.0083545008,
    "eps": 0.0203,
    "epsdiluted": 0.0191,
    "weightedAverageShsOut": 388934000,
    "weightedAverageShsOutDil": 413903000,
    "link": "https://www.sec.gov/Archives/edgar/data/1065280/000106528013000008/0001065280-13-000008-index.htm",
    "finalLink": "https://www.sec.gov/Archives/edgar/data/1065280/000106528013000008/nflx1231201210kdoc.htm"
  },
  {
    "date": "2012-09-30",
    "symbol": "NFLX",
    "reportedCurrency": "USD",
    "cik": "0001065280",
    "fillingDate": "2012-10-30",
    "acceptedDate": "2012-10-29 17:50:32",
    "calendarYear": "2012",
    "period": "Q3",
    "revenue": 905089000,
    "costOfRevenue": 662638000,
    "grossProfit": 242451000,
    "grossProfitRatio": 0.2678753139,
    "researchAndDevelopmentExpenses": 82521000,
    "generalAndAdministrativeExpenses": 30562000,
    "sellingAndMarketingExpenses": 113233000,
    "sellingGeneralAndAdministrativeExpenses": 143795000,
    "otherExpenses": 0,
    "operatingExpenses": 226316000,
    "costAndExpenses": 888954000,
    "interestIncome": 801000,
    "interestExpense": 4990000,
    "depreciationAndAmortization": 435207000,
    "ebitda": 452143000,
    "ebitdaratio": 0.4995563972,
    "operatingIncome": 16135000,
    "operatingIncomeRatio": 0.0178269761,
    "totalOtherIncomeExpensesNet": -4189000,
    "incomeBeforeTax": 11946000,
    "incomeBeforeTaxRatio": 0.013198702,
    "incomeTaxExpense": 4271000,
    "netIncome": 7675000,
    "netIncomeRatio": 0.0084798291,
    "eps": 0.0197,
    "epsdiluted": 0.0187,
    "weightedAverageShsOut": 388787000,
    "weightedAverageShsOutDil": 411103000,
    "link": "https://www.sec.gov/Archives/edgar/data/1065280/000106528012000020/0001065280-12-000020-index.htm",
    "finalLink": "https://www.sec.gov/Archives/edgar/data/1065280/000106528012000020/nflx-093012x10qxdoc.htm"
  },
  {
    "date": "2012-06-30",
    "symbol": "NFLX",
    "reportedCurrency": "USD",
    "cik": "0001065280",
    "fillingDate": "2012-08-02",
    "acceptedDate": "2012-08-01 19:27:12",
    "calendarYear": "2012",
    "period": "Q2",
    "revenue": 889163000,
    "costOfRevenue": 643428000,
    "grossProfit": 245735000,
    "grossProfitRatio": 0.2763666504,
    "researchAndDevelopmentExpenses": 81547000,
    "generalAndAdministrativeExpenses": 29810000,
    "sellingAndMarketingExpenses": 118224000,
    "sellingGeneralAndAdministrativeExpenses": 148034000,
    "otherExpenses": 0,
    "operatingExpenses": 229581000,
    "costAndExpenses": 873009000,
    "interestIncome": 0,
    "interestExpense": 5499000,
    "depreciationAndAmortization": 403348000,
    "ebitda": 419502000,
    "ebitdaratio": 0.4717942604,
    "operatingIncome": 16154000,
    "operatingIncomeRatio": 0.0181676476,
    "totalOtherIncomeExpensesNet": -5499000,
    "incomeBeforeTax": 10655000,
    "incomeBeforeTaxRatio": 0.0119831797,
    "incomeTaxExpense": 4491000,
    "netIncome": 6164000,
    "netIncomeRatio": 0.0069323622,
    "eps": 0.0159,
    "epsdiluted": 0.015,
    "weightedAverageShsOut": 388682000,
    "weightedAverageShsOutDil": 411663000,
    "link": "https://www.sec.gov/Archives/edgar/data/1065280/000106528012000012/0001065280-12-000012-index.htm",
    "finalLink": "https://www.sec.gov/Archives/edgar/data/1065280/000106528012000012/nflx-063012x10qxdoc.htm"
  },
  {
    "date": "2012-03-31",
    "symbol": "NFLX",
    "reportedCurrency": "USD",
    "cik": "0001065280",
    "fillingDate": "2012-04-27",
    "acceptedDate": "2012-04-27 17:28:25",
    "calendarYear": "2012",
    "period": "Q1",
    "revenue": 869791000,
    "costOfRevenue": 623933000,
    "grossProfit": 245858000,
    "grossProfitRatio": 0.2826633065,
    "researchAndDevelopmentExpenses": 82801000,
    "generalAndAdministrativeExpenses": 29092000,
    "sellingAndMarketingExpenses": 135900000,
    "sellingGeneralAndAdministrativeExpenses": 164992000,
    "otherExpenses": 0,
    "operatingExpenses": 247793000,
    "costAndExpenses": 871726000,
    "interestIncome": 0,
    "interestExpense": 5090000,
    "depreciationAndAmortization": 371113000,
    "ebitda": 369178000,
    "ebitdaratio": 0.424444493,
    "operatingIncome": -1935000,
    "operatingIncomeRatio": -0.0022246724,
    "totalOtherIncomeExpensesNet": -5090000,
    "incomeBeforeTax": -7025000,
    "incomeBeforeTaxRatio": -0.0080766529,
    "incomeTaxExpense": -2441000,
    "netIncome": -4584000,
    "netIncomeRatio": -0.0052702316,
    "eps": -0.0118,
    "epsdiluted": -0.0118,
    "weightedAverageShsOut": 388192000,
    "weightedAverageShsOutDil": 388192000,
    "link": "https://www.sec.gov/Archives/edgar/data/1065280/000144530512001242/0001445305-12-001242-index.htm",
    "finalLink": "https://www.sec.gov/Archives/edgar/data/1065280/000144530512001242/nflx-033112x10qxdoc.htm"
  },
  {
    "date": "2011-12-31",
    "symbol": "NFLX",
    "reportedCurrency": "USD",
    "cik": "0001065280",
    "fillingDate": "2012-02-10",
    "acceptedDate": "2012-02-10 17:29:24",
    "calendarYear": "2011",
    "period": "Q4",
    "revenue": 875575000,
    "costOfRevenue": 575155000,
    "grossProfit": 300420000,
    "grossProfitRatio": 0.3431116695,
    "researchAndDevelopmentExpenses": 80783000,
    "generalAndAdministrativeExpenses": 34477000,
    "sellingAndMarketingExpenses": 114288000,
    "sellingGeneralAndAdministrativeExpenses": 148765000,
    "otherExpenses": 0,
    "operatingExpenses": 229548000,
    "costAndExpenses": 804703000,
    "interestIncome": -95000,
    "interestExpense": 4942000,
    "depreciationAndAmortization": -480013000,
    "ebitda": 61777000,
    "ebitdaratio": 0.0705559204,
    "operatingIncome": 61872000,
    "operatingIncomeRatio": 0.0706644205,
    "totalOtherIncomeExpensesNet": -5037000,
    "incomeBeforeTax": 56835000,
    "incomeBeforeTaxRatio": 0.0649116295,
    "incomeTaxExpense": 21616000,
    "netIncome": 35219000,
    "netIncomeRatio": 0.0402238529,
    "eps": 0.11,
    "epsdiluted": 0.1,
    "weightedAverageShsOut": 375074000,
    "weightedAverageShsOutDil": 388073000,
    "link": "https://www.sec.gov/Archives/edgar/data/1065280/000119312512053009/0001193125-12-053009-index.htm",
    "finalLink": "https://www.sec.gov/Archives/edgar/data/1065280/000119312512053009/d260328d10k.htm"
  },
  {
    "date": "2011-09-30",
    "symbol": "NFLX",
    "reportedCurrency": "USD",
    "cik": "0001065280",
    "fillingDate": "2011-10-27",
    "acceptedDate": "2011-10-27 17:18:06",
    "calendarYear": "2011",
    "period": "Q3",
    "revenue": 821839000,
    "costOfRevenue": 536617000,
    "grossProfit": 285222000,
    "grossProfitRatio": 0.3470533766,
    "researchAndDevelopmentExpenses": 69480000,
    "generalAndAdministrativeExpenses": 29792000,
    "sellingAndMarketingExpenses": 89108000,
    "sellingGeneralAndAdministrativeExpenses": 118900000,
    "otherExpenses": 0,
    "operatingExpenses": 188380000,
    "costAndExpenses": 724997000,
    "interestIncome": 1696000,
    "interestExpense": 4915000,
    "depreciationAndAmortization": 222359000,
    "ebitda": 320897000,
    "ebitdaratio": 0.3904621221,
    "operatingIncome": 96842000,
    "operatingIncomeRatio": 0.1178357318,
    "totalOtherIncomeExpensesNet": -3219000,
    "incomeBeforeTax": 93623000,
    "incomeBeforeTaxRatio": 0.1139189063,
    "incomeTaxExpense": 31163000,
    "netIncome": 62460000,
    "netIncomeRatio": 0.0760002872,
    "eps": 0.17,
    "epsdiluted": 0.17,
    "weightedAverageShsOut": 367983000,
    "weightedAverageShsOutDil": 377090000,
    "link": "https://www.sec.gov/Archives/edgar/data/1065280/000119312511284366/0001193125-11-284366-index.htm",
    "finalLink": "https://www.sec.gov/Archives/edgar/data/1065280/000119312511284366/d222257d10q.htm"
  },
  {
    "date": "2011-06-30",
    "symbol": "NFLX",
    "reportedCurrency": "USD",
    "cik": "0001065280",
    "fillingDate": "2011-07-27",
    "acceptedDate": "2011-07-27 13:44:12",
    "calendarYear": "2011",
    "period": "Q2",
    "revenue": 788610000,
    "costOfRevenue": 489978000,
    "grossProfit": 298632000,
    "grossProfitRatio": 0.3786814775,
    "researchAndDevelopmentExpenses": 57865000,
    "generalAndAdministrativeExpenses": 30670000,
    "sellingAndMarketingExpenses": 94983000,
    "sellingGeneralAndAdministrativeExpenses": 125653000,
    "otherExpenses": 0,
    "operatingExpenses": 183518000,
    "costAndExpenses": 673496000,
    "interestIncome": 1013000,
    "interestExpense": 5303000,
    "depreciationAndAmortization": 178648000,
    "ebitda": 294775000,
    "ebitdaratio": 0.3737905936,
    "operatingIncome": 115114000,
    "operatingIncomeRatio": 0.1459707587,
    "totalOtherIncomeExpensesNet": -4290000,
    "incomeBeforeTax": 110824000,
    "incomeBeforeTaxRatio": 0.1405308074,
    "incomeTaxExpense": 42610000,
    "netIncome": 68214000,
    "netIncomeRatio": 0.0864990299,
    "eps": 0.19,
    "epsdiluted": 0.18,
    "weightedAverageShsOut": 367290000,
    "weightedAverageShsOutDil": 377363000,
    "link": "https://www.sec.gov/Archives/edgar/data/1065280/000119312511198669/0001193125-11-198669-index.htm",
    "finalLink": "https://www.sec.gov/Archives/edgar/data/1065280/000119312511198669/d10q.htm"
  },
  {
    "date": "2011-03-31",
    "symbol": "NFLX",
    "reportedCurrency": "USD",
    "cik": "0001065280",
    "fillingDate": "2011-04-27",
    "acceptedDate": "2011-04-27 16:41:45",
    "calendarYear": "2011",
    "period": "Q1",
    "revenue": 718553000,
    "costOfRevenue": 438151000,
    "grossProfit": 280402000,
    "grossProfitRatio": 0.3902314791,
    "researchAndDevelopmentExpenses": 50905000,
    "generalAndAdministrativeExpenses": 22998000,
    "sellingAndMarketingExpenses": 104259000,
    "sellingGeneralAndAdministrativeExpenses": 127257000,
    "otherExpenses": 0,
    "operatingExpenses": 178162000,
    "costAndExpenses": 616313000,
    "interestIncome": 865000,
    "interestExpense": 4865000,
    "depreciationAndAmortization": 122753000,
    "ebitda": 225858000,
    "ebitdaratio": 0.3143233693,
    "operatingIncome": 102240000,
    "operatingIncomeRatio": 0.1422859552,
    "totalOtherIncomeExpensesNet": -4000000,
    "incomeBeforeTax": 98240000,
    "incomeBeforeTaxRatio": 0.1367192121,
    "incomeTaxExpense": 38007000,
    "netIncome": 60233000,
    "netIncomeRatio": 0.0838254102,
    "eps": 0.16,
    "epsdiluted": 0.16,
    "weightedAverageShsOut": 369313000,
    "weightedAverageShsOutDil": 379722000,
    "link": "https://www.sec.gov/Archives/edgar/data/1065280/000119312511112061/0001193125-11-112061-index.htm",
    "finalLink": "https://www.sec.gov/Archives/edgar/data/1065280/000119312511112061/d10q.htm"
  },
  {
    "date": "2010-12-31",
    "symbol": "NFLX",
    "reportedCurrency": "USD",
    "cik": "0001065280",
    "fillingDate": "2011-02-18",
    "acceptedDate": "2011-02-18 14:42:40",
    "calendarYear": "2010",
    "period": "Q4",
    "revenue": 595922000,
    "costOfRevenue": 390790000,
    "grossProfit": 205132000,
    "grossProfitRatio": 0.3442262578,
    "researchAndDevelopmentExpenses": 45959000,
    "generalAndAdministrativeExpenses": 19108000,
    "sellingAndMarketingExpenses": 62849000,
    "sellingGeneralAndAdministrativeExpenses": 81957000,
    "otherExpenses": 4857000,
    "operatingExpenses": 132773000,
    "costAndExpenses": 523563000,
    "interestIncome": 938000,
    "interestExpense": 4832000,
    "depreciationAndAmortization": -195328000,
    "ebitda": 79391000,
    "ebitdaratio": 0.1332238112,
    "operatingIncome": 78453000,
    "operatingIncomeRatio": 0.1316497797,
    "totalOtherIncomeExpensesNet": -3894000,
    "incomeBeforeTax": 74559000,
    "incomeBeforeTaxRatio": 0.1251153674,
    "incomeTaxExpense": 27464000,
    "netIncome": 47095000,
    "netIncomeRatio": 0.0790287991,
    "eps": 0.13,
    "epsdiluted": 0.13,
    "weightedAverageShsOut": 368102000,
    "weightedAverageShsOutDil": 369313000,
    "link": "https://www.sec.gov/Archives/edgar/data/1065280/000119312511040217/0001193125-11-040217-index.htm",
    "finalLink": "https://www.sec.gov/Archives/edgar/data/1065280/000119312511040217/d10k.htm"
  },
  {
    "date": "2010-09-30",
    "symbol": "NFLX",
    "reportedCurrency": "USD",
    "cik": "0001065280",
    "fillingDate": "2010-10-26",
    "acceptedDate": "2010-10-25 18:02:50",
    "calendarYear": "2010",
    "period": "Q3",
    "revenue": 553219000,
    "costOfRevenue": 344469000,
    "grossProfit": 208750000,
    "grossProfitRatio": 0.377337004,
    "researchAndDevelopmentExpenses": 42108000,
    "generalAndAdministrativeExpenses": 17135000,
    "sellingAndMarketingExpenses": 81238000,
    "sellingGeneralAndAdministrativeExpenses": 98373000,
    "otherExpenses": -1232000,
    "operatingExpenses": 139249000,
    "costAndExpenses": 483718000,
    "interestIncome": 853000,
    "interestExpense": 4945000,
    "depreciationAndAmortization": 85824000,
    "ebitda": 156178000,
    "ebitdaratio": 0.2823077299,
    "operatingIncome": 69501000,
    "operatingIncomeRatio": 0.1256301754,
    "totalOtherIncomeExpensesNet": -4092000,
    "incomeBeforeTax": 65409000,
    "incomeBeforeTaxRatio": 0.1182334663,
    "incomeTaxExpense": 27442000,
    "netIncome": 37967000,
    "netIncomeRatio": 0.0686292409,
    "eps": 0.1,
    "epsdiluted": 0.1,
    "weightedAverageShsOut": 364994000,
    "weightedAverageShsOutDil": 377517000,
    "link": "https://www.sec.gov/Archives/edgar/data/1065280/000119312510235785/0001193125-10-235785-index.htm",
    "finalLink": "https://www.sec.gov/Archives/edgar/data/1065280/000119312510235785/d10q.htm"
  },
  {
    "date": "2010-06-30",
    "symbol": "NFLX",
    "reportedCurrency": "USD",
    "cik": "0001065280",
    "fillingDate": "2010-07-27",
    "acceptedDate": "2010-07-27 16:21:06",
    "calendarYear": "2010",
    "period": "Q2",
    "revenue": 519819000,
    "costOfRevenue": 314934000,
    "grossProfit": 204885000,
    "grossProfitRatio": 0.3941468088,
    "researchAndDevelopmentExpenses": 37863000,
    "generalAndAdministrativeExpenses": 17119000,
    "sellingAndMarketingExpenses": 74533000,
    "sellingGeneralAndAdministrativeExpenses": 91652000,
    "otherExpenses": -1972000,
    "operatingExpenses": 127543000,
    "costAndExpenses": 442477000,
    "interestIncome": 921000,
    "interestExpense": 4893000,
    "depreciationAndAmortization": 74452000,
    "ebitda": 152715000,
    "ebitdaratio": 0.2937849521,
    "operatingIncome": 77342000,
    "operatingIncomeRatio": 0.1487864045,
    "totalOtherIncomeExpensesNet": -3972000,
    "incomeBeforeTax": 73370000,
    "incomeBeforeTaxRatio": 0.1411452833,
    "incomeTaxExpense": 29851000,
    "netIncome": 43519000,
    "netIncomeRatio": 0.0837195255,
    "eps": 0.12,
    "epsdiluted": 0.11,
    "weightedAverageShsOut": 367402000,
    "weightedAverageShsOutDil": 380268000,
    "link": "https://www.sec.gov/Archives/edgar/data/1065280/000119312510167382/0001193125-10-167382-index.htm",
    "finalLink": "https://www.sec.gov/Archives/edgar/data/1065280/000119312510167382/d10q.htm"
  },
  {
    "date": "2010-03-31",
    "symbol": "NFLX",
    "reportedCurrency": "USD",
    "cik": "0001065280",
    "fillingDate": "2010-04-28",
    "acceptedDate": "2010-04-27 19:53:55",
    "calendarYear": "2010",
    "period": "Q1",
    "revenue": 493665000,
    "costOfRevenue": 307162000,
    "grossProfit": 186503000,
    "grossProfitRatio": 0.3777926327,
    "researchAndDevelopmentExpenses": 37399000,
    "generalAndAdministrativeExpenses": 17193000,
    "sellingAndMarketingExpenses": 75219000,
    "sellingGeneralAndAdministrativeExpenses": 92412000,
    "otherExpenses": -1653000,
    "operatingExpenses": 128158000,
    "costAndExpenses": 435320000,
    "interestIncome": 972000,
    "interestExpense": 4959000,
    "depreciationAndAmortization": 73151000,
    "ebitda": 132468000,
    "ebitdaratio": 0.2683358148,
    "operatingIncome": 58345000,
    "operatingIncomeRatio": 0.1181874348,
    "totalOtherIncomeExpensesNet": -3987000,
    "incomeBeforeTax": 54358000,
    "incomeBeforeTaxRatio": 0.1101111077,
    "incomeTaxExpense": 22086000,
    "netIncome": 32272000,
    "netIncomeRatio": 0.0653722666,
    "eps": 0.0871,
    "epsdiluted": 0.0842,
    "weightedAverageShsOut": 370377000,
    "weightedAverageShsOutDil": 383425000,
    "link": "https://www.sec.gov/Archives/edgar/data/1065280/000119312510095215/0001193125-10-095215-index.htm",
    "finalLink": "https://www.sec.gov/Archives/edgar/data/1065280/000119312510095215/d10q.htm"
  },
  {
    "date": "2009-12-31",
    "symbol": "NFLX",
    "reportedCurrency": "USD",
    "cik": "0001065280",
    "fillingDate": "2010-02-22",
    "acceptedDate": "2010-02-22 14:09:32",
    "calendarYear": "2009",
    "period": "Q4",
    "revenue": 444542000,
    "costOfRevenue": 275486000,
    "grossProfit": 169056000,
    "grossProfitRatio": 0.3802925258,
    "researchAndDevelopmentExpenses": 33209000,
    "generalAndAdministrativeExpenses": 13524000,
    "sellingAndMarketingExpenses": 70715000,
    "sellingGeneralAndAdministrativeExpenses": 84239000,
    "otherExpenses": -1741000,
    "operatingExpenses": 115707000,
    "costAndExpenses": 391193000,
    "interestIncome": 2444000,
    "interestExpense": 4457000,
    "depreciationAndAmortization": 70499000,
    "ebitda": 126292000,
    "ebitdaratio": 0.2840946412,
    "operatingIncome": 53349000,
    "operatingIncomeRatio": 0.120008908,
    "totalOtherIncomeExpensesNet": -2013000,
    "incomeBeforeTax": 51336000,
    "incomeBeforeTaxRatio": 0.115480652,
    "incomeTaxExpense": 20423000,
    "netIncome": 30913000,
    "netIncomeRatio": 0.0695389862,
    "eps": 0.0835,
    "epsdiluted": 0.0835,
    "weightedAverageShsOut": 370377000,
    "weightedAverageShsOutDil": 370377000,
    "link": "https://www.sec.gov/Archives/edgar/data/1065280/000119312510036181/0001193125-10-036181-index.htm",
    "finalLink": "https://www.sec.gov/Archives/edgar/data/1065280/000119312510036181/d10k.htm"
  },
  {
    "date": "2009-09-30",
    "symbol": "NFLX",
    "reportedCurrency": "USD",
    "cik": "0001065280",
    "fillingDate": "2009-10-26",
    "acceptedDate": "2009-10-23 21:12:11",
    "calendarYear": "2009",
    "period": "Q3",
    "revenue": 423120000,
    "costOfRevenue": 275274000,
    "grossProfit": 147846000,
    "grossProfitRatio": 0.3494186047,
    "researchAndDevelopmentExpenses": 30014000,
    "generalAndAdministrativeExpenses": 11543000,
    "sellingAndMarketingExpenses": 58556000,
    "sellingGeneralAndAdministrativeExpenses": 70099000,
    "otherExpenses": -1604000,
    "operatingExpenses": 98509000,
    "costAndExpenses": 373783000,
    "interestIncome": 1808000,
    "interestExpense": 674000,
    "depreciationAndAmortization": 66308000,
    "ebitda": 117453000,
    "ebitdaratio": 0.2775879183,
    "operatingIncome": 49337000,
    "operatingIncomeRatio": 0.116602855,
    "totalOtherIncomeExpensesNet": 1134000,
    "incomeBeforeTax": 50471000,
    "incomeBeforeTaxRatio": 0.1192829457,
    "incomeTaxExpense": 20330000,
    "netIncome": 30141000,
    "netIncomeRatio": 0.0712351106,
    "eps": 0.0767,
    "epsdiluted": 0.0743,
    "weightedAverageShsOut": 393022000,
    "weightedAverageShsOutDil": 405566000,
    "link": "https://www.sec.gov/Archives/edgar/data/1065280/000119312509213071/0001193125-09-213071-index.htm",
    "finalLink": "https://www.sec.gov/Archives/edgar/data/1065280/000119312509213071/d10q.htm"
  },
  {
    "date": "2009-06-30",
    "symbol": "NFLX",
    "reportedCurrency": "USD",
    "cik": "0001065280",
    "fillingDate": "2009-07-31",
    "acceptedDate": "2009-07-31 15:26:36",
    "calendarYear": "2009",
    "period": "Q2",
    "revenue": 408509000,
    "costOfRevenue": 269243000,
    "grossProfit": 139266000,
    "grossProfitRatio": 0.3409129297,
    "researchAndDevelopmentExpenses": 27119000,
    "generalAndAdministrativeExpenses": 13252000,
    "sellingAndMarketingExpenses": 46231000,
    "sellingGeneralAndAdministrativeExpenses": 59483000,
    "otherExpenses": -118000,
    "operatingExpenses": 86484000,
    "costAndExpenses": 355727000,
    "interestIncome": 866000,
    "interestExpense": 674000,
    "depreciationAndAmortization": 62248000,
    "ebitda": 115896000,
    "ebitdaratio": 0.2837048878,
    "operatingIncome": 52782000,
    "operatingIncomeRatio": 0.1292064557,
    "totalOtherIncomeExpensesNet": 192000,
    "incomeBeforeTax": 52974000,
    "incomeBeforeTaxRatio": 0.1296764576,
    "incomeTaxExpense": 20531000,
    "netIncome": 32443000,
    "netIncomeRatio": 0.0794180789,
    "eps": 0.0801,
    "epsdiluted": 0.0777,
    "weightedAverageShsOut": 405104000,
    "weightedAverageShsOutDil": 417620000,
    "link": "https://www.sec.gov/Archives/edgar/data/1065280/000119312509160729/0001193125-09-160729-index.htm",
    "finalLink": "https://www.sec.gov/Archives/edgar/data/1065280/000119312509160729/d10q.htm"
  },
  {
    "date": "2009-03-31",
    "symbol": "NFLX",
    "reportedCurrency": "USD",
    "cik": "0001065280",
    "fillingDate": "2009-05-08",
    "acceptedDate": "2009-05-07 18:03:15",
    "calendarYear": "2009",
    "period": "Q1",
    "revenue": 394098000,
    "costOfRevenue": 259268000,
    "grossProfit": 134830000,
    "grossProfitRatio": 0.3421230252,
    "researchAndDevelopmentExpenses": 24200000,
    "generalAndAdministrativeExpenses": 13014000,
    "sellingAndMarketingExpenses": 62242000,
    "sellingGeneralAndAdministrativeExpenses": 75256000,
    "otherExpenses": 0,
    "operatingExpenses": 99456000,
    "costAndExpenses": 358724000,
    "interestIncome": 1610000,
    "interestExpense": 670000,
    "depreciationAndAmortization": 58479000,
    "ebitda": 96560000,
    "ebitdaratio": 0.2450151993,
    "operatingIncome": 36471000,
    "operatingIncomeRatio": 0.0925429715,
    "totalOtherIncomeExpensesNet": 940000,
    "incomeBeforeTax": 37411000,
    "incomeBeforeTaxRatio": 0.0949281651,
    "incomeTaxExpense": 15048000,
    "netIncome": 22363000,
    "netIncomeRatio": 0.0567447691,
    "eps": 0.0544,
    "epsdiluted": 0.0526,
    "weightedAverageShsOut": 411138000,
    "weightedAverageShsOutDil": 424963000,
    "link": "https://www.sec.gov/Archives/edgar/data/1065280/000119312509103685/0001193125-09-103685-index.htm",
    "finalLink": "https://www.sec.gov/Archives/edgar/data/1065280/000119312509103685/d10q.htm"
  },
  {
    "date": "2008-12-31",
    "symbol": "NFLX",
    "reportedCurrency": "USD",
    "cik": "0001065280",
    "fillingDate": "2009-02-25",
    "acceptedDate": "2009-02-25 16:22:45",
    "calendarYear": "2008",
    "period": "Q4",
    "revenue": 359595000,
    "costOfRevenue": 232846000,
    "grossProfit": 126749000,
    "grossProfitRatio": 0.3524770923,
    "researchAndDevelopmentExpenses": 24052000,
    "generalAndAdministrativeExpenses": 49662000,
    "sellingAndMarketingExpenses": 199713000,
    "sellingGeneralAndAdministrativeExpenses": 70985000,
    "otherExpenses": 0,
    "operatingExpenses": 88828000,
    "costAndExpenses": 321674000,
    "interestIncome": 0,
    "interestExpense": 0,
    "depreciationAndAmortization": 57345000,
    "ebitda": 95266000,
    "ebitdaratio": 0.2649258193,
    "operatingIncome": 37921000,
    "operatingIncomeRatio": 0.1054547477,
    "totalOtherIncomeExpensesNet": 175000,
    "incomeBeforeTax": 38096000,
    "incomeBeforeTaxRatio": 0.1059414063,
    "incomeTaxExpense": 15364000,
    "netIncome": 22732000,
    "netIncomeRatio": 0.063215562,
    "eps": 0.0553,
    "epsdiluted": 0.0553,
    "weightedAverageShsOut": 411138000,
    "weightedAverageShsOutDil": 411138000,
    "link": "https://www.sec.gov/Archives/edgar/data/1065280/000119312509037430/0001193125-09-037430-index.htm",
    "finalLink": "https://www.sec.gov/Archives/edgar/data/1065280/000119312509037430/d10k.htm"
  },
  {
    "date": "2008-09-30",
    "symbol": "NFLX",
    "reportedCurrency": "USD",
    "cik": "0001065280",
    "fillingDate": "2008-11-03",
    "acceptedDate": "2008-11-03 15:27:25",
    "calendarYear": "2008",
    "period": "Q3",
    "revenue": 341269000,
    "costOfRevenue": 224496000,
    "grossProfit": 116773000,
    "grossProfitRatio": 0.34217289,
    "researchAndDevelopmentExpenses": 23368000,
    "generalAndAdministrativeExpenses": 11742000,
    "sellingAndMarketingExpenses": 49217000,
    "sellingGeneralAndAdministrativeExpenses": 60959000,
    "otherExpenses": -1379000,
    "operatingExpenses": 82699000,
    "costAndExpenses": 307195000,
    "interestIncome": 1536000,
    "interestExpense": 677000,
    "depreciationAndAmortization": 55821000,
    "ebitda": 91431000,
    "ebitdaratio": 0.2679147535,
    "operatingIncome": 34074000,
    "operatingIncomeRatio": 0.0998449903,
    "totalOtherIncomeExpensesNet": 859000,
    "incomeBeforeTax": 34933000,
    "incomeBeforeTaxRatio": 0.1023620663,
    "incomeTaxExpense": 14562000,
    "netIncome": 20371000,
    "netIncomeRatio": 0.0596919146,
    "eps": 0.0482,
    "epsdiluted": 0.0467,
    "weightedAverageShsOut": 422856000,
    "weightedAverageShsOutDil": 435904000,
    "link": "https://www.sec.gov/Archives/edgar/data/1065280/000119312508222820/0001193125-08-222820-index.htm",
    "finalLink": "https://www.sec.gov/Archives/edgar/data/1065280/000119312508222820/d10q.htm"
  },
  {
    "date": "2008-06-30",
    "symbol": "NFLX",
    "reportedCurrency": "USD",
    "cik": "0001065280",
    "fillingDate": "2008-08-11",
    "acceptedDate": "2008-08-11 14:59:31",
    "calendarYear": "2008",
    "period": "Q2",
    "revenue": 337614000,
    "costOfRevenue": 230087000,
    "grossProfit": 107527000,
    "grossProfitRatio": 0.3184909394,
    "researchAndDevelopmentExpenses": 22186000,
    "generalAndAdministrativeExpenses": 13419000,
    "sellingAndMarketingExpenses": 39984000,
    "sellingGeneralAndAdministrativeExpenses": 53403000,
    "otherExpenses": -2014000,
    "operatingExpenses": 73326000,
    "costAndExpenses": 303413000,
    "interestIncome": 0,
    "interestExpense": 0,
    "depreciationAndAmortization": 65516000,
    "ebitda": 99717000,
    "ebitdaratio": 0.2953580124,
    "operatingIncome": 34201000,
    "operatingIncomeRatio": 0.1013020787,
    "totalOtherIncomeExpensesNet": 1723000,
    "incomeBeforeTax": 35924000,
    "incomeBeforeTaxRatio": 0.1064055401,
    "incomeTaxExpense": 9345000,
    "netIncome": 26579000,
    "netIncomeRatio": 0.0787260007,
    "eps": 0.0615,
    "epsdiluted": 0.0595,
    "weightedAverageShsOut": 432474000,
    "weightedAverageShsOutDil": 446999000,
    "link": "https://www.sec.gov/Archives/edgar/data/1065280/000119312508173275/0001193125-08-173275-index.htm",
    "finalLink": "https://www.sec.gov/Archives/edgar/data/1065280/000119312508173275/d10q.htm"
  },
  {
    "date": "2008-03-31",
    "symbol": "NFLX",
    "reportedCurrency": "USD",
    "cik": "0001065280",
    "fillingDate": "2008-05-06",
    "acceptedDate": "2008-05-05 20:59:46",
    "calendarYear": "2008",
    "period": "Q1",
    "revenue": 326183000,
    "costOfRevenue": 222805000,
    "grossProfit": 103378000,
    "grossProfitRatio": 0.3169325195,
    "researchAndDevelopmentExpenses": 20516000,
    "generalAndAdministrativeExpenses": 13816000,
    "sellingAndMarketingExpenses": 54936000,
    "sellingGeneralAndAdministrativeExpenses": 68752000,
    "otherExpenses": -833000,
    "operatingExpenses": 88435000,
    "costAndExpenses": 311240000,
    "interestIncome": 7660000,
    "interestExpense": 7660000,
    "depreciationAndAmortization": 64154000,
    "ebitda": 87124000,
    "ebitdaratio": 0.2671015963,
    "operatingIncome": 14943000,
    "operatingIncomeRatio": 0.0458117069,
    "totalOtherIncomeExpensesNet": 7660000,
    "incomeBeforeTax": 22603000,
    "incomeBeforeTaxRatio": 0.0692954568,
    "incomeTaxExpense": 9225000,
    "netIncome": 13344000,
    "netIncomeRatio": 0.0409095508,
    "eps": 0.0304,
    "epsdiluted": 0.0295,
    "weightedAverageShsOut": 439432000,
    "weightedAverageShsOutDil": 453880000,
    "link": "https://www.sec.gov/Archives/edgar/data/1065280/000119312508102742/0001193125-08-102742-index.htm",
    "finalLink": "https://www.sec.gov/Archives/edgar/data/1065280/000119312508102742/d10q.htm"
  },
  {
    "date": "2007-12-31",
    "symbol": "NFLX",
    "reportedCurrency": "USD",
    "cik": "0001065280",
    "fillingDate": "2008-02-28",
    "acceptedDate": "2008-02-27 19:42:30",
    "calendarYear": "2007",
    "period": "Q4",
    "revenue": 302355000,
    "costOfRevenue": 200050000,
    "grossProfit": 102305000,
    "grossProfitRatio": 0.3383605365,
    "researchAndDevelopmentExpenses": 18557000,
    "generalAndAdministrativeExpenses": 52532000,
    "sellingAndMarketingExpenses": 218280000,
    "sellingGeneralAndAdministrativeExpenses": 77823000,
    "otherExpenses": 0,
    "operatingExpenses": 82184000,
    "costAndExpenses": 282234000,
    "interestIncome": 0,
    "interestExpense": 20340000,
    "depreciationAndAmortization": 60817000,
    "ebitda": 80938000,
    "ebitdaratio": 0.2676919515,
    "operatingIncome": 20121000,
    "operatingIncomeRatio": 0.0665476013,
    "totalOtherIncomeExpensesNet": 4929000,
    "incomeBeforeTax": 25050000,
    "incomeBeforeTaxRatio": 0.0828496304,
    "incomeTaxExpense": 9274000,
    "netIncome": 15776000,
    "netIncomeRatio": 0.0521770766,
    "eps": 0.0359,
    "epsdiluted": 0.0359,
    "weightedAverageShsOut": 439432000,
    "weightedAverageShsOutDil": 439432000,
    "link": "https://www.sec.gov/Archives/edgar/data/1065280/000119312508040378/0001193125-08-040378-index.htm",
    "finalLink": "https://www.sec.gov/Archives/edgar/data/1065280/000119312508040378/d10k.htm"
  },
  {
    "date": "2007-09-30",
    "symbol": "NFLX",
    "reportedCurrency": "USD",
    "cik": "0001065280",
    "fillingDate": "2007-11-02",
    "acceptedDate": "2007-11-02 14:37:53",
    "calendarYear": "2007",
    "period": "Q3",
    "revenue": 293972000,
    "costOfRevenue": 194453000,
    "grossProfit": 99519000,
    "grossProfitRatio": 0.3385322412,
    "researchAndDevelopmentExpenses": 18216000,
    "generalAndAdministrativeExpenses": 12895000,
    "sellingAndMarketingExpenses": 49166000,
    "sellingGeneralAndAdministrativeExpenses": 62061000,
    "otherExpenses": -2310000,
    "operatingExpenses": 77967000,
    "costAndExpenses": 272420000,
    "interestIncome": 0,
    "interestExpense": 0,
    "depreciationAndAmortization": 53701000,
    "ebitda": 75253000,
    "ebitdaratio": 0.2559869647,
    "operatingIncome": 21552000,
    "operatingIncomeRatio": 0.0733131046,
    "totalOtherIncomeExpensesNet": 5089000,
    "incomeBeforeTax": 26641000,
    "incomeBeforeTaxRatio": 0.0906242771,
    "incomeTaxExpense": 10909000,
    "netIncome": 15732000,
    "netIncomeRatio": 0.0535153008,
    "eps": 0.0338,
    "epsdiluted": 0.033,
    "weightedAverageShsOut": 465283000,
    "weightedAverageShsOutDil": 476630000,
    "link": "https://www.sec.gov/Archives/edgar/data/1065280/000119312507233664/0001193125-07-233664-index.htm",
    "finalLink": "https://www.sec.gov/Archives/edgar/data/1065280/000119312507233664/d10q.htm"
  },
  {
    "date": "2007-06-30",
    "symbol": "NFLX",
    "reportedCurrency": "USD",
    "cik": "0001065280",
    "fillingDate": "2007-08-06",
    "acceptedDate": "2007-08-06 15:02:09",
    "calendarYear": "2007",
    "period": "Q2",
    "revenue": 303693000,
    "costOfRevenue": 196693000,
    "grossProfit": 107000000,
    "grossProfitRatio": 0.3523294906,
    "researchAndDevelopmentExpenses": 18907000,
    "generalAndAdministrativeExpenses": 13847000,
    "sellingAndMarketingExpenses": 45255000,
    "sellingGeneralAndAdministrativeExpenses": 46602000,
    "otherExpenses": 3218000,
    "operatingExpenses": 68727000,
    "costAndExpenses": 265420000,
    "interestIncome": 0,
    "interestExpense": 0,
    "depreciationAndAmortization": 56483000,
    "ebitda": 94756000,
    "ebitdaratio": 0.31201246,
    "operatingIncome": 38273000,
    "operatingIncomeRatio": 0.1260252953,
    "totalOtherIncomeExpensesNet": 4972000,
    "incomeBeforeTax": 43245000,
    "incomeBeforeTaxRatio": 0.1423970918,
    "incomeTaxExpense": 17665000,
    "netIncome": 25494000,
    "netIncomeRatio": 0.0839466171,
    "eps": 0.0537,
    "epsdiluted": 0.0523,
    "weightedAverageShsOut": 476217000,
    "weightedAverageShsOutDil": 489237000,
    "link": "https://www.sec.gov/Archives/edgar/data/1065280/000119312507171865/0001193125-07-171865-index.htm",
    "finalLink": "https://www.sec.gov/Archives/edgar/data/1065280/000119312507171865/d10q.htm"
  },
  {
    "date": "2007-03-31",
    "symbol": "NFLX",
    "reportedCurrency": "USD",
    "cik": "0001065280",
    "fillingDate": "2007-05-07",
    "acceptedDate": "2007-05-04 21:42:16",
    "calendarYear": "2007",
    "period": "Q1",
    "revenue": 305320000,
    "costOfRevenue": 194972000,
    "grossProfit": 110348000,
    "grossProfitRatio": 0.3614175291,
    "researchAndDevelopmentExpenses": 15715000,
    "generalAndAdministrativeExpenses": 12188000,
    "sellingAndMarketingExpenses": 72138000,
    "sellingGeneralAndAdministrativeExpenses": 84326000,
    "otherExpenses": -908000,
    "operatingExpenses": 99133000,
    "costAndExpenses": 294105000,
    "interestIncome": 0,
    "interestExpense": 0,
    "depreciationAndAmortization": 53985000,
    "ebitda": 65200000,
    "ebitdaratio": 0.2135464431,
    "operatingIncome": 11215000,
    "operatingIncomeRatio": 0.0367319534,
    "totalOtherIncomeExpensesNet": 5350000,
    "incomeBeforeTax": 16565000,
    "incomeBeforeTaxRatio": 0.0542545526,
    "incomeTaxExpense": 6701000,
    "netIncome": 9864000,
    "netIncomeRatio": 0.0323070876,
    "eps": 0.0205,
    "epsdiluted": 0.0199,
    "weightedAverageShsOut": 480851000,
    "weightedAverageShsOutDil": 494704000,
    "link": "https://www.sec.gov/Archives/edgar/data/1065280/000119312507103250/0001193125-07-103250-index.htm",
    "finalLink": "https://www.sec.gov/Archives/edgar/data/1065280/000119312507103250/d10q.htm"
  },
  {
    "date": "2006-12-31",
    "symbol": "NFLX",
    "reportedCurrency": "USD",
    "cik": "0001065280",
    "fillingDate": "2007-02-28",
    "acceptedDate": "2007-02-28 16:40:18",
    "calendarYear": "2006",
    "period": "Q4",
    "revenue": 277233000,
    "costOfRevenue": 169348000,
    "grossProfit": 107885000,
    "grossProfitRatio": 0.3891491994,
    "researchAndDevelopmentExpenses": 13201000,
    "generalAndAdministrativeExpenses": 13812000,
    "sellingAndMarketingExpenses": 47566000,
    "sellingGeneralAndAdministrativeExpenses": 77300000,
    "otherExpenses": -1304000,
    "operatingExpenses": 89197000,
    "costAndExpenses": 258545000,
    "interestIncome": 0,
    "interestExpense": 0,
    "depreciationAndAmortization": 50115000,
    "ebitda": 68803000,
    "ebitdaratio": 0.2481775258,
    "operatingIncome": 18688000,
    "operatingIncomeRatio": 0.0674090025,
    "totalOtherIncomeExpensesNet": 5064000,
    "incomeBeforeTax": 23752000,
    "incomeBeforeTaxRatio": 0.0856752263,
    "incomeTaxExpense": 8892000,
    "netIncome": 14860000,
    "netIncomeRatio": 0.0536011225,
    "eps": 0.0309,
    "epsdiluted": 0.0309,
    "weightedAverageShsOut": 479430000,
    "weightedAverageShsOutDil": 480851000,
    "link": "https://www.sec.gov/Archives/edgar/data/1065280/000119312507042689/0001193125-07-042689-index.htm",
    "finalLink": "https://www.sec.gov/Archives/edgar/data/1065280/000119312507042689/d10k.htm"
  },
  {
    "date": "2006-09-30",
    "symbol": "NFLX",
    "reportedCurrency": "USD",
    "cik": "0001065280",
    "fillingDate": "2006-11-09",
    "acceptedDate": "2006-11-09 16:03:26",
    "calendarYear": "2006",
    "period": "Q3",
    "revenue": 255950000,
    "costOfRevenue": 158793000,
    "grossProfit": 97157000,
    "grossProfitRatio": 0.3795936706,
    "researchAndDevelopmentExpenses": 11929000,
    "generalAndAdministrativeExpenses": 9948000,
    "sellingAndMarketingExpenses": 59367000,
    "sellingGeneralAndAdministrativeExpenses": 69315000,
    "otherExpenses": -1142000,
    "operatingExpenses": 80102000,
    "costAndExpenses": 238895000,
    "interestIncome": 0,
    "interestExpense": 0,
    "depreciationAndAmortization": 40344000,
    "ebitda": 57399000,
    "ebitdaratio": 0.2242586443,
    "operatingIncome": 17055000,
    "operatingIncomeRatio": 0.0666341082,
    "totalOtherIncomeExpensesNet": 4687000,
    "incomeBeforeTax": 21742000,
    "incomeBeforeTaxRatio": 0.0849462786,
    "incomeTaxExpense": 8961000,
    "netIncome": 12781000,
    "netIncomeRatio": 0.0499355343,
    "eps": 0.0268,
    "epsdiluted": 0.026,
    "weightedAverageShsOut": 476567000,
    "weightedAverageShsOutDil": 492415000,
    "link": "https://www.sec.gov/Archives/edgar/data/1065280/000119312506230314/0001193125-06-230314-index.htm",
    "finalLink": "https://www.sec.gov/Archives/edgar/data/1065280/000119312506230314/d10q.htm"
  },
  {
    "date": "2006-06-30",
    "symbol": "NFLX",
    "reportedCurrency": "USD",
    "cik": "0001065280",
    "fillingDate": "2006-08-09",
    "acceptedDate": "2006-08-09 15:27:37",
    "calendarYear": "2006",
    "period": "Q2",
    "revenue": 239351000,
    "costOfRevenue": 150579000,
    "grossProfit": 88772000,
    "grossProfitRatio": 0.3708862716,
    "researchAndDevelopmentExpenses": 12043000,
    "generalAndAdministrativeExpenses": 6773000,
    "sellingAndMarketingExpenses": 47031000,
    "sellingGeneralAndAdministrativeExpenses": 53804000,
    "otherExpenses": -563000,
    "operatingExpenses": 65284000,
    "costAndExpenses": 215863000,
    "interestIncome": 0,
    "interestExpense": 0,
    "depreciationAndAmortization": 35775000,
    "ebitda": 59263000,
    "ebitdaratio": 0.2475987149,
    "operatingIncome": 23488000,
    "operatingIncomeRatio": 0.098132032,
    "totalOtherIncomeExpensesNet": 3701000,
    "incomeBeforeTax": 27590000,
    "incomeBeforeTaxRatio": 0.1152700427,
    "incomeTaxExpense": 10553000,
    "netIncome": 17037000,
    "netIncomeRatio": 0.0711799825,
    "eps": 0.0417,
    "epsdiluted": 0.0352,
    "weightedAverageShsOut": 408681000,
    "weightedAverageShsOutDil": 484225000,
    "link": "https://www.sec.gov/Archives/edgar/data/1065280/000119312506167595/0001193125-06-167595-index.htm",
    "finalLink": "https://www.sec.gov/Archives/edgar/data/1065280/000119312506167595/d10q.htm"
  },
  {
    "date": "2006-03-31",
    "symbol": "NFLX",
    "reportedCurrency": "USD",
    "cik": "0001065280",
    "fillingDate": "2006-05-09",
    "acceptedDate": "2006-05-09 14:14:36",
    "calendarYear": "2006",
    "period": "Q1",
    "revenue": 224126000,
    "costOfRevenue": 148265000,
    "grossProfit": 75861000,
    "grossProfitRatio": 0.3384747865,
    "researchAndDevelopmentExpenses": 11206000,
    "generalAndAdministrativeExpenses": 8292000,
    "sellingAndMarketingExpenses": 52968000,
    "sellingGeneralAndAdministrativeExpenses": 61260000,
    "otherExpenses": -1387000,
    "operatingExpenses": 71079000,
    "costAndExpenses": 219344000,
    "interestIncome": 0,
    "interestExpense": 0,
    "depreciationAndAmortization": 30902000,
    "ebitda": 35684000,
    "ebitdaratio": 0.1592140135,
    "operatingIncome": 4782000,
    "operatingIncomeRatio": 0.0213362127,
    "totalOtherIncomeExpensesNet": 2452000,
    "incomeBeforeTax": 7234000,
    "incomeBeforeTaxRatio": 0.0322764873,
    "incomeTaxExpense": 2830000,
    "netIncome": 4404000,
    "netIncomeRatio": 0.0196496614,
    "eps": 0.0114,
    "epsdiluted": 0.0095,
    "weightedAverageShsOut": 386491000,
    "weightedAverageShsOutDil": 465192000,
    "link": "https://www.sec.gov/Archives/edgar/data/1065280/000119312506105115/0001193125-06-105115-index.htm",
    "finalLink": "https://www.sec.gov/Archives/edgar/data/1065280/000119312506105115/d10q.htm"
  },
  {
    "date": "2005-12-31",
    "symbol": "NFLX",
    "reportedCurrency": "USD",
    "cik": "0001065280",
    "fillingDate": "2006-03-16",
    "acceptedDate": "2006-03-16 16:01:50",
    "calendarYear": "2005",
    "period": "Q4",
    "revenue": 189259000,
    "costOfRevenue": 170187000,
    "grossProfit": 19072000,
    "grossProfitRatio": 0.100771958,
    "researchAndDevelopmentExpenses": 4773000,
    "generalAndAdministrativeExpenses": 9585000,
    "sellingAndMarketingExpenses": 49949000,
    "sellingGeneralAndAdministrativeExpenses": 13488000,
    "otherExpenses": -49809000,
    "operatingExpenses": 16274000,
    "costAndExpenses": 186461000,
    "interestIncome": 0,
    "interestExpense": 0,
    "depreciationAndAmortization": 27476000,
    "ebitda": 30274000,
    "ebitdaratio": 0.1599606888,
    "operatingIncome": 2798000,
    "operatingIncomeRatio": 0.0147839733,
    "totalOtherIncomeExpensesNet": 1612000,
    "incomeBeforeTax": 4410000,
    "incomeBeforeTaxRatio": 0.0233014018,
    "incomeTaxExpense": -33801000,
    "netIncome": 38211000,
    "netIncomeRatio": 0.2018979282,
    "eps": 0.0989,
    "epsdiluted": 0.0989,
    "weightedAverageShsOut": 380807000,
    "weightedAverageShsOutDil": 386491000,
    "link": "https://www.sec.gov/Archives/edgar/data/1065280/000119312506056663/0001193125-06-056663-index.htm",
    "finalLink": "https://www.sec.gov/Archives/edgar/data/1065280/000119312506056663/d10k.htm"
  },
  {
    "date": "2005-09-30",
    "symbol": "NFLX",
    "reportedCurrency": "USD",
    "cik": "0001065280",
    "fillingDate": "2005-11-09",
    "acceptedDate": "2005-11-09 17:04:13",
    "calendarYear": "2005",
    "period": "Q3",
    "revenue": 174317000,
    "costOfRevenue": 99067000,
    "grossProfit": 75250000,
    "grossProfitRatio": 0.4316848041,
    "researchAndDevelopmentExpenses": 8955000,
    "generalAndAdministrativeExpenses": 8020000,
    "sellingAndMarketingExpenses": 32867000,
    "sellingGeneralAndAdministrativeExpenses": 43004000,
    "otherExpenses": -2934000,
    "operatingExpenses": 69730000,
    "costAndExpenses": 168797000,
    "interestIncome": 0,
    "interestExpense": 0,
    "depreciationAndAmortization": 27040000,
    "ebitda": 32560000,
    "ebitdaratio": 0.1867861425,
    "operatingIncome": 5520000,
    "operatingIncomeRatio": 0.0316664468,
    "totalOtherIncomeExpensesNet": 1478000,
    "incomeBeforeTax": 6998000,
    "incomeBeforeTaxRatio": 0.0401452526,
    "incomeTaxExpense": 52000,
    "netIncome": 6946000,
    "netIncomeRatio": 0.0398469455,
    "eps": 0.0185,
    "epsdiluted": 0.015,
    "weightedAverageShsOut": 375851000,
    "weightedAverageShsOutDil": 462084000,
    "link": "https://www.sec.gov/Archives/edgar/data/1065280/000119312505221711/0001193125-05-221711-index.htm",
    "finalLink": "https://www.sec.gov/Archives/edgar/data/1065280/000119312505221711/d10q.htm"
  },
  {
    "date": "2005-06-30",
    "symbol": "NFLX",
    "reportedCurrency": "USD",
    "cik": "0001065280",
    "fillingDate": "2005-08-09",
    "acceptedDate": "2005-08-08 19:37:43",
    "calendarYear": "2005",
    "period": "Q2",
    "revenue": 164497000,
    "costOfRevenue": 100311000,
    "grossProfit": 64186000,
    "grossProfitRatio": 0.3901955659,
    "researchAndDevelopmentExpenses": 7513000,
    "generalAndAdministrativeExpenses": 4898000,
    "sellingAndMarketingExpenses": 26338000,
    "sellingGeneralAndAdministrativeExpenses": 33192000,
    "otherExpenses": -1527000,
    "operatingExpenses": 59732000,
    "costAndExpenses": 160043000,
    "interestIncome": 0,
    "interestExpense": 0,
    "depreciationAndAmortization": 28088000,
    "ebitda": 32542000,
    "ebitdaratio": 0.197827316,
    "operatingIncome": 4454000,
    "operatingIncomeRatio": 0.0270764816,
    "totalOtherIncomeExpensesNet": 1243000,
    "incomeBeforeTax": 5697000,
    "incomeBeforeTaxRatio": 0.0346328504,
    "incomeTaxExpense": 13000,
    "netIncome": 5684000,
    "netIncomeRatio": 0.0345538217,
    "eps": 0.0153,
    "epsdiluted": 0.0126,
    "weightedAverageShsOut": 372330000,
    "weightedAverageShsOutDil": 452144000,
    "link": "https://www.sec.gov/Archives/edgar/data/1065280/000119312505161122/0001193125-05-161122-index.htm",
    "finalLink": "https://www.sec.gov/Archives/edgar/data/1065280/000119312505161122/d10q.htm"
  },
  {
    "date": "2005-03-31",
    "symbol": "NFLX",
    "reportedCurrency": "USD",
    "cik": "0001065280",
    "fillingDate": "2005-05-10",
    "acceptedDate": "2005-05-10 15:28:38",
    "calendarYear": "2005",
    "period": "Q1",
    "revenue": 154140000,
    "costOfRevenue": 94985000,
    "grossProfit": 59155000,
    "grossProfitRatio": 0.3837744907,
    "researchAndDevelopmentExpenses": 7155000,
    "generalAndAdministrativeExpenses": 5007000,
    "sellingAndMarketingExpenses": 35803000,
    "sellingGeneralAndAdministrativeExpenses": 42542000,
    "otherExpenses": -1135000,
    "operatingExpenses": 68938000,
    "costAndExpenses": 163923000,
    "interestIncome": 0,
    "interestExpense": 0,
    "depreciationAndAmortization": 24398000,
    "ebitda": 14615000,
    "ebitdaratio": 0.0948164007,
    "operatingIncome": -9783000,
    "operatingIncomeRatio": -0.0634682756,
    "totalOtherIncomeExpensesNet": 1013000,
    "incomeBeforeTax": -8770000,
    "incomeBeforeTaxRatio": -0.056896328,
    "incomeTaxExpense": 44000,
    "netIncome": -8814000,
    "netIncomeRatio": -0.0571817828,
    "eps": -0.0238,
    "epsdiluted": -0.0238,
    "weightedAverageShsOut": 369712000,
    "weightedAverageShsOutDil": 369712000,
    "link": "https://www.sec.gov/Archives/edgar/data/1065280/000119312505102632/0001193125-05-102632-index.htm",
    "finalLink": "https://www.sec.gov/Archives/edgar/data/1065280/000119312505102632/d10q.htm"
  },
  {
    "date": "2004-12-31",
    "symbol": "NFLX",
    "reportedCurrency": "USD",
    "cik": "0001065280",
    "fillingDate": "2005-03-15",
    "acceptedDate": "2005-03-15 16:49:49",
    "calendarYear": "2004",
    "period": "Q4",
    "revenue": 143893000,
    "costOfRevenue": 78442000,
    "grossProfit": 65451000,
    "grossProfitRatio": 0.4548588187,
    "researchAndDevelopmentExpenses": 5890000,
    "generalAndAdministrativeExpenses": 6737000,
    "sellingAndMarketingExpenses": 35783000,
    "sellingGeneralAndAdministrativeExpenses": 54872000,
    "otherExpenses": 0,
    "operatingExpenses": 60762000,
    "costAndExpenses": 139204000,
    "interestIncome": 0,
    "interestExpense": 0,
    "depreciationAndAmortization": 22809000,
    "ebitda": 27498000,
    "ebitdaratio": 0.1911003315,
    "operatingIncome": 4689000,
    "operatingIncomeRatio": 0.0325867137,
    "totalOtherIncomeExpensesNet": 4390000,
    "incomeBeforeTax": -20948000,
    "incomeBeforeTaxRatio": -0.1455803965,
    "incomeTaxExpense": 16026000,
    "netIncome": 5569000,
    "netIncomeRatio": 0.0387023691,
    "eps": 0.0151,
    "epsdiluted": 0.0151,
    "weightedAverageShsOut": 367906000,
    "weightedAverageShsOutDil": 369712000,
    "link": "https://www.sec.gov/Archives/edgar/data/1065280/000119312505051159/0001193125-05-051159-index.htm",
    "finalLink": "https://www.sec.gov/Archives/edgar/data/1065280/000119312505051159/d10k.htm"
  },
  {
    "date": "2004-09-30",
    "symbol": "NFLX",
    "reportedCurrency": "USD",
    "cik": "0001065280",
    "fillingDate": "2004-11-09",
    "acceptedDate": "2004-11-09 15:35:49",
    "calendarYear": "2004",
    "period": "Q3",
    "revenue": 141644000,
    "costOfRevenue": 71601000,
    "grossProfit": 70043000,
    "grossProfitRatio": 0.4945002965,
    "researchAndDevelopmentExpenses": 6325000,
    "generalAndAdministrativeExpenses": 4122000,
    "sellingAndMarketingExpenses": 22525000,
    "sellingGeneralAndAdministrativeExpenses": 43648000,
    "otherExpenses": 0,
    "operatingExpenses": 51645000,
    "costAndExpenses": 123246000,
    "interestIncome": 0,
    "interestExpense": 0,
    "depreciationAndAmortization": 22472000,
    "ebitda": 40870000,
    "ebitdaratio": 0.2885402841,
    "operatingIncome": 18398000,
    "operatingIncomeRatio": 0.1298890175,
    "totalOtherIncomeExpensesNet": 527000,
    "incomeBeforeTax": 18925000,
    "incomeBeforeTaxRatio": 0.1336096128,
    "incomeTaxExpense": 0,
    "netIncome": 18925000,
    "netIncomeRatio": 0.1336096128,
    "eps": 0.0518,
    "epsdiluted": 0.0419,
    "weightedAverageShsOut": 365477000,
    "weightedAverageShsOutDil": 451143000,
    "link": "https://www.sec.gov/Archives/edgar/data/1065280/000119312504191186/0001193125-04-191186-index.htm",
    "finalLink": "https://www.sec.gov/Archives/edgar/data/1065280/000119312504191186/d10q.htm"
  },
  {
    "date": "2004-06-30",
    "symbol": "NFLX",
    "reportedCurrency": "USD",
    "cik": "0001065280",
    "fillingDate": "2004-08-02",
    "acceptedDate": "2004-07-30 20:14:58",
    "calendarYear": "2004",
    "period": "Q2",
    "revenue": 120321000,
    "costOfRevenue": 69788000,
    "grossProfit": 50533000,
    "grossProfitRatio": 0.4199848738,
    "researchAndDevelopmentExpenses": 5652000,
    "generalAndAdministrativeExpenses": 3280000,
    "sellingAndMarketingExpenses": 20477000,
    "sellingGeneralAndAdministrativeExpenses": 42264000,
    "otherExpenses": 0,
    "operatingExpenses": 47916000,
    "costAndExpenses": 117704000,
    "interestIncome": 0,
    "interestExpense": 0,
    "depreciationAndAmortization": 22918000,
    "ebitda": 25535000,
    "ebitdaratio": 0.2122239676,
    "operatingIncome": 2617000,
    "operatingIncomeRatio": 0.0217501517,
    "totalOtherIncomeExpensesNet": 274000,
    "incomeBeforeTax": 2891000,
    "incomeBeforeTaxRatio": 0.0240273934,
    "incomeTaxExpense": 0,
    "netIncome": 2891000,
    "netIncomeRatio": 0.0240273934,
    "eps": 0.008,
    "epsdiluted": 0.0064,
    "weightedAverageShsOut": 363286000,
    "weightedAverageShsOutDil": 454825000,
    "link": "https://www.sec.gov/Archives/edgar/data/1065280/000119312504128377/0001193125-04-128377-index.htm",
    "finalLink": "https://www.sec.gov/Archives/edgar/data/1065280/000119312504128377/d10q.htm"
  },
  {
    "date": "2004-03-31",
    "symbol": "NFLX",
    "reportedCurrency": "USD",
    "cik": "0001065280",
    "fillingDate": "2004-04-30",
    "acceptedDate": "2004-04-30 17:18:04",
    "calendarYear": "2004",
    "period": "Q1",
    "revenue": 100370000,
    "costOfRevenue": 56627000,
    "grossProfit": 43743000,
    "grossProfitRatio": 0.4358174753,
    "researchAndDevelopmentExpenses": 5039000,
    "generalAndAdministrativeExpenses": 3136000,
    "sellingAndMarketingExpenses": 26693000,
    "sellingGeneralAndAdministrativeExpenses": 45054000,
    "otherExpenses": 0,
    "operatingExpenses": 50093000,
    "costAndExpenses": 106720000,
    "interestIncome": 0,
    "interestExpense": 0,
    "depreciationAndAmortization": 20005000,
    "ebitda": 13655000,
    "ebitdaratio": 0.1360466275,
    "operatingIncome": -6350000,
    "operatingIncomeRatio": -0.0632659161,
    "totalOtherIncomeExpensesNet": 560000,
    "incomeBeforeTax": -5790000,
    "incomeBeforeTaxRatio": -0.0576865597,
    "incomeTaxExpense": 0,
    "netIncome": -5790000,
    "netIncomeRatio": -0.0576865597,
    "eps": -0.0161,
    "epsdiluted": -0.0161,
    "weightedAverageShsOut": 358974000,
    "weightedAverageShsOutDil": 358974000,
    "link": "https://www.sec.gov/Archives/edgar/data/1065280/000119312504075632/0001193125-04-075632-index.htm",
    "finalLink": "https://www.sec.gov/Archives/edgar/data/1065280/000119312504075632/d10q.htm"
  },
  {
    "date": "2003-12-31",
    "symbol": "NFLX",
    "reportedCurrency": "USD",
    "cik": "0001065280",
    "fillingDate": "2004-02-27",
    "acceptedDate": "2004-02-27 17:06:16",
    "calendarYear": "2003",
    "period": "Q4",
    "revenue": 81185000,
    "costOfRevenue": 44464000,
    "grossProfit": 36721000,
    "grossProfitRatio": 0.4523126193,
    "researchAndDevelopmentExpenses": 4840000,
    "generalAndAdministrativeExpenses": 4658000,
    "sellingAndMarketingExpenses": 21031000,
    "sellingGeneralAndAdministrativeExpenses": 28202000,
    "otherExpenses": 0,
    "operatingExpenses": 33042000,
    "costAndExpenses": 77506000,
    "interestIncome": 0,
    "interestExpense": 0,
    "depreciationAndAmortization": 16675000,
    "ebitda": 18208000,
    "ebitdaratio": 0.2242778838,
    "operatingIncome": 1533000,
    "operatingIncomeRatio": 0.0188827985,
    "totalOtherIncomeExpensesNet": -1533000,
    "incomeBeforeTax": -39182000,
    "incomeBeforeTaxRatio": -0.4826261009,
    "incomeTaxExpense": 2095000,
    "netIncome": 2271000,
    "netIncomeRatio": 0.0279731477,
    "eps": 0.0063,
    "epsdiluted": 0.0063,
    "weightedAverageShsOut": 355945590,
    "weightedAverageShsOutDil": 358974000,
    "link": "https://www.sec.gov/Archives/edgar/data/1065280/000119312504031416/0001193125-04-031416-index.htm",
    "finalLink": "https://www.sec.gov/Archives/edgar/data/1065280/000119312504031416/d10k.htm"
  },
  {
    "date": "2003-09-30",
    "symbol": "NFLX",
    "reportedCurrency": "USD",
    "cik": "0001065280",
    "fillingDate": "2003-10-31",
    "acceptedDate": "2003-10-31 16:45:57",
    "calendarYear": "2003",
    "period": "Q3",
    "revenue": 72202000,
    "costOfRevenue": 38648000,
    "grossProfit": 33554000,
    "grossProfitRatio": 0.4647239689,
    "researchAndDevelopmentExpenses": 4738000,
    "generalAndAdministrativeExpenses": 2678000,
    "sellingAndMarketingExpenses": 12183000,
    "sellingGeneralAndAdministrativeExpenses": 23814000,
    "otherExpenses": 2146000,
    "operatingExpenses": 30698000,
    "costAndExpenses": 69346000,
    "interestIncome": 0,
    "interestExpense": 0,
    "depreciationAndAmortization": 14214000,
    "ebitda": 17070000,
    "ebitdaratio": 0.2364200438,
    "operatingIncome": 2856000,
    "operatingIncomeRatio": 0.039555691,
    "totalOtherIncomeExpensesNet": 447000,
    "incomeBeforeTax": 3303000,
    "incomeBeforeTaxRatio": 0.0457466552,
    "incomeTaxExpense": 0,
    "netIncome": 3303000,
    "netIncomeRatio": 0.0457466552,
    "eps": 0.0098,
    "epsdiluted": 0.0075,
    "weightedAverageShsOut": 337204000,
    "weightedAverageShsOutDil": 440440000,
    "link": "https://www.sec.gov/Archives/edgar/data/1065280/000119312503070952/0001193125-03-070952-index.htm",
    "finalLink": "https://www.sec.gov/Archives/edgar/data/1065280/000119312503070952/d10q.htm"
  },
  {
    "date": "2003-06-30",
    "symbol": "NFLX",
    "reportedCurrency": "USD",
    "cik": "0001065280",
    "fillingDate": "2003-07-31",
    "acceptedDate": "2003-07-31 17:17:14",
    "calendarYear": "2003",
    "period": "Q2",
    "revenue": 63187000,
    "costOfRevenue": 35241000,
    "grossProfit": 27946000,
    "grossProfitRatio": 0.4422745185,
    "researchAndDevelopmentExpenses": 4123000,
    "generalAndAdministrativeExpenses": 2093000,
    "sellingAndMarketingExpenses": 9957000,
    "sellingGeneralAndAdministrativeExpenses": 18829000,
    "otherExpenses": 2146000,
    "operatingExpenses": 25098000,
    "costAndExpenses": 60339000,
    "interestIncome": 0,
    "interestExpense": 0,
    "depreciationAndAmortization": 11340000,
    "ebitda": 14188000,
    "ebitdaratio": 0.2245398579,
    "operatingIncome": 2848000,
    "operatingIncomeRatio": 0.0450725624,
    "totalOtherIncomeExpensesNet": 465000,
    "incomeBeforeTax": 3313000,
    "incomeBeforeTaxRatio": 0.0524316711,
    "incomeTaxExpense": 0,
    "netIncome": 3313000,
    "netIncomeRatio": 0.0524316711,
    "eps": 0.01,
    "epsdiluted": 0.0077,
    "weightedAverageShsOut": 331072000,
    "weightedAverageShsOutDil": 431368000,
    "link": "https://www.sec.gov/Archives/edgar/data/1065280/000119312503027244/0001193125-03-027244-index.htm",
    "finalLink": "https://www.sec.gov/Archives/edgar/data/1065280/000119312503027244/d10q.htm"
  },
  {
    "date": "2003-03-31",
    "symbol": "NFLX",
    "reportedCurrency": "USD",
    "cik": "0001065280",
    "fillingDate": "2003-05-14",
    "acceptedDate": "2003-05-14 17:14:29",
    "calendarYear": "2003",
    "period": "Q1",
    "revenue": 55669000,
    "costOfRevenue": 30007000,
    "grossProfit": 25662000,
    "grossProfitRatio": 0.4609746897,
    "researchAndDevelopmentExpenses": 4183000,
    "generalAndAdministrativeExpenses": 2248000,
    "sellingAndMarketingExpenses": 13207000,
    "sellingGeneralAndAdministrativeExpenses": 24244000,
    "otherExpenses": 0,
    "operatingExpenses": 30573000,
    "costAndExpenses": 58434000,
    "interestIncome": 0,
    "interestExpense": 0,
    "depreciationAndAmortization": 8762000,
    "ebitda": 3851000,
    "ebitdaratio": 0.0691767411,
    "operatingIncome": -4911000,
    "operatingIncomeRatio": -0.0882178591,
    "totalOtherIncomeExpensesNet": 390000,
    "incomeBeforeTax": -4521000,
    "incomeBeforeTaxRatio": -0.0812121648,
    "incomeTaxExpense": 0,
    "netIncome": -4521000,
    "netIncomeRatio": -0.0812121648,
    "eps": -0.0142,
    "epsdiluted": -0.0142,
    "weightedAverageShsOut": 318318000,
    "weightedAverageShsOutDil": 318318000,
    "link": "https://www.sec.gov/Archives/edgar/data/1065280/000101287003002583/0001012870-03-002583-index.htm",
    "finalLink": "https://www.sec.gov/Archives/edgar/data/1065280/000101287003002583/d10q.htm"
  },
  {
    "date": "2002-12-31",
    "symbol": "NFLX",
    "reportedCurrency": "USD",
    "cik": "0001065280",
    "fillingDate": "2003-03-31",
    "acceptedDate": "2003-03-31 16:05:01",
    "calendarYear": "2002",
    "period": "Q4",
    "revenue": 45188000,
    "costOfRevenue": 23390000,
    "grossProfit": 21798000,
    "grossProfitRatio": 0.4823847039,
    "researchAndDevelopmentExpenses": 3960000,
    "generalAndAdministrativeExpenses": 10554000,
    "sellingAndMarketingExpenses": 25727000,
    "sellingGeneralAndAdministrativeExpenses": 20639000,
    "otherExpenses": 0,
    "operatingExpenses": 24599000,
    "costAndExpenses": 47989000,
    "interestIncome": 0,
    "interestExpense": 0,
    "depreciationAndAmortization": 8095000,
    "ebitda": 5294000,
    "ebitdaratio": 0.1171549969,
    "operatingIncome": -2801000,
    "operatingIncomeRatio": -0.0619854829,
    "totalOtherIncomeExpensesNet": 2801000,
    "incomeBeforeTax": -57363000,
    "incomeBeforeTaxRatio": -1.2694299372,
    "incomeTaxExpense": -19632000,
    "netIncome": -2315000,
    "netIncomeRatio": -0.0512304152,
    "eps": -0.0074,
    "epsdiluted": -0.0073,
    "weightedAverageShsOut": 314241130,
    "weightedAverageShsOutDil": 318318000,
    "link": "https://www.sec.gov/Archives/edgar/data/1065280/000095016803001155/0000950168-03-001155-index.htm",
    "finalLink": "https://www.sec.gov/Archives/edgar/data/1065280/000095016803001155/d10k.htm"
  },
  {
    "date": "2002-09-30",
    "symbol": "NFLX",
    "reportedCurrency": "USD",
    "cik": "0001065280",
    "fillingDate": "2002-11-14",
    "acceptedDate": "2002-11-14 16:48:28",
    "calendarYear": "2002",
    "period": "Q3",
    "revenue": 40731000,
    "costOfRevenue": 21496000,
    "grossProfit": 19235000,
    "grossProfitRatio": 0.4722447276,
    "researchAndDevelopmentExpenses": 3966000,
    "generalAndAdministrativeExpenses": 17544000,
    "sellingAndMarketingExpenses": 0,
    "sellingGeneralAndAdministrativeExpenses": 17544000,
    "otherExpenses": 0,
    "operatingExpenses": 21510000,
    "costAndExpenses": 43006000,
    "interestIncome": 0,
    "interestExpense": 580000,
    "depreciationAndAmortization": 7047000,
    "ebitda": 4772000,
    "ebitdaratio": 0.1171589207,
    "operatingIncome": -2275000,
    "operatingIncomeRatio": -0.0558542633,
    "totalOtherIncomeExpensesNet": 580000,
    "incomeBeforeTax": -1695000,
    "incomeBeforeTaxRatio": -0.0416144951,
    "incomeTaxExpense": 0,
    "netIncome": -1695000,
    "netIncomeRatio": -0.0416144951,
    "eps": -0.0055,
    "epsdiluted": -0.0055,
    "weightedAverageShsOut": 306908000,
    "weightedAverageShsOutDil": 306908000,
    "link": "https://www.sec.gov/Archives/edgar/data/1065280/000102140802014175/0001021408-02-014175-index.htm",
    "finalLink": "https://www.sec.gov/Archives/edgar/data/1065280/000102140802014175/d10q.htm"
  },
  {
    "date": "2002-06-30",
    "symbol": "NFLX",
    "reportedCurrency": "USD",
    "cik": "0001065280",
    "fillingDate": "2002-08-14",
    "acceptedDate": "2002-08-14 14:55:55",
    "calendarYear": "2002",
    "period": "Q2",
    "revenue": 36360000,
    "costOfRevenue": 18092000,
    "grossProfit": 18268000,
    "grossProfitRatio": 0.502420242,
    "researchAndDevelopmentExpenses": 3518000,
    "generalAndAdministrativeExpenses": 1638000,
    "sellingAndMarketingExpenses": 8054000,
    "sellingGeneralAndAdministrativeExpenses": 16293000,
    "otherExpenses": 999000,
    "operatingExpenses": 20810000,
    "costAndExpenses": 38902000,
    "interestIncome": 0,
    "interestExpense": 0,
    "depreciationAndAmortization": 6255000,
    "ebitda": 3713000,
    "ebitdaratio": 0.1021177118,
    "operatingIncome": -2542000,
    "operatingIncomeRatio": -0.0699119912,
    "totalOtherIncomeExpensesNet": -10887000,
    "incomeBeforeTax": -13429000,
    "incomeBeforeTaxRatio": -0.3693344334,
    "incomeTaxExpense": 0,
    "netIncome": -13429000,
    "netIncomeRatio": -0.3693344334,
    "eps": -0.0939,
    "epsdiluted": -0.0939,
    "weightedAverageShsOut": 143024000,
    "weightedAverageShsOutDil": 143024000,
    "link": "https://www.sec.gov/Archives/edgar/data/1065280/000101287002003483/0001012870-02-003483-index.htm",
    "finalLink": "https://www.sec.gov/Archives/edgar/data/1065280/000101287002003483/d10q.htm"
  },
  {
    "date": "2002-03-31",
    "symbol": "NFLX",
    "reportedCurrency": "USD",
    "cik": "0001065280",
    "fillingDate": "2002-03-31",
    "acceptedDate": "2002-03-31 00:00:00",
    "calendarYear": "2002",
    "period": "Q1",
    "revenue": 30527000,
    "costOfRevenue": 15158000,
    "grossProfit": 15369000,
    "grossProfitRatio": 0.503455957,
    "researchAndDevelopmentExpenses": 3181000,
    "generalAndAdministrativeExpenses": 0,
    "sellingAndMarketingExpenses": 0,
    "sellingGeneralAndAdministrativeExpenses": 16242000,
    "otherExpenses": 0,
    "operatingExpenses": 19423000,
    "costAndExpenses": 34581000,
    "interestIncome": 0,
    "interestExpense": 0,
    "depreciationAndAmortization": 5080000,
    "ebitda": 1026000,
    "ebitdaratio": 0.0336095915,
    "operatingIncome": -4054000,
    "operatingIncomeRatio": -0.1328004717,
    "totalOtherIncomeExpensesNet": 0,
    "incomeBeforeTax": 0,
    "incomeBeforeTaxRatio": 0,
    "incomeTaxExpense": 454000,
    "netIncome": -4508000,
    "netIncomeRatio": -0.1476725522,
    "eps": -0.0787,
    "epsdiluted": -0.0787,
    "weightedAverageShsOut": 57316000,
    "weightedAverageShsOutDil": 57316000,
    "link": null,
    "finalLink": null
  }
]