[
  {
    "date": "2025-06-30",
    "symbol": "NI",
    "reportedCurrency": "USD",
    "cik": "0001111711",
    "fillingDate": "2025-08-06",
    "acceptedDate": "2025-08-06 06:36:43",
    "calendarYear": "2025",
    "period": "Q2",
    "revenue": 1283000000,
    "costOfRevenue": 658000000,
    "grossProfit": 625000000,
    "grossProfitRatio": 0.4871395168,
    "researchAndDevelopmentExpenses": 0,
    "generalAndAdministrativeExpenses": 0,
    "sellingAndMarketingExpenses": 0,
    "sellingGeneralAndAdministrativeExpenses": 0,
    "otherExpenses": 362100000,
    "operatingExpenses": 362100000,
    "costAndExpenses": 1020100000,
    "interestIncome": 1500000,
    "interestExpense": 139100000,
    "depreciationAndAmortization": 286700000,
    "ebitda": 550100000,
    "ebitdaratio": 0.4287607171,
    "operatingIncome": 262900000,
    "operatingIncomeRatio": 0.2049103663,
    "totalOtherIncomeExpensesNet": -138600000,
    "incomeBeforeTax": 124300000,
    "incomeBeforeTaxRatio": 0.0968823071,
    "incomeTaxExpense": 23800000,
    "netIncome": 102200000,
    "netIncomeRatio": 0.0796570538,
    "eps": 0.22,
    "epsdiluted": 0.22,
    "weightedAverageShsOut": 471000000,
    "weightedAverageShsOutDil": 472100000,
    "link": "https://www.sec.gov/Archives/edgar/data/1111711/000111171125000036/0001111711-25-000036-index.htm",
    "finalLink": "https://www.sec.gov/Archives/edgar/data/1111711/000111171125000036/nix-20250630.htm"
  },
  {
    "date": "2025-03-31",
    "symbol": "NI",
    "reportedCurrency": "USD",
    "cik": "0001111711",
    "fillingDate": "2025-05-07",
    "acceptedDate": "2025-05-07 06:38:08",
    "calendarYear": "2025",
    "period": "Q1",
    "revenue": 2183200000,
    "costOfRevenue": 1075300000,
    "grossProfit": 1107900000,
    "grossProfitRatio": 0.5074661048,
    "researchAndDevelopmentExpenses": 0,
    "generalAndAdministrativeExpenses": 3800000,
    "sellingAndMarketingExpenses": 0,
    "sellingGeneralAndAdministrativeExpenses": 3800000,
    "otherExpenses": 344700000,
    "operatingExpenses": 348500000,
    "costAndExpenses": 1423800000,
    "interestIncome": 2000000,
    "interestExpense": 132800000,
    "depreciationAndAmortization": 258600000,
    "ebitda": 1023800000,
    "ebitdaratio": 0.4689446684,
    "operatingIncome": 759400000,
    "operatingIncomeRatio": 0.3478380359,
    "totalOtherIncomeExpensesNet": -127000000,
    "incomeBeforeTax": 632400000,
    "incomeBeforeTaxRatio": 0.2896665445,
    "incomeTaxExpense": 105700000,
    "netIncome": 474800000,
    "netIncomeRatio": 0.21747893,
    "eps": 1.01,
    "epsdiluted": 1,
    "weightedAverageShsOut": 470400000,
    "weightedAverageShsOutDil": 472500000,
    "link": "https://www.sec.gov/Archives/edgar/data/1111711/000111171125000020/0001111711-25-000020-index.htm",
    "finalLink": "https://www.sec.gov/Archives/edgar/data/1111711/000111171125000020/nix-20250331.htm"
  },
  {
    "date": "2024-12-31",
    "symbol": "NI",
    "reportedCurrency": "USD",
    "cik": "0001111711",
    "fillingDate": "2025-02-12",
    "acceptedDate": "2025-02-12 06:45:16",
    "calendarYear": "2024",
    "period": "Q4",
    "revenue": 1587800000,
    "costOfRevenue": 798300000,
    "grossProfit": 789500000,
    "grossProfitRatio": 0.4972288701,
    "researchAndDevelopmentExpenses": 0,
    "generalAndAdministrativeExpenses": 3300000,
    "sellingAndMarketingExpenses": 0,
    "sellingGeneralAndAdministrativeExpenses": 3300000,
    "otherExpenses": 369400000,
    "operatingExpenses": 372700000,
    "costAndExpenses": 1171000000,
    "interestIncome": 2600000,
    "interestExpense": 137000000,
    "depreciationAndAmortization": 278100000,
    "ebitda": 713900000,
    "ebitdaratio": 0.4496158206,
    "operatingIncome": 416800000,
    "operatingIncomeRatio": 0.2625015745,
    "totalOtherIncomeExpensesNet": -123900000,
    "incomeBeforeTax": 292900000,
    "incomeBeforeTaxRatio": 0.1844690767,
    "incomeTaxExpense": 48600000,
    "netIncome": 223900000,
    "netIncomeRatio": 0.141012722,
    "eps": 0,
    "epsdiluted": 0,
    "weightedAverageShsOut": 469822000,
    "weightedAverageShsOutDil": 469900000,
    "link": "https://www.sec.gov/Archives/edgar/data/1111711/000111171125000008/0001111711-25-000008-index.htm",
    "finalLink": "https://www.sec.gov/Archives/edgar/data/1111711/000111171125000008/nix-20241231.htm"
  },
  {
    "date": "2024-09-30",
    "symbol": "NI",
    "reportedCurrency": "USD",
    "cik": "0001111711",
    "fillingDate": "2024-10-30",
    "acceptedDate": "2024-10-30 06:36:09",
    "calendarYear": "2024",
    "period": "Q3",
    "revenue": 1076300000,
    "costOfRevenue": 523300000,
    "grossProfit": 553000000,
    "grossProfitRatio": 0.5137972684,
    "researchAndDevelopmentExpenses": 0,
    "generalAndAdministrativeExpenses": 5900000,
    "sellingAndMarketingExpenses": 0,
    "sellingGeneralAndAdministrativeExpenses": 5900000,
    "otherExpenses": 328800000,
    "operatingExpenses": 334700000,
    "costAndExpenses": 858000000,
    "interestIncome": 3400000,
    "interestExpense": 134600000,
    "depreciationAndAmortization": 269500000,
    "ebitda": 517000000,
    "ebitdaratio": 0.480349345,
    "operatingIncome": 218300000,
    "operatingIncomeRatio": 0.2028244913,
    "totalOtherIncomeExpensesNet": -105400000,
    "incomeBeforeTax": 112900000,
    "incomeBeforeTaxRatio": 0.1048964043,
    "incomeTaxExpense": 15900000,
    "netIncome": 85700000,
    "netIncomeRatio": 0.07962464,
    "eps": 0.19,
    "epsdiluted": 0.19,
    "weightedAverageShsOut": 451900000,
    "weightedAverageShsOutDil": 454500000,
    "link": "https://www.sec.gov/Archives/edgar/data/1111711/000111171124000042/0001111711-24-000042-index.htm",
    "finalLink": "https://www.sec.gov/Archives/edgar/data/1111711/000111171124000042/nix-20240930.htm"
  },
  {
    "date": "2024-06-30",
    "symbol": "NI",
    "reportedCurrency": "USD",
    "cik": "0001111711",
    "fillingDate": "2024-08-07",
    "acceptedDate": "2024-08-07 06:35:14",
    "calendarYear": "2024",
    "period": "Q2",
    "revenue": 1084700000,
    "costOfRevenue": 522400000,
    "grossProfit": 562300000,
    "grossProfitRatio": 0.5183921822,
    "researchAndDevelopmentExpenses": 0,
    "generalAndAdministrativeExpenses": 2100000,
    "sellingAndMarketingExpenses": 0,
    "sellingGeneralAndAdministrativeExpenses": 2100000,
    "otherExpenses": 323200000,
    "operatingExpenses": 325300000,
    "costAndExpenses": 847700000,
    "interestIncome": 1900000,
    "interestExpense": 129300000,
    "depreciationAndAmortization": 253500000,
    "ebitda": 503500000,
    "ebitdaratio": 0.4641836452,
    "operatingIncome": 237000000,
    "operatingIncomeRatio": 0.2184935927,
    "totalOtherIncomeExpensesNet": -116300000,
    "incomeBeforeTax": 120700000,
    "incomeBeforeTaxRatio": 0.1112750069,
    "incomeTaxExpense": 17600000,
    "netIncome": 85800000,
    "netIncomeRatio": 0.079100212,
    "eps": 0.19,
    "epsdiluted": 0.19,
    "weightedAverageShsOut": 448500000,
    "weightedAverageShsOutDil": 450200000,
    "link": "https://www.sec.gov/Archives/edgar/data/1111711/000111171124000032/0001111711-24-000032-index.htm",
    "finalLink": "https://www.sec.gov/Archives/edgar/data/1111711/000111171124000032/nix-20240630.htm"
  },
  {
    "date": "2024-03-31",
    "symbol": "NI",
    "reportedCurrency": "USD",
    "cik": "0001111711",
    "fillingDate": "2024-05-08",
    "acceptedDate": "2024-05-08 06:38:04",
    "calendarYear": "2024",
    "period": "Q1",
    "revenue": 1706300000,
    "costOfRevenue": 803400000,
    "grossProfit": 902900000,
    "grossProfitRatio": 0.5291566548,
    "researchAndDevelopmentExpenses": 0,
    "generalAndAdministrativeExpenses": 2200000,
    "sellingAndMarketingExpenses": 0,
    "sellingGeneralAndAdministrativeExpenses": 2200000,
    "otherExpenses": 317300000,
    "operatingExpenses": 319500000,
    "costAndExpenses": 1122900000,
    "interestIncome": 2500000,
    "interestExpense": 116300000,
    "depreciationAndAmortization": 242100000,
    "ebitda": 834700000,
    "ebitdaratio": 0.48918713,
    "operatingIncome": 583400000,
    "operatingIncomeRatio": 0.3419093946,
    "totalOtherIncomeExpensesNet": -107100000,
    "incomeBeforeTax": 476300000,
    "incomeBeforeTaxRatio": 0.2791420032,
    "incomeTaxExpense": 76000000,
    "netIncome": 365000000,
    "netIncomeRatio": 0.2139131454,
    "eps": 0.77,
    "epsdiluted": 0.77,
    "weightedAverageShsOut": 447900000,
    "weightedAverageShsOutDil": 449400000,
    "link": "https://www.sec.gov/Archives/edgar/data/1111711/000111171124000021/0001111711-24-000021-index.htm",
    "finalLink": "https://www.sec.gov/Archives/edgar/data/1111711/000111171124000021/nix-20240331.htm"
  },
  {
    "date": "2023-12-31",
    "symbol": "NI",
    "reportedCurrency": "USD",
    "cik": "0001111711",
    "fillingDate": "2024-02-21",
    "acceptedDate": "2024-02-21 07:09:51",
    "calendarYear": "2023",
    "period": "Q4",
    "revenue": 1422000000,
    "costOfRevenue": 728000000,
    "grossProfit": 694000000,
    "grossProfitRatio": 0.488045007,
    "researchAndDevelopmentExpenses": 0,
    "generalAndAdministrativeExpenses": 5800000,
    "sellingAndMarketingExpenses": 0,
    "sellingGeneralAndAdministrativeExpenses": 5800000,
    "otherExpenses": 325600000,
    "operatingExpenses": 331400000,
    "costAndExpenses": 1059400000,
    "interestIncome": 2700000,
    "interestExpense": 141000000,
    "depreciationAndAmortization": 257300000,
    "ebitda": 637600000,
    "ebitdaratio": 0.4483825598,
    "operatingIncome": 362600000,
    "operatingIncomeRatio": 0.2549929677,
    "totalOtherIncomeExpensesNet": -134900000,
    "incomeBeforeTax": 227700000,
    "incomeBeforeTaxRatio": 0.1601265823,
    "incomeTaxExpense": 35800000,
    "netIncome": 237400000,
    "netIncomeRatio": 0.1669479606,
    "eps": 0,
    "epsdiluted": 0,
    "weightedAverageShsOut": 421826611,
    "weightedAverageShsOutDil": 449300000,
    "link": "https://www.sec.gov/Archives/edgar/data/1111711/000111171124000011/0001111711-24-000011-index.htm",
    "finalLink": "https://www.sec.gov/Archives/edgar/data/1111711/000111171124000011/nix-20231231.htm"
  },
  {
    "date": "2023-09-30",
    "symbol": "NI",
    "reportedCurrency": "USD",
    "cik": "0001111711",
    "fillingDate": "2023-11-01",
    "acceptedDate": "2023-11-01 07:49:53",
    "calendarYear": "2023",
    "period": "Q3",
    "revenue": 1027400000,
    "costOfRevenue": 522500000,
    "grossProfit": 504900000,
    "grossProfitRatio": 0.4914346895,
    "researchAndDevelopmentExpenses": 0,
    "generalAndAdministrativeExpenses": 9800000,
    "sellingAndMarketingExpenses": 0,
    "sellingGeneralAndAdministrativeExpenses": 9800000,
    "otherExpenses": 262100000,
    "operatingExpenses": 271900000,
    "costAndExpenses": 794400000,
    "interestIncome": 2700000,
    "interestExpense": 129200000,
    "depreciationAndAmortization": 210900000,
    "ebitda": 442300000,
    "ebitdaratio": 0.4305041853,
    "operatingIncome": 233000000,
    "operatingIncomeRatio": 0.2267860619,
    "totalOtherIncomeExpensesNet": -130800000,
    "incomeBeforeTax": 102200000,
    "incomeBeforeTaxRatio": 0.0994744014,
    "incomeTaxExpense": 3800000,
    "netIncome": 85100000,
    "netIncomeRatio": 0.0828304458,
    "eps": 0.19,
    "epsdiluted": 0.17,
    "weightedAverageShsOut": 413500000,
    "weightedAverageShsOutDil": 448300000,
    "link": "https://www.sec.gov/Archives/edgar/data/1111711/000111171123000041/0001111711-23-000041-index.htm",
    "finalLink": "https://www.sec.gov/Archives/edgar/data/1111711/000111171123000041/nix-20230930.htm"
  },
  {
    "date": "2023-06-30",
    "symbol": "NI",
    "reportedCurrency": "USD",
    "cik": "0001111711",
    "fillingDate": "2023-08-02",
    "acceptedDate": "2023-08-02 06:54:25",
    "calendarYear": "2023",
    "period": "Q2",
    "revenue": 1090000000,
    "costOfRevenue": 621400000,
    "grossProfit": 468600000,
    "grossProfitRatio": 0.4299082569,
    "researchAndDevelopmentExpenses": 0,
    "generalAndAdministrativeExpenses": 4900000,
    "sellingAndMarketingExpenses": 0,
    "sellingGeneralAndAdministrativeExpenses": 4900000,
    "otherExpenses": 294800000,
    "operatingExpenses": 299700000,
    "costAndExpenses": 921100000,
    "interestIncome": 1800000,
    "interestExpense": 110500000,
    "depreciationAndAmortization": 233100000,
    "ebitda": 404000000,
    "ebitdaratio": 0.3706422018,
    "operatingIncome": 168900000,
    "operatingIncomeRatio": 0.1549541284,
    "totalOtherIncomeExpensesNet": -108500000,
    "incomeBeforeTax": 60400000,
    "incomeBeforeTaxRatio": 0.055412844,
    "incomeTaxExpense": 14100000,
    "netIncome": 58800000,
    "netIncomeRatio": 0.0539449541,
    "eps": 0.1,
    "epsdiluted": 0.09,
    "weightedAverageShsOut": 413300000,
    "weightedAverageShsOutDil": 446800000,
    "link": "https://www.sec.gov/Archives/edgar/data/1111711/000111171123000026/0001111711-23-000026-index.htm",
    "finalLink": "https://www.sec.gov/Archives/edgar/data/1111711/000111171123000026/nix-20230630.htm"
  },
  {
    "date": "2023-03-31",
    "symbol": "NI",
    "reportedCurrency": "USD",
    "cik": "0001111711",
    "fillingDate": "2023-05-03",
    "acceptedDate": "2023-05-03 07:01:37",
    "calendarYear": "2023",
    "period": "Q1",
    "revenue": 1966000000,
    "costOfRevenue": 1156300000,
    "grossProfit": 809700000,
    "grossProfitRatio": 0.4118514751,
    "researchAndDevelopmentExpenses": 0,
    "generalAndAdministrativeExpenses": 3500000,
    "sellingAndMarketingExpenses": 0,
    "sellingGeneralAndAdministrativeExpenses": 3500000,
    "otherExpenses": 275200000,
    "operatingExpenses": 278700000,
    "costAndExpenses": 1435000000,
    "interestIncome": 1800000,
    "interestExpense": 108900000,
    "depreciationAndAmortization": 206900000,
    "ebitda": 739400000,
    "ebitdaratio": 0.376093591,
    "operatingIncome": 531000000,
    "operatingIncomeRatio": 0.2700915565,
    "totalOtherIncomeExpensesNet": -107400000,
    "incomeBeforeTax": 423600000,
    "incomeBeforeTaxRatio": 0.2154628688,
    "incomeTaxExpense": 85800000,
    "netIncome": 333000000,
    "netIncomeRatio": 0.1693794507,
    "eps": 0.77,
    "epsdiluted": 0.71,
    "weightedAverageShsOut": 412800000,
    "weightedAverageShsOutDil": 447100000,
    "link": "https://www.sec.gov/Archives/edgar/data/1111711/000111171123000013/0001111711-23-000013-index.htm",
    "finalLink": "https://www.sec.gov/Archives/edgar/data/1111711/000111171123000013/nix-20230331.htm"
  },
  {
    "date": "2022-12-31",
    "symbol": "NI",
    "reportedCurrency": "USD",
    "cik": "0001111711",
    "fillingDate": "2023-02-22",
    "acceptedDate": "2023-02-22 16:23:21",
    "calendarYear": "2022",
    "period": "Q4",
    "revenue": 1704600000,
    "costOfRevenue": 1054600000,
    "grossProfit": 650000000,
    "grossProfitRatio": 0.3813211311,
    "researchAndDevelopmentExpenses": 0,
    "generalAndAdministrativeExpenses": -10000000,
    "sellingAndMarketingExpenses": 0,
    "sellingGeneralAndAdministrativeExpenses": -10000000,
    "otherExpenses": 294500000,
    "operatingExpenses": 284500000,
    "costAndExpenses": 1339100000,
    "interestIncome": 11300000,
    "interestExpense": 112400000,
    "depreciationAndAmortization": 216200000,
    "ebitda": 614500000,
    "ebitdaratio": 0.3604951308,
    "operatingIncome": 365500000,
    "operatingIncomeRatio": 0.2144198052,
    "totalOtherIncomeExpensesNet": -79600000,
    "incomeBeforeTax": 285900000,
    "incomeBeforeTaxRatio": 0.1677226329,
    "incomeTaxExpense": 44700000,
    "netIncome": 244500000,
    "netIncomeRatio": 0.1434354101,
    "eps": 0,
    "epsdiluted": 0,
    "weightedAverageShsOut": 409950000,
    "weightedAverageShsOutDil": 444900000,
    "link": "https://www.sec.gov/Archives/edgar/data/1111711/000111171123000006/0001111711-23-000006-index.htm",
    "finalLink": "https://www.sec.gov/Archives/edgar/data/1111711/000111171123000006/nix-20221231.htm"
  },
  {
    "date": "2022-09-30",
    "symbol": "NI",
    "reportedCurrency": "USD",
    "cik": "0001111711",
    "fillingDate": "2022-11-07",
    "acceptedDate": "2022-11-07 06:41:08",
    "calendarYear": "2022",
    "period": "Q3",
    "revenue": 1089500000,
    "costOfRevenue": 678700000,
    "grossProfit": 410800000,
    "grossProfitRatio": 0.3770536944,
    "researchAndDevelopmentExpenses": 0,
    "generalAndAdministrativeExpenses": 0,
    "sellingAndMarketingExpenses": 0,
    "sellingGeneralAndAdministrativeExpenses": -5300000,
    "otherExpenses": 259400000,
    "operatingExpenses": 254100000,
    "costAndExpenses": 932800000,
    "interestIncome": 2100000,
    "interestExpense": 91600000,
    "depreciationAndAmortization": 203200000,
    "ebitda": 370000000,
    "ebitdaratio": 0.3396053235,
    "operatingIncome": 156700000,
    "operatingIncomeRatio": 0.1438274438,
    "totalOtherIncomeExpensesNet": -81500000,
    "incomeBeforeTax": 75200000,
    "incomeBeforeTaxRatio": 0.0690224874,
    "incomeTaxExpense": 11700000,
    "netIncome": 65800000,
    "netIncomeRatio": 0.0603946765,
    "eps": 0.13,
    "epsdiluted": 0.12,
    "weightedAverageShsOut": 406500000,
    "weightedAverageShsOutDil": 443400000,
    "link": "https://www.sec.gov/Archives/edgar/data/1111711/000111171122000041/0001111711-22-000041-index.htm",
    "finalLink": "https://www.sec.gov/Archives/edgar/data/1111711/000111171122000041/nix-20220930.htm"
  },
  {
    "date": "2022-06-30",
    "symbol": "NI",
    "reportedCurrency": "USD",
    "cik": "0001111711",
    "fillingDate": "2022-08-03",
    "acceptedDate": "2022-08-03 13:54:44",
    "calendarYear": "2022",
    "period": "Q2",
    "revenue": 1183200000,
    "costOfRevenue": 765600000,
    "grossProfit": 417600000,
    "grossProfitRatio": 0.3529411765,
    "researchAndDevelopmentExpenses": 0,
    "generalAndAdministrativeExpenses": 0,
    "sellingAndMarketingExpenses": 0,
    "sellingGeneralAndAdministrativeExpenses": -4700000,
    "otherExpenses": 279000000,
    "operatingExpenses": 274300000,
    "costAndExpenses": 1039900000,
    "interestIncome": 600000,
    "interestExpense": 84500000,
    "depreciationAndAmortization": 208700000,
    "ebitda": 361000000,
    "ebitdaratio": 0.3051048005,
    "operatingIncome": 143300000,
    "operatingIncomeRatio": 0.121112238,
    "totalOtherIncomeExpensesNet": -75500000,
    "incomeBeforeTax": 67800000,
    "incomeBeforeTaxRatio": 0.0573022312,
    "incomeTaxExpense": 12000000,
    "netIncome": 67000000,
    "netIncomeRatio": 0.0566260987,
    "eps": 0.13,
    "epsdiluted": 0.12,
    "weightedAverageShsOut": 406400000,
    "weightedAverageShsOutDil": 440200000,
    "link": "https://www.sec.gov/Archives/edgar/data/1111711/000111171122000025/0001111711-22-000025-index.htm",
    "finalLink": "https://www.sec.gov/Archives/edgar/data/1111711/000111171122000025/nix-20220630.htm"
  },
  {
    "date": "2022-03-31",
    "symbol": "NI",
    "reportedCurrency": "USD",
    "cik": "0001111711",
    "fillingDate": "2022-05-04",
    "acceptedDate": "2022-05-04 13:07:56",
    "calendarYear": "2022",
    "period": "Q1",
    "revenue": 1873300000,
    "costOfRevenue": 1101000000,
    "grossProfit": 772300000,
    "grossProfitRatio": 0.4122671222,
    "researchAndDevelopmentExpenses": 0,
    "generalAndAdministrativeExpenses": 0,
    "sellingAndMarketingExpenses": 0,
    "sellingGeneralAndAdministrativeExpenses": -7600000,
    "otherExpenses": 179600000,
    "operatingExpenses": 172000000,
    "costAndExpenses": 1273000000,
    "interestIncome": 900000,
    "interestExpense": 83700000,
    "depreciationAndAmortization": 192700000,
    "ebitda": 803900000,
    "ebitdaratio": 0.4291357497,
    "operatingIncome": 600300000,
    "operatingIncomeRatio": 0.3204505418,
    "totalOtherIncomeExpensesNet": -72800000,
    "incomeBeforeTax": 527500000,
    "incomeBeforeTaxRatio": 0.2815886404,
    "incomeTaxExpense": 96200000,
    "netIncome": 426800000,
    "netIncomeRatio": 0.2278332355,
    "eps": 1.02,
    "epsdiluted": 0.94,
    "weightedAverageShsOut": 406000000,
    "weightedAverageShsOutDil": 441400000,
    "link": "https://www.sec.gov/Archives/edgar/data/1111711/000111171122000013/0001111711-22-000013-index.htm",
    "finalLink": "https://www.sec.gov/Archives/edgar/data/1111711/000111171122000013/nix-20220331.htm"
  },
  {
    "date": "2021-12-31",
    "symbol": "NI",
    "reportedCurrency": "USD",
    "cik": "0001111711",
    "fillingDate": "2022-02-23",
    "acceptedDate": "2022-02-23 14:38:53",
    "calendarYear": "2021",
    "period": "Q4",
    "revenue": 1408600000,
    "costOfRevenue": 859500000,
    "grossProfit": 549100000,
    "grossProfitRatio": 0.3898196791,
    "researchAndDevelopmentExpenses": 0,
    "generalAndAdministrativeExpenses": 0,
    "sellingAndMarketingExpenses": 0,
    "sellingGeneralAndAdministrativeExpenses": -9100000,
    "otherExpenses": 273800000,
    "operatingExpenses": 264700000,
    "costAndExpenses": 1124200000,
    "interestIncome": 1300000,
    "interestExpense": 87600000,
    "depreciationAndAmortization": 188200000,
    "ebitda": 478500000,
    "ebitdaratio": 0.3396989919,
    "operatingIncome": 284400000,
    "operatingIncomeRatio": 0.2019025983,
    "totalOtherIncomeExpensesNet": -84000000,
    "incomeBeforeTax": 200400000,
    "incomeBeforeTaxRatio": 0.1422689195,
    "incomeTaxExpense": 27200000,
    "netIncome": 165900000,
    "netIncomeRatio": 0.1177765157,
    "eps": 0,
    "epsdiluted": 0,
    "weightedAverageShsOut": 393200000,
    "weightedAverageShsOutDil": 430300000,
    "link": "https://www.sec.gov/Archives/edgar/data/1111711/000111171122000007/0001111711-22-000007-index.htm",
    "finalLink": "https://www.sec.gov/Archives/edgar/data/1111711/000111171122000007/nix-20211231.htm"
  },
  {
    "date": "2021-09-30",
    "symbol": "NI",
    "reportedCurrency": "USD",
    "cik": "0001111711",
    "fillingDate": "2021-11-03",
    "acceptedDate": "2021-11-03 12:02:06",
    "calendarYear": "2021",
    "period": "Q3",
    "revenue": 959400000,
    "costOfRevenue": 559400000,
    "grossProfit": 400000000,
    "grossProfitRatio": 0.4169272462,
    "researchAndDevelopmentExpenses": 0,
    "generalAndAdministrativeExpenses": 0,
    "sellingAndMarketingExpenses": 0,
    "sellingGeneralAndAdministrativeExpenses": -9300000,
    "otherExpenses": 262200000,
    "operatingExpenses": 252900000,
    "costAndExpenses": 812300000,
    "interestIncome": 1100000,
    "interestExpense": 84400000,
    "depreciationAndAmortization": 188900000,
    "ebitda": 350300000,
    "ebitdaratio": 0.3651240359,
    "operatingIncome": 147100000,
    "operatingIncomeRatio": 0.1533249948,
    "totalOtherIncomeExpensesNet": -70100000,
    "incomeBeforeTax": 77000000,
    "incomeBeforeTaxRatio": 0.0802584949,
    "incomeTaxExpense": 14800000,
    "netIncome": 63200000,
    "netIncomeRatio": 0.0658745049,
    "eps": 0.13,
    "epsdiluted": 0.12,
    "weightedAverageShsOut": 393200000,
    "weightedAverageShsOutDil": 430300000,
    "link": "https://www.sec.gov/Archives/edgar/data/1111711/000111171121000036/0001111711-21-000036-index.htm",
    "finalLink": "https://www.sec.gov/Archives/edgar/data/1111711/000111171121000036/nix-20210930.htm"
  },
  {
    "date": "2021-06-30",
    "symbol": "NI",
    "reportedCurrency": "USD",
    "cik": "0001111711",
    "fillingDate": "2021-08-04",
    "acceptedDate": "2021-08-04 11:46:43",
    "calendarYear": "2021",
    "period": "Q2",
    "revenue": 986000000,
    "costOfRevenue": 591100000,
    "grossProfit": 394900000,
    "grossProfitRatio": 0.4005070994,
    "researchAndDevelopmentExpenses": 0,
    "generalAndAdministrativeExpenses": 0,
    "sellingAndMarketingExpenses": 0,
    "sellingGeneralAndAdministrativeExpenses": -8600000,
    "otherExpenses": 261300000,
    "operatingExpenses": 252700000,
    "costAndExpenses": 843800000,
    "interestIncome": 700000,
    "interestExpense": 84500000,
    "depreciationAndAmortization": 186300000,
    "ebitda": 340900000,
    "ebitdaratio": 0.3457403651,
    "operatingIncome": 142200000,
    "operatingIncomeRatio": 0.1442190669,
    "totalOtherIncomeExpensesNet": -72100000,
    "incomeBeforeTax": 70100000,
    "incomeBeforeTaxRatio": 0.0710953347,
    "incomeTaxExpense": 13200000,
    "netIncome": 60300000,
    "netIncomeRatio": 0.0611561866,
    "eps": 0.12,
    "epsdiluted": 0.11,
    "weightedAverageShsOut": 393000000,
    "weightedAverageShsOutDil": 422900000,
    "link": "https://www.sec.gov/Archives/edgar/data/1111711/000111171121000029/0001111711-21-000029-index.htm",
    "finalLink": "https://www.sec.gov/Archives/edgar/data/1111711/000111171121000029/nix-20210630.htm"
  },
  {
    "date": "2021-03-31",
    "symbol": "NI",
    "reportedCurrency": "USD",
    "cik": "0001111711",
    "fillingDate": "2021-05-05",
    "acceptedDate": "2021-05-05 13:08:52",
    "calendarYear": "2021",
    "period": "Q1",
    "revenue": 1545600000,
    "costOfRevenue": 838300000,
    "grossProfit": 707300000,
    "grossProfitRatio": 0.4576216356,
    "researchAndDevelopmentExpenses": 0,
    "generalAndAdministrativeExpenses": 0,
    "sellingAndMarketingExpenses": 0,
    "sellingGeneralAndAdministrativeExpenses": -8500000,
    "otherExpenses": 282600000,
    "operatingExpenses": 274100000,
    "costAndExpenses": 1112400000,
    "interestIncome": 900000,
    "interestExpense": 84600000,
    "depreciationAndAmortization": 185000000,
    "ebitda": 628700000,
    "ebitdaratio": 0.4067675983,
    "operatingIncome": 433200000,
    "operatingIncomeRatio": 0.2802795031,
    "totalOtherIncomeExpensesNet": -74100000,
    "incomeBeforeTax": 359100000,
    "incomeBeforeTaxRatio": 0.2323369565,
    "incomeTaxExpense": 62600000,
    "netIncome": 295500000,
    "netIncomeRatio": 0.1911878882,
    "eps": 0.72,
    "epsdiluted": 0.72,
    "weightedAverageShsOut": 392700000,
    "weightedAverageShsOutDil": 393900000,
    "link": "https://www.sec.gov/Archives/edgar/data/1111711/000111171121000018/0001111711-21-000018-index.htm",
    "finalLink": "https://www.sec.gov/Archives/edgar/data/1111711/000111171121000018/nix-20210331.htm"
  },
  {
    "date": "2020-12-31",
    "symbol": "NI",
    "reportedCurrency": "USD",
    "cik": "0001111711",
    "fillingDate": "2021-02-17",
    "acceptedDate": "2021-02-17 13:48:17",
    "calendarYear": "2020",
    "period": "Q4",
    "revenue": 1211000000,
    "costOfRevenue": 723700000,
    "grossProfit": 487300000,
    "grossProfitRatio": 0.4023947151,
    "researchAndDevelopmentExpenses": 0,
    "generalAndAdministrativeExpenses": 0,
    "sellingAndMarketingExpenses": 0,
    "sellingGeneralAndAdministrativeExpenses": -2900000,
    "otherExpenses": 272100000,
    "operatingExpenses": 269200000,
    "costAndExpenses": 992900000,
    "interestIncome": 1100000,
    "interestExpense": 85600000,
    "depreciationAndAmortization": 183500000,
    "ebitda": 414000000,
    "ebitdaratio": 0.3418662263,
    "operatingIncome": 218100000,
    "operatingIncomeRatio": 0.1800990917,
    "totalOtherIncomeExpensesNet": -73500000,
    "incomeBeforeTax": 144600000,
    "incomeBeforeTaxRatio": 0.11940545,
    "incomeTaxExpense": 56800000,
    "netIncome": 84400000,
    "netIncomeRatio": 0.0696944674,
    "eps": 0,
    "epsdiluted": 0,
    "weightedAverageShsOut": 383800000,
    "weightedAverageShsOutDil": 383800000,
    "link": "https://www.sec.gov/Archives/edgar/data/1111711/000111171121000010/0001111711-21-000010-index.htm",
    "finalLink": "https://www.sec.gov/Archives/edgar/data/1111711/000111171121000010/nix-20201231.htm"
  },
  {
    "date": "2020-09-30",
    "symbol": "NI",
    "reportedCurrency": "USD",
    "cik": "0001111711",
    "fillingDate": "2020-11-02",
    "acceptedDate": "2020-11-02 12:34:29",
    "calendarYear": "2020",
    "period": "Q3",
    "revenue": 902500000,
    "costOfRevenue": 523000000,
    "grossProfit": 379500000,
    "grossProfitRatio": 0.420498615,
    "researchAndDevelopmentExpenses": 0,
    "generalAndAdministrativeExpenses": 0,
    "sellingAndMarketingExpenses": 0,
    "sellingGeneralAndAdministrativeExpenses": -600000,
    "otherExpenses": 287300000,
    "operatingExpenses": 286700000,
    "costAndExpenses": 809700000,
    "interestIncome": 1300000,
    "interestExpense": 95200000,
    "depreciationAndAmortization": 180600000,
    "ebitda": 38000000,
    "ebitdaratio": 0.0421052632,
    "operatingIncome": 92800000,
    "operatingIncomeRatio": 0.1028254848,
    "totalOtherIncomeExpensesNet": -330600000,
    "incomeBeforeTax": -237800000,
    "incomeBeforeTaxRatio": -0.2634903047,
    "incomeTaxExpense": -64900000,
    "netIncome": -172900000,
    "netIncomeRatio": -0.1915789474,
    "eps": -0.49,
    "epsdiluted": -0.49,
    "weightedAverageShsOut": 381020408,
    "weightedAverageShsOutDil": 383800000,
    "link": "https://www.sec.gov/Archives/edgar/data/1111711/000111171120000047/0001111711-20-000047-index.htm",
    "finalLink": "https://www.sec.gov/Archives/edgar/data/1111711/000111171120000047/nix-20200930.htm"
  },
  {
    "date": "2020-06-30",
    "symbol": "NI",
    "reportedCurrency": "USD",
    "cik": "0001111711",
    "fillingDate": "2020-08-05",
    "acceptedDate": "2020-08-05 11:45:31",
    "calendarYear": "2020",
    "period": "Q2",
    "revenue": 962700000,
    "costOfRevenue": 541500000,
    "grossProfit": 421200000,
    "grossProfitRatio": 0.4375194765,
    "researchAndDevelopmentExpenses": 0,
    "generalAndAdministrativeExpenses": 0,
    "sellingAndMarketingExpenses": 0,
    "sellingGeneralAndAdministrativeExpenses": -3100000,
    "otherExpenses": 332600000,
    "operatingExpenses": 329500000,
    "costAndExpenses": 871000000,
    "interestIncome": 1400000,
    "interestExpense": 97000000,
    "depreciationAndAmortization": 177500000,
    "ebitda": 275700000,
    "ebitdaratio": 0.2863820505,
    "operatingIncome": 91700000,
    "operatingIncomeRatio": 0.0952529345,
    "totalOtherIncomeExpensesNet": -90500000,
    "incomeBeforeTax": 1200000,
    "incomeBeforeTaxRatio": 0.0012464942,
    "incomeTaxExpense": 5900000,
    "netIncome": -4700000,
    "netIncomeRatio": -0.0048821024,
    "eps": -0.05,
    "epsdiluted": -0.05,
    "weightedAverageShsOut": 370000000,
    "weightedAverageShsOutDil": 383500000,
    "link": "https://www.sec.gov/Archives/edgar/data/1111711/000111171120000036/0001111711-20-000036-index.htm",
    "finalLink": "https://www.sec.gov/Archives/edgar/data/1111711/000111171120000036/nix-20200630.htm"
  },
  {
    "date": "2020-03-31",
    "symbol": "NI",
    "reportedCurrency": "USD",
    "cik": "0001111711",
    "fillingDate": "2020-05-06",
    "acceptedDate": "2020-05-06 11:39:09",
    "calendarYear": "2020",
    "period": "Q1",
    "revenue": 1605500000,
    "costOfRevenue": 907000000,
    "grossProfit": 698500000,
    "grossProfitRatio": 0.4350669573,
    "researchAndDevelopmentExpenses": 0,
    "generalAndAdministrativeExpenses": 0,
    "sellingAndMarketingExpenses": 0,
    "sellingGeneralAndAdministrativeExpenses": -2700000,
    "otherExpenses": 553000000,
    "operatingExpenses": 550300000,
    "costAndExpenses": 1457300000,
    "interestIncome": 1700000,
    "interestExpense": 92900000,
    "depreciationAndAmortization": 184300000,
    "ebitda": 337900000,
    "ebitdaratio": 0.2104640299,
    "operatingIncome": 148200000,
    "operatingIncomeRatio": 0.0923076923,
    "totalOtherIncomeExpensesNet": -87500000,
    "incomeBeforeTax": 60700000,
    "incomeBeforeTaxRatio": 0.0378075366,
    "incomeTaxExpense": -14900000,
    "netIncome": 75600000,
    "netIncomeRatio": 0.0470881345,
    "eps": 0.16,
    "epsdiluted": 0.16,
    "weightedAverageShsOut": 383100000,
    "weightedAverageShsOutDil": 384100000,
    "link": "https://www.sec.gov/Archives/edgar/data/1111711/000111171120000022/0001111711-20-000022-index.htm",
    "finalLink": "https://www.sec.gov/Archives/edgar/data/1111711/000111171120000022/ni-2020331x10q.htm"
  },
  {
    "date": "2019-12-31",
    "symbol": "NI",
    "reportedCurrency": "USD",
    "cik": "0001111711",
    "fillingDate": "2020-02-28",
    "acceptedDate": "2020-02-27 19:41:31",
    "calendarYear": "2019",
    "period": "Q4",
    "revenue": 1397200000,
    "costOfRevenue": 763500000,
    "grossProfit": 633700000,
    "grossProfitRatio": 0.4535499571,
    "researchAndDevelopmentExpenses": 0,
    "generalAndAdministrativeExpenses": 0,
    "sellingAndMarketingExpenses": 0,
    "sellingGeneralAndAdministrativeExpenses": 7800000,
    "otherExpenses": 663900000,
    "operatingExpenses": 671700000,
    "costAndExpenses": 1435200000,
    "interestIncome": 2300000,
    "interestExpense": 93300000,
    "depreciationAndAmortization": 182200000,
    "ebitda": 139100000,
    "ebitdaratio": 0.0995562554,
    "operatingIncome": -38000000,
    "operatingIncomeRatio": -0.0271972516,
    "totalOtherIncomeExpensesNet": -98800000,
    "incomeBeforeTax": -136800000,
    "incomeBeforeTaxRatio": -0.0979101059,
    "incomeTaxExpense": 2500000,
    "netIncome": -139300000,
    "netIncomeRatio": -0.0996993988,
    "eps": 0,
    "epsdiluted": 0,
    "weightedAverageShsOut": 377000000,
    "weightedAverageShsOutDil": 383100000,
    "link": "https://www.sec.gov/Archives/edgar/data/1111711/000111171120000013/0001111711-20-000013-index.htm",
    "finalLink": "https://www.sec.gov/Archives/edgar/data/1111711/000111171120000013/ni-20191231x10k.htm"
  },
  {
    "date": "2019-09-30",
    "symbol": "NI",
    "reportedCurrency": "USD",
    "cik": "0001111711",
    "fillingDate": "2019-10-30",
    "acceptedDate": "2019-10-30 10:41:55",
    "calendarYear": "2019",
    "period": "Q3",
    "revenue": 931500000,
    "costOfRevenue": 590600000,
    "grossProfit": 340900000,
    "grossProfitRatio": 0.3659688674,
    "researchAndDevelopmentExpenses": 0,
    "generalAndAdministrativeExpenses": 0,
    "sellingAndMarketingExpenses": 0,
    "sellingGeneralAndAdministrativeExpenses": 2800000,
    "otherExpenses": 247100000,
    "operatingExpenses": 249900000,
    "costAndExpenses": 840500000,
    "interestIncome": 2100000,
    "interestExpense": 95900000,
    "depreciationAndAmortization": 182200000,
    "ebitda": 274500000,
    "ebitdaratio": 0.2946859903,
    "operatingIncome": 91000000,
    "operatingIncomeRatio": 0.0976918948,
    "totalOtherIncomeExpensesNet": -94600000,
    "incomeBeforeTax": -3600000,
    "incomeBeforeTaxRatio": -0.0038647343,
    "incomeTaxExpense": -10200000,
    "netIncome": 6600000,
    "netIncomeRatio": 0.0070853462,
    "eps": -0.02,
    "epsdiluted": -0.02,
    "weightedAverageShsOut": 360000000,
    "weightedAverageShsOutDil": 374100000,
    "link": "https://www.sec.gov/Archives/edgar/data/1111711/000111171119000041/0001111711-19-000041-index.htm",
    "finalLink": "https://www.sec.gov/Archives/edgar/data/1111711/000111171119000041/ni-2019930x10q.htm"
  },
  {
    "date": "2019-06-30",
    "symbol": "NI",
    "reportedCurrency": "USD",
    "cik": "0001111711",
    "fillingDate": "2019-07-31",
    "acceptedDate": "2019-07-31 15:12:24",
    "calendarYear": "2019",
    "period": "Q2",
    "revenue": 1010400000,
    "costOfRevenue": 302700000,
    "grossProfit": 707700000,
    "grossProfitRatio": 0.700415677,
    "researchAndDevelopmentExpenses": 0,
    "generalAndAdministrativeExpenses": 0,
    "sellingAndMarketingExpenses": 0,
    "sellingGeneralAndAdministrativeExpenses": 3100000,
    "otherExpenses": 241100000,
    "operatingExpenses": 244200000,
    "costAndExpenses": 546900000,
    "interestIncome": 1200000,
    "interestExpense": 94100000,
    "depreciationAndAmortization": 177900000,
    "ebitda": 641100000,
    "ebitdaratio": 0.6345011876,
    "operatingIncome": 463500000,
    "operatingIncomeRatio": 0.4587292162,
    "totalOtherIncomeExpensesNet": -94400000,
    "incomeBeforeTax": 369100000,
    "incomeBeforeTaxRatio": 0.3653008709,
    "incomeTaxExpense": 72200000,
    "netIncome": 296900000,
    "netIncomeRatio": 0.2938440222,
    "eps": 0.76,
    "epsdiluted": 0.75,
    "weightedAverageShsOut": 373900000,
    "weightedAverageShsOutDil": 375200000,
    "link": "https://www.sec.gov/Archives/edgar/data/1111711/000111171119000034/0001111711-19-000034-index.htm",
    "finalLink": "https://www.sec.gov/Archives/edgar/data/1111711/000111171119000034/ni-2019630x10q.htm"
  },
  {
    "date": "2019-03-31",
    "symbol": "NI",
    "reportedCurrency": "USD",
    "cik": "0001111711",
    "fillingDate": "2019-05-01",
    "acceptedDate": "2019-05-01 10:18:25",
    "calendarYear": "2019",
    "period": "Q1",
    "revenue": 1869800000,
    "costOfRevenue": 1232700000,
    "grossProfit": 637100000,
    "grossProfitRatio": 0.3407316291,
    "researchAndDevelopmentExpenses": 0,
    "generalAndAdministrativeExpenses": 0,
    "sellingAndMarketingExpenses": 0,
    "sellingGeneralAndAdministrativeExpenses": 2800000,
    "otherExpenses": 260100000,
    "operatingExpenses": 262900000,
    "costAndExpenses": 1495600000,
    "interestIncome": 2100000,
    "interestExpense": 95600000,
    "depreciationAndAmortization": 175100000,
    "ebitda": 548600000,
    "ebitdaratio": 0.2934003637,
    "operatingIncome": 374200000,
    "operatingIncomeRatio": 0.200128356,
    "totalOtherIncomeExpensesNet": -96300000,
    "incomeBeforeTax": 277900000,
    "incomeBeforeTaxRatio": 0.1486255214,
    "incomeTaxExpense": 59000000,
    "netIncome": 218900000,
    "netIncomeRatio": 0.1170713445,
    "eps": 0.55,
    "epsdiluted": 0.55,
    "weightedAverageShsOut": 373400000,
    "weightedAverageShsOutDil": 374700000,
    "link": "https://www.sec.gov/Archives/edgar/data/1111711/000111171119000022/0001111711-19-000022-index.htm",
    "finalLink": "https://www.sec.gov/Archives/edgar/data/1111711/000111171119000022/ni-2019331x10q.htm"
  },
  {
    "date": "2018-12-31",
    "symbol": "NI",
    "reportedCurrency": "USD",
    "cik": "0001111711",
    "fillingDate": "2019-02-20",
    "acceptedDate": "2019-02-20 11:33:16",
    "calendarYear": "2018",
    "period": "Q4",
    "revenue": 1461700000,
    "costOfRevenue": 1306000000,
    "grossProfit": 155700000,
    "grossProfitRatio": 0.1065198057,
    "researchAndDevelopmentExpenses": 0,
    "generalAndAdministrativeExpenses": 0,
    "sellingAndMarketingExpenses": 0,
    "sellingGeneralAndAdministrativeExpenses": -3300000,
    "otherExpenses": 237400000,
    "operatingExpenses": 234100000,
    "costAndExpenses": 1540100000,
    "interestIncome": 2400000,
    "interestExpense": 88100000,
    "depreciationAndAmortization": 161800000,
    "ebitda": 103800000,
    "ebitdaratio": 0.0710132038,
    "operatingIncome": -78400000,
    "operatingIncomeRatio": -0.0536361771,
    "totalOtherIncomeExpensesNet": -87000000,
    "incomeBeforeTax": -165400000,
    "incomeBeforeTaxRatio": -0.1131559143,
    "incomeTaxExpense": -153700000,
    "netIncome": -11700000,
    "netIncomeRatio": -0.0080043785,
    "eps": 0,
    "epsdiluted": 0,
    "weightedAverageShsOut": 369700000,
    "weightedAverageShsOutDil": 373400000,
    "link": "https://www.sec.gov/Archives/edgar/data/1111711/000111171119000008/0001111711-19-000008-index.htm",
    "finalLink": "https://www.sec.gov/Archives/edgar/data/1111711/000111171119000008/ni-20181231x10k.htm"
  },
  {
    "date": "2018-09-30",
    "symbol": "NI",
    "reportedCurrency": "USD",
    "cik": "0001111711",
    "fillingDate": "2018-11-01",
    "acceptedDate": "2018-11-01 06:06:33",
    "calendarYear": "2018",
    "period": "Q3",
    "revenue": 895000000,
    "costOfRevenue": 1002800000,
    "grossProfit": -107800000,
    "grossProfitRatio": -0.1204469274,
    "researchAndDevelopmentExpenses": 0,
    "generalAndAdministrativeExpenses": 0,
    "sellingAndMarketingExpenses": 0,
    "sellingGeneralAndAdministrativeExpenses": -2400000,
    "otherExpenses": 210500000,
    "operatingExpenses": 208100000,
    "costAndExpenses": 1210900000,
    "interestIncome": 1400000,
    "interestExpense": 83400000,
    "depreciationAndAmortization": 148500000,
    "ebitda": -202100000,
    "ebitdaratio": -0.2258100559,
    "operatingIncome": -315900000,
    "operatingIncomeRatio": -0.3529608939,
    "totalOtherIncomeExpensesNet": -118100000,
    "incomeBeforeTax": -434000000,
    "incomeBeforeTaxRatio": -0.4849162011,
    "incomeTaxExpense": -94500000,
    "netIncome": -339500000,
    "netIncomeRatio": -0.3793296089,
    "eps": -0.95,
    "epsdiluted": -0.95,
    "weightedAverageShsOut": 363263157,
    "weightedAverageShsOutDil": 363900000,
    "link": "https://www.sec.gov/Archives/edgar/data/1111711/000111171118000049/0001111711-18-000049-index.htm",
    "finalLink": "https://www.sec.gov/Archives/edgar/data/1111711/000111171118000049/ni-2018930x10q.htm"
  },
  {
    "date": "2018-06-30",
    "symbol": "NI",
    "reportedCurrency": "USD",
    "cik": "0001111711",
    "fillingDate": "2018-08-01",
    "acceptedDate": "2018-08-01 10:15:46",
    "calendarYear": "2018",
    "period": "Q2",
    "revenue": 1007000000,
    "costOfRevenue": 678500000,
    "grossProfit": 328500000,
    "grossProfitRatio": 0.3262164846,
    "researchAndDevelopmentExpenses": 0,
    "generalAndAdministrativeExpenses": 0,
    "sellingAndMarketingExpenses": 0,
    "sellingGeneralAndAdministrativeExpenses": -6100000,
    "otherExpenses": 216200000,
    "operatingExpenses": 210100000,
    "costAndExpenses": 888600000,
    "interestIncome": 1100000,
    "interestExpense": 88700000,
    "depreciationAndAmortization": 144600000,
    "ebitda": 263300000,
    "ebitdaratio": 0.261469712,
    "operatingIncome": 118400000,
    "operatingIncomeRatio": 0.1175769613,
    "totalOtherIncomeExpensesNet": -88400000,
    "incomeBeforeTax": 30000000,
    "incomeBeforeTaxRatio": 0.0297914598,
    "incomeTaxExpense": 5500000,
    "netIncome": 24500000,
    "netIncomeRatio": 0.0243296922,
    "eps": 0.07,
    "epsdiluted": 0.07,
    "weightedAverageShsOut": 354200000,
    "weightedAverageShsOutDil": 355200000,
    "link": "https://www.sec.gov/Archives/edgar/data/1111711/000111171118000034/0001111711-18-000034-index.htm",
    "finalLink": "https://www.sec.gov/Archives/edgar/data/1111711/000111171118000034/ni-2018630x10q.htm"
  },
  {
    "date": "2018-03-31",
    "symbol": "NI",
    "reportedCurrency": "USD",
    "cik": "0001111711",
    "fillingDate": "2018-05-02",
    "acceptedDate": "2018-05-02 06:39:32",
    "calendarYear": "2018",
    "period": "Q1",
    "revenue": 1750800000,
    "costOfRevenue": 1126900000,
    "grossProfit": 623900000,
    "grossProfitRatio": 0.3563513822,
    "researchAndDevelopmentExpenses": 0,
    "generalAndAdministrativeExpenses": 0,
    "sellingAndMarketingExpenses": 0,
    "sellingGeneralAndAdministrativeExpenses": -6200000,
    "otherExpenses": 229500000,
    "operatingExpenses": 223300000,
    "costAndExpenses": 1350200000,
    "interestIncome": 1700000,
    "interestExpense": 93100000,
    "depreciationAndAmortization": 144700000,
    "ebitda": 576600000,
    "ebitdaratio": 0.3293351611,
    "operatingIncome": 400600000,
    "operatingIncomeRatio": 0.228809687,
    "totalOtherIncomeExpensesNet": -61800000,
    "incomeBeforeTax": 338800000,
    "incomeBeforeTaxRatio": 0.1935115376,
    "incomeTaxExpense": 62700000,
    "netIncome": 276100000,
    "netIncomeRatio": 0.1576993374,
    "eps": 0.82,
    "epsdiluted": 0.81,
    "weightedAverageShsOut": 338000000,
    "weightedAverageShsOutDil": 339000000,
    "link": "https://www.sec.gov/Archives/edgar/data/1111711/000111171118000021/0001111711-18-000021-index.htm",
    "finalLink": "https://www.sec.gov/Archives/edgar/data/1111711/000111171118000021/ni-2018331x10q.htm"
  },
  {
    "date": "2017-12-31",
    "symbol": "NI",
    "reportedCurrency": "USD",
    "cik": "0001111711",
    "fillingDate": "2018-02-20",
    "acceptedDate": "2018-02-20 11:00:43",
    "calendarYear": "2017",
    "period": "Q4",
    "revenue": 1368300000,
    "costOfRevenue": 883400000,
    "grossProfit": 484900000,
    "grossProfitRatio": 0.3543813491,
    "researchAndDevelopmentExpenses": 0,
    "generalAndAdministrativeExpenses": 0,
    "sellingAndMarketingExpenses": 0,
    "sellingGeneralAndAdministrativeExpenses": 0,
    "otherExpenses": 214900000,
    "operatingExpenses": 214900000,
    "costAndExpenses": 1098300000,
    "interestIncome": 4600000,
    "interestExpense": 102700000,
    "depreciationAndAmortization": 141800000,
    "ebitda": 416700000,
    "ebitdaratio": 0.3045384784,
    "operatingIncome": 270000000,
    "operatingIncomeRatio": 0.197325148,
    "totalOtherIncomeExpensesNet": -105600000,
    "incomeBeforeTax": 165000000,
    "incomeBeforeTaxRatio": 0.1205875904,
    "incomeTaxExpense": 217400000,
    "netIncome": -52400000,
    "netIncomeRatio": -0.0382956954,
    "eps": 0,
    "epsdiluted": 0,
    "weightedAverageShsOut": 337500000,
    "weightedAverageShsOutDil": 338000000,
    "link": "https://www.sec.gov/Archives/edgar/data/1111711/000111171118000008/0001111711-18-000008-index.htm",
    "finalLink": "https://www.sec.gov/Archives/edgar/data/1111711/000111171118000008/ni-20171231x10k.htm"
  },
  {
    "date": "2017-09-30",
    "symbol": "NI",
    "reportedCurrency": "USD",
    "cik": "0001111711",
    "fillingDate": "2017-11-01",
    "acceptedDate": "2017-11-01 10:32:05",
    "calendarYear": "2017",
    "period": "Q3",
    "revenue": 917000000,
    "costOfRevenue": 605300000,
    "grossProfit": 311700000,
    "grossProfitRatio": 0.339912759,
    "researchAndDevelopmentExpenses": 0,
    "generalAndAdministrativeExpenses": 0,
    "sellingAndMarketingExpenses": 0,
    "sellingGeneralAndAdministrativeExpenses": 11800000,
    "otherExpenses": 188700000,
    "operatingExpenses": 200500000,
    "costAndExpenses": 805800000,
    "interestIncome": 1400000,
    "interestExpense": 87900000,
    "depreciationAndAmortization": 143000000,
    "ebitda": 247400000,
    "ebitdaratio": 0.2697928026,
    "operatingIncome": 111200000,
    "operatingIncomeRatio": 0.1212649945,
    "totalOtherIncomeExpensesNet": -83100000,
    "incomeBeforeTax": 16500000,
    "incomeBeforeTaxRatio": 0.0179934569,
    "incomeTaxExpense": 2500000,
    "netIncome": 14000000,
    "netIncomeRatio": 0.0152671756,
    "eps": 0.04,
    "epsdiluted": 0.04,
    "weightedAverageShsOut": 331100000,
    "weightedAverageShsOutDil": 332400000,
    "link": "https://www.sec.gov/Archives/edgar/data/1111711/000111171117000060/0001111711-17-000060-index.htm",
    "finalLink": "https://www.sec.gov/Archives/edgar/data/1111711/000111171117000060/ni-2017930x10q.htm"
  },
  {
    "date": "2017-06-30",
    "symbol": "NI",
    "reportedCurrency": "USD",
    "cik": "0001111711",
    "fillingDate": "2017-08-02",
    "acceptedDate": "2017-08-02 09:26:06",
    "calendarYear": "2017",
    "period": "Q2",
    "revenue": 990700000,
    "costOfRevenue": 668400000,
    "grossProfit": 322300000,
    "grossProfitRatio": 0.3253255274,
    "researchAndDevelopmentExpenses": 0,
    "generalAndAdministrativeExpenses": 0,
    "sellingAndMarketingExpenses": 0,
    "sellingGeneralAndAdministrativeExpenses": -500000,
    "otherExpenses": 198800000,
    "operatingExpenses": 198300000,
    "costAndExpenses": 866700000,
    "interestIncome": 900000,
    "interestExpense": 87700000,
    "depreciationAndAmortization": 142200000,
    "ebitda": 158900000,
    "ebitdaratio": 0.1603916423,
    "operatingIncome": 124000000,
    "operatingIncomeRatio": 0.1251640254,
    "totalOtherIncomeExpensesNet": -195400000,
    "incomeBeforeTax": -70900000,
    "incomeBeforeTaxRatio": -0.0715655597,
    "incomeTaxExpense": -26600000,
    "netIncome": -44400000,
    "netIncomeRatio": -0.0448167962,
    "eps": -0.14,
    "epsdiluted": -0.14,
    "weightedAverageShsOut": 317142857,
    "weightedAverageShsOutDil": 325100000,
    "link": "https://www.sec.gov/Archives/edgar/data/1111711/000111171117000052/0001111711-17-000052-index.htm",
    "finalLink": "https://www.sec.gov/Archives/edgar/data/1111711/000111171117000052/ni-2017630x10q.htm"
  },
  {
    "date": "2017-03-31",
    "symbol": "NI",
    "reportedCurrency": "USD",
    "cik": "0001111711",
    "fillingDate": "2017-05-03",
    "acceptedDate": "2017-05-03 06:09:07",
    "calendarYear": "2017",
    "period": "Q1",
    "revenue": 1598600000,
    "costOfRevenue": 963900000,
    "grossProfit": 634700000,
    "grossProfitRatio": 0.3970349055,
    "researchAndDevelopmentExpenses": 0,
    "generalAndAdministrativeExpenses": 0,
    "sellingAndMarketingExpenses": 0,
    "sellingGeneralAndAdministrativeExpenses": 0,
    "otherExpenses": 219300000,
    "operatingExpenses": 219300000,
    "costAndExpenses": 1183200000,
    "interestIncome": 0,
    "interestExpense": 85200000,
    "depreciationAndAmortization": 143300000,
    "ebitda": 561000000,
    "ebitdaratio": 0.3509320656,
    "operatingIncome": 415400000,
    "operatingIncomeRatio": 0.2598523708,
    "totalOtherIncomeExpensesNet": -84000000,
    "incomeBeforeTax": 332500000,
    "incomeBeforeTaxRatio": 0.2079944952,
    "incomeTaxExpense": 121200000,
    "netIncome": 211300000,
    "netIncomeRatio": 0.1321781559,
    "eps": 0.65,
    "epsdiluted": 0.65,
    "weightedAverageShsOut": 323700000,
    "weightedAverageShsOutDil": 325300000,
    "link": "https://www.sec.gov/Archives/edgar/data/1111711/000111171117000032/0001111711-17-000032-index.htm",
    "finalLink": "https://www.sec.gov/Archives/edgar/data/1111711/000111171117000032/ni-2017331x10q.htm"
  },
  {
    "date": "2016-12-31",
    "symbol": "NI",
    "reportedCurrency": "USD",
    "cik": "0001111711",
    "fillingDate": "2017-05-08",
    "acceptedDate": "2017-05-08 16:55:36",
    "calendarYear": "2016",
    "period": "Q4",
    "revenue": 1297000000,
    "costOfRevenue": 865400000,
    "grossProfit": 431600000,
    "grossProfitRatio": 0.332767926,
    "researchAndDevelopmentExpenses": 0,
    "generalAndAdministrativeExpenses": 0,
    "sellingAndMarketingExpenses": 0,
    "sellingGeneralAndAdministrativeExpenses": 0,
    "otherExpenses": 206700000,
    "operatingExpenses": 206700000,
    "costAndExpenses": 1072100000,
    "interestIncome": 3400000,
    "interestExpense": 94400000,
    "depreciationAndAmortization": 141100000,
    "ebitda": 383400000,
    "ebitdaratio": 0.2956052429,
    "operatingIncome": 224900000,
    "operatingIncomeRatio": 0.1734001542,
    "totalOtherIncomeExpensesNet": -84600000,
    "incomeBeforeTax": 140300000,
    "incomeBeforeTaxRatio": 0.1081727062,
    "incomeTaxExpense": 51500000,
    "netIncome": 88800000,
    "netIncomeRatio": 0.0684656901,
    "eps": 0,
    "epsdiluted": 0,
    "weightedAverageShsOut": 323000000,
    "weightedAverageShsOutDil": 323700000,
    "link": "https://www.sec.gov/Archives/edgar/data/1111711/000111171117000037/0001111711-17-000037-index.htm",
    "finalLink": "https://www.sec.gov/Archives/edgar/data/1111711/000111171117000037/ni-20161231x10ka.htm"
  },
  {
    "date": "2016-09-30",
    "symbol": "NI",
    "reportedCurrency": "USD",
    "cik": "0001111711",
    "fillingDate": "2016-11-01",
    "acceptedDate": "2016-11-01 11:50:38",
    "calendarYear": "2016",
    "period": "Q3",
    "revenue": 861300000,
    "costOfRevenue": 554800000,
    "grossProfit": 306500000,
    "grossProfitRatio": 0.3558574248,
    "researchAndDevelopmentExpenses": 0,
    "generalAndAdministrativeExpenses": 0,
    "sellingAndMarketingExpenses": 0,
    "sellingGeneralAndAdministrativeExpenses": 0,
    "otherExpenses": 192800000,
    "operatingExpenses": 192800000,
    "costAndExpenses": 747600000,
    "interestIncome": 0,
    "interestExpense": 85000000,
    "depreciationAndAmortization": 136300000,
    "ebitda": 253500000,
    "ebitdaratio": 0.2943225357,
    "operatingIncome": 113700000,
    "operatingIncomeRatio": 0.1320097527,
    "totalOtherIncomeExpensesNet": -81500000,
    "incomeBeforeTax": 32200000,
    "incomeBeforeTaxRatio": 0.0373853477,
    "incomeTaxExpense": 8500000,
    "netIncome": 27200000,
    "netIncomeRatio": 0.0315801695,
    "eps": 0.08,
    "epsdiluted": 0.08,
    "weightedAverageShsOut": 322300000,
    "weightedAverageShsOutDil": 323900000,
    "link": "https://www.sec.gov/Archives/edgar/data/1111711/000111171116000084/0001111711-16-000084-index.htm",
    "finalLink": "https://www.sec.gov/Archives/edgar/data/1111711/000111171116000084/ni-2016930x10q.htm"
  },
  {
    "date": "2016-06-30",
    "symbol": "NI",
    "reportedCurrency": "USD",
    "cik": "0001111711",
    "fillingDate": "2016-08-02",
    "acceptedDate": "2016-08-02 09:50:29",
    "calendarYear": "2016",
    "period": "Q2",
    "revenue": 897600000,
    "costOfRevenue": 572500000,
    "grossProfit": 325100000,
    "grossProfitRatio": 0.362188057,
    "researchAndDevelopmentExpenses": 0,
    "generalAndAdministrativeExpenses": 0,
    "sellingAndMarketingExpenses": 0,
    "sellingGeneralAndAdministrativeExpenses": 0,
    "otherExpenses": 186900000,
    "operatingExpenses": 186900000,
    "costAndExpenses": 759400000,
    "interestIncome": 0,
    "interestExpense": 86000000,
    "depreciationAndAmortization": 136900000,
    "ebitda": 269000000,
    "ebitdaratio": 0.299688057,
    "operatingIncome": 138200000,
    "operatingIncomeRatio": 0.1539661319,
    "totalOtherIncomeExpensesNet": -92100000,
    "incomeBeforeTax": 46100000,
    "incomeBeforeTaxRatio": 0.05135918,
    "incomeTaxExpense": 17400000,
    "netIncome": 28600000,
    "netIncomeRatio": 0.0318627451,
    "eps": 0.09,
    "epsdiluted": 0.09,
    "weightedAverageShsOut": 321700000,
    "weightedAverageShsOutDil": 323200000,
    "link": "https://www.sec.gov/Archives/edgar/data/1111711/000111171116000078/0001111711-16-000078-index.htm",
    "finalLink": "https://www.sec.gov/Archives/edgar/data/1111711/000111171116000078/ni-2016630x10q.htm"
  },
  {
    "date": "2016-03-31",
    "symbol": "NI",
    "reportedCurrency": "USD",
    "cik": "0001111711",
    "fillingDate": "2016-05-03",
    "acceptedDate": "2016-05-03 09:45:39",
    "calendarYear": "2016",
    "period": "Q1",
    "revenue": 1436600000,
    "costOfRevenue": 851200000,
    "grossProfit": 585400000,
    "grossProfitRatio": 0.4074899067,
    "researchAndDevelopmentExpenses": 0,
    "generalAndAdministrativeExpenses": 0,
    "sellingAndMarketingExpenses": 0,
    "sellingGeneralAndAdministrativeExpenses": 0,
    "otherExpenses": 204000000,
    "operatingExpenses": 204000000,
    "costAndExpenses": 1055200000,
    "interestIncome": 0,
    "interestExpense": 90500000,
    "depreciationAndAmortization": 132800000,
    "ebitda": 514900000,
    "ebitdaratio": 0.3584157037,
    "operatingIncome": 381400000,
    "operatingIncomeRatio": 0.2654879577,
    "totalOtherIncomeExpensesNet": -89800000,
    "incomeBeforeTax": 291600000,
    "incomeBeforeTaxRatio": 0.2029792566,
    "incomeTaxExpense": 111900000,
    "netIncome": 179700000,
    "netIncomeRatio": 0.125087011,
    "eps": 0.58,
    "epsdiluted": 0.58,
    "weightedAverageShsOut": 320300000,
    "weightedAverageShsOutDil": 322500000,
    "link": "https://www.sec.gov/Archives/edgar/data/1111711/000111171116000064/0001111711-16-000064-index.htm",
    "finalLink": "https://www.sec.gov/Archives/edgar/data/1111711/000111171116000064/ni-2016331x10q.htm"
  },
  {
    "date": "2015-12-31",
    "symbol": "NI",
    "reportedCurrency": "USD",
    "cik": "0001111711",
    "fillingDate": "2016-02-18",
    "acceptedDate": "2016-02-18 11:29:02",
    "calendarYear": "2015",
    "period": "Q4",
    "revenue": 1097800000,
    "costOfRevenue": 685600000,
    "grossProfit": 412200000,
    "grossProfitRatio": 0.3754782292,
    "researchAndDevelopmentExpenses": 0,
    "generalAndAdministrativeExpenses": 0,
    "sellingAndMarketingExpenses": 0,
    "sellingGeneralAndAdministrativeExpenses": 0,
    "otherExpenses": 192700000,
    "operatingExpenses": 192700000,
    "costAndExpenses": 878300000,
    "interestIncome": 800000,
    "interestExpense": 94300000,
    "depreciationAndAmortization": 133400000,
    "ebitda": 361500000,
    "ebitdaratio": 0.3292949535,
    "operatingIncome": 219500000,
    "operatingIncomeRatio": 0.1999453452,
    "totalOtherIncomeExpensesNet": -88500000,
    "incomeBeforeTax": 131000000,
    "incomeBeforeTaxRatio": 0.1193295682,
    "incomeTaxExpense": 66600000,
    "netIncome": 59400000,
    "netIncomeRatio": 0.0541082164,
    "eps": 0.19,
    "epsdiluted": 0.19,
    "weightedAverageShsOut": 318800000,
    "weightedAverageShsOutDil": 321100000,
    "link": "https://www.sec.gov/Archives/edgar/data/1111711/000111171116000049/0001111711-16-000049-index.htm",
    "finalLink": "https://www.sec.gov/Archives/edgar/data/1111711/000111171116000049/ni-20151231x10kq4.htm"
  },
  {
    "date": "2015-09-30",
    "symbol": "NI",
    "reportedCurrency": "USD",
    "cik": "0001111711",
    "fillingDate": "2015-11-03",
    "acceptedDate": "2015-11-03 10:28:29",
    "calendarYear": "2015",
    "period": "Q3",
    "revenue": 817200000,
    "costOfRevenue": 520200000,
    "grossProfit": 297000000,
    "grossProfitRatio": 0.3634361233,
    "researchAndDevelopmentExpenses": 0,
    "generalAndAdministrativeExpenses": 0,
    "sellingAndMarketingExpenses": 0,
    "sellingGeneralAndAdministrativeExpenses": 0,
    "otherExpenses": 187300000,
    "operatingExpenses": 187300000,
    "costAndExpenses": 707500000,
    "interestIncome": 0,
    "interestExpense": 94900000,
    "depreciationAndAmortization": 66100000,
    "ebitda": 248000000,
    "ebitdaratio": 0.3034752814,
    "operatingIncome": 109700000,
    "operatingIncomeRatio": 0.1342388644,
    "totalOtherIncomeExpensesNet": -89100000,
    "incomeBeforeTax": 20600000,
    "incomeBeforeTaxRatio": 0.0252080274,
    "incomeTaxExpense": 5800000,
    "netIncome": -4900000,
    "netIncomeRatio": -0.0059960842,
    "eps": -0.02,
    "epsdiluted": -0.02,
    "weightedAverageShsOut": 318100000,
    "weightedAverageShsOutDil": 321500000,
    "link": "https://www.sec.gov/Archives/edgar/data/1111711/000111171115000037/0001111711-15-000037-index.htm",
    "finalLink": "https://www.sec.gov/Archives/edgar/data/1111711/000111171115000037/ni-2015930x10q.htm"
  },
  {
    "date": "2015-06-30",
    "symbol": "NI",
    "reportedCurrency": "USD",
    "cik": "0001111711",
    "fillingDate": "2015-08-03",
    "acceptedDate": "2015-08-03 11:00:59",
    "calendarYear": "2015",
    "period": "Q2",
    "revenue": 1169000000,
    "costOfRevenue": 606700000,
    "grossProfit": 277900000,
    "grossProfitRatio": 0.2377245509,
    "researchAndDevelopmentExpenses": 0,
    "generalAndAdministrativeExpenses": 0,
    "sellingAndMarketingExpenses": 0,
    "sellingGeneralAndAdministrativeExpenses": 0,
    "otherExpenses": 193500000,
    "operatingExpenses": 193500000,
    "costAndExpenses": 800200000,
    "interestIncome": 0,
    "interestExpense": 117100000,
    "depreciationAndAmortization": 167400000,
    "ebitda": 123000000,
    "ebitdaratio": 0.1052181352,
    "operatingIncome": 84400000,
    "operatingIncomeRatio": 0.0721984602,
    "totalOtherIncomeExpensesNet": -127100000,
    "incomeBeforeTax": -42700000,
    "incomeBeforeTaxRatio": -0.0365269461,
    "incomeTaxExpense": -15300000,
    "netIncome": -36400000,
    "netIncomeRatio": -0.0311377246,
    "eps": -0.11,
    "epsdiluted": -0.11,
    "weightedAverageShsOut": 317500000,
    "weightedAverageShsOutDil": 317500000,
    "link": "https://www.sec.gov/Archives/edgar/data/1111711/000111171115000030/0001111711-15-000030-index.htm",
    "finalLink": "https://www.sec.gov/Archives/edgar/data/1111711/000111171115000030/ni-2015630x10q.htm"
  },
  {
    "date": "2015-03-31",
    "symbol": "NI",
    "reportedCurrency": "USD",
    "cik": "0001111711",
    "fillingDate": "2015-04-30",
    "acceptedDate": "2015-04-30 17:17:46",
    "calendarYear": "2015",
    "period": "Q1",
    "revenue": 2149700000,
    "costOfRevenue": 1257300000,
    "grossProfit": 594900000,
    "grossProfitRatio": 0.2767362888,
    "researchAndDevelopmentExpenses": 0,
    "generalAndAdministrativeExpenses": 0,
    "sellingAndMarketingExpenses": 0,
    "sellingGeneralAndAdministrativeExpenses": 0,
    "otherExpenses": 208600000,
    "operatingExpenses": 208600000,
    "costAndExpenses": 1465900000,
    "interestIncome": 0,
    "interestExpense": 111000000,
    "depreciationAndAmortization": 157500000,
    "ebitda": 514800000,
    "ebitdaratio": 0.2394752756,
    "operatingIncome": 386300000,
    "operatingIncomeRatio": 0.179699493,
    "totalOtherIncomeExpensesNet": -103900000,
    "incomeBeforeTax": 426200000,
    "incomeBeforeTaxRatio": 0.1982602224,
    "incomeTaxExpense": 150900000,
    "netIncome": 268400000,
    "netIncomeRatio": 0.1248546309,
    "eps": 0.85,
    "epsdiluted": 0.85,
    "weightedAverageShsOut": 316600000,
    "weightedAverageShsOutDil": 317400000,
    "link": "https://www.sec.gov/Archives/edgar/data/1111711/000111171115000022/0001111711-15-000022-index.htm",
    "finalLink": "https://www.sec.gov/Archives/edgar/data/1111711/000111171115000022/ni-2015331x10q.htm"
  },
  {
    "date": "2014-12-31",
    "symbol": "NI",
    "reportedCurrency": "USD",
    "cik": "0001111711",
    "fillingDate": "2015-02-18",
    "acceptedDate": "2015-02-18 10:36:47",
    "calendarYear": "2014",
    "period": "Q4",
    "revenue": 1691100000,
    "costOfRevenue": 1133200000,
    "grossProfit": 557900000,
    "grossProfitRatio": 0.329903613,
    "researchAndDevelopmentExpenses": 33700000,
    "generalAndAdministrativeExpenses": 0,
    "sellingAndMarketingExpenses": 0,
    "sellingGeneralAndAdministrativeExpenses": 0,
    "otherExpenses": 206600000,
    "operatingExpenses": 206600000,
    "costAndExpenses": 1339800000,
    "interestIncome": 0,
    "interestExpense": 90700000,
    "depreciationAndAmortization": 154700000,
    "ebitda": 501700000,
    "ebitdaratio": 0.296670806,
    "operatingIncome": 351300000,
    "operatingIncomeRatio": 0.2077346106,
    "totalOtherIncomeExpensesNet": -114700000,
    "incomeBeforeTax": 236600000,
    "incomeBeforeTaxRatio": 0.139908935,
    "incomeTaxExpense": 82300000,
    "netIncome": 154200000,
    "netIncomeRatio": 0.0911832535,
    "eps": 0,
    "epsdiluted": 0,
    "weightedAverageShsOut": 315700000,
    "weightedAverageShsOutDil": 316600000,
    "link": "https://www.sec.gov/Archives/edgar/data/1111711/000111171115000008/0001111711-15-000008-index.htm",
    "finalLink": "https://www.sec.gov/Archives/edgar/data/1111711/000111171115000008/ni-20141231x10k.htm"
  },
  {
    "date": "2014-09-30",
    "symbol": "NI",
    "reportedCurrency": "USD",
    "cik": "0001111711",
    "fillingDate": "2014-10-30",
    "acceptedDate": "2014-10-30 10:23:36",
    "calendarYear": "2014",
    "period": "Q3",
    "revenue": 1123900000,
    "costOfRevenue": 589800000,
    "grossProfit": 248400000,
    "grossProfitRatio": 0.2210161046,
    "researchAndDevelopmentExpenses": 0,
    "generalAndAdministrativeExpenses": 0,
    "sellingAndMarketingExpenses": 0,
    "sellingGeneralAndAdministrativeExpenses": 0,
    "otherExpenses": 177300000,
    "operatingExpenses": 177300000,
    "costAndExpenses": 767100000,
    "interestIncome": 0,
    "interestExpense": 109600000,
    "depreciationAndAmortization": 153000000,
    "ebitda": 200600000,
    "ebitdaratio": 0.1784856304,
    "operatingIncome": 71100000,
    "operatingIncomeRatio": 0.063261856,
    "totalOtherIncomeExpensesNet": -89000000,
    "incomeBeforeTax": 57400000,
    "incomeBeforeTaxRatio": 0.0510721594,
    "incomeTaxExpense": 25900000,
    "netIncome": 31400000,
    "netIncomeRatio": 0.0279384287,
    "eps": 0.1,
    "epsdiluted": 0.1,
    "weightedAverageShsOut": 315400000,
    "weightedAverageShsOutDil": 315400000,
    "link": "https://www.sec.gov/Archives/edgar/data/1111711/000111171114000063/0001111711-14-000063-index.htm",
    "finalLink": "https://www.sec.gov/Archives/edgar/data/1111711/000111171114000063/ni-2014930x10q.htm"
  },
  {
    "date": "2014-06-30",
    "symbol": "NI",
    "reportedCurrency": "USD",
    "cik": "0001111711",
    "fillingDate": "2014-07-31",
    "acceptedDate": "2014-07-31 09:47:38",
    "calendarYear": "2014",
    "period": "Q2",
    "revenue": 1335100000,
    "costOfRevenue": 904800000,
    "grossProfit": 430300000,
    "grossProfitRatio": 0.3222979552,
    "researchAndDevelopmentExpenses": 0,
    "generalAndAdministrativeExpenses": 0,
    "sellingAndMarketingExpenses": 0,
    "sellingGeneralAndAdministrativeExpenses": 0,
    "otherExpenses": 210700000,
    "operatingExpenses": 210700000,
    "costAndExpenses": 1115500000,
    "interestIncome": 0,
    "interestExpense": 109100000,
    "depreciationAndAmortization": 149100000,
    "ebitda": 376200000,
    "ebitdaratio": 0.2817766459,
    "operatingIncome": 219600000,
    "operatingIncomeRatio": 0.1644820613,
    "totalOtherIncomeExpensesNet": -101600000,
    "incomeBeforeTax": 118000000,
    "incomeBeforeTaxRatio": 0.0883828927,
    "incomeTaxExpense": 39500000,
    "netIncome": 78200000,
    "netIncomeRatio": 0.0585723916,
    "eps": 0.25,
    "epsdiluted": 0.25,
    "weightedAverageShsOut": 315000000,
    "weightedAverageShsOutDil": 316100000,
    "link": "https://www.sec.gov/Archives/edgar/data/1111711/000111171114000052/0001111711-14-000052-index.htm",
    "finalLink": "https://www.sec.gov/Archives/edgar/data/1111711/000111171114000052/ni-2014630x10q.htm"
  },
  {
    "date": "2014-03-31",
    "symbol": "NI",
    "reportedCurrency": "USD",
    "cik": "0001111711",
    "fillingDate": "2014-04-30",
    "acceptedDate": "2014-04-30 09:42:01",
    "calendarYear": "2014",
    "period": "Q1",
    "revenue": 2320500000,
    "costOfRevenue": 1562500000,
    "grossProfit": 758000000,
    "grossProfitRatio": 0.3266537384,
    "researchAndDevelopmentExpenses": 0,
    "generalAndAdministrativeExpenses": 0,
    "sellingAndMarketingExpenses": 0,
    "sellingGeneralAndAdministrativeExpenses": 0,
    "otherExpenses": 224300000,
    "operatingExpenses": 224300000,
    "costAndExpenses": 1786800000,
    "interestIncome": 0,
    "interestExpense": 109100000,
    "depreciationAndAmortization": 148700000,
    "ebitda": 686900000,
    "ebitdaratio": 0.2960137901,
    "operatingIncome": 533700000,
    "operatingIncomeRatio": 0.2299935359,
    "totalOtherIncomeExpensesNet": -104600000,
    "incomeBeforeTax": 429100000,
    "incomeBeforeTaxRatio": 0.1849170437,
    "incomeTaxExpense": 162700000,
    "netIncome": 266200000,
    "netIncomeRatio": 0.1147166559,
    "eps": 0.85,
    "epsdiluted": 0.85,
    "weightedAverageShsOut": 314200000,
    "weightedAverageShsOutDil": 315100000,
    "link": "https://www.sec.gov/Archives/edgar/data/1111711/000111171114000036/0001111711-14-000036-index.htm",
    "finalLink": "https://www.sec.gov/Archives/edgar/data/1111711/000111171114000036/ni-2014331x10q.htm"
  },
  {
    "date": "2013-12-31",
    "symbol": "NI",
    "reportedCurrency": "USD",
    "cik": "0001111711",
    "fillingDate": "2014-02-18",
    "acceptedDate": "2014-02-18 10:20:54",
    "calendarYear": "2013",
    "period": "Q4",
    "revenue": 1596800000,
    "costOfRevenue": 1045500000,
    "grossProfit": 551300000,
    "grossProfitRatio": 0.345253006,
    "researchAndDevelopmentExpenses": 36300000,
    "generalAndAdministrativeExpenses": 0,
    "sellingAndMarketingExpenses": 0,
    "sellingGeneralAndAdministrativeExpenses": 0,
    "otherExpenses": 207200000,
    "operatingExpenses": 207200000,
    "costAndExpenses": 1252700000,
    "interestIncome": 0,
    "interestExpense": 117000000,
    "depreciationAndAmortization": 145900000,
    "ebitda": 483200000,
    "ebitdaratio": 0.3026052104,
    "operatingIncome": 344100000,
    "operatingIncomeRatio": 0.215493487,
    "totalOtherIncomeExpensesNet": -108400000,
    "incomeBeforeTax": 235700000,
    "incomeBeforeTaxRatio": 0.1476077154,
    "incomeTaxExpense": 82700000,
    "netIncome": 151800000,
    "netIncomeRatio": 0.0950651303,
    "eps": 0,
    "epsdiluted": 0,
    "weightedAverageShsOut": 313300000,
    "weightedAverageShsOutDil": 314200000,
    "link": "https://www.sec.gov/Archives/edgar/data/1111711/000111171114000016/0001111711-14-000016-index.htm",
    "finalLink": "https://www.sec.gov/Archives/edgar/data/1111711/000111171114000016/ni-20131231x10k.htm"
  },
  {
    "date": "2013-09-30",
    "symbol": "NI",
    "reportedCurrency": "USD",
    "cik": "0001111711",
    "fillingDate": "2013-10-31",
    "acceptedDate": "2013-10-31 10:01:05",
    "calendarYear": "2013",
    "period": "Q3",
    "revenue": 1076800000,
    "costOfRevenue": 711900000,
    "grossProfit": 364900000,
    "grossProfitRatio": 0.3388744428,
    "researchAndDevelopmentExpenses": 0,
    "generalAndAdministrativeExpenses": 0,
    "sellingAndMarketingExpenses": 0,
    "sellingGeneralAndAdministrativeExpenses": 0,
    "otherExpenses": 188500000,
    "operatingExpenses": 188500000,
    "costAndExpenses": 900400000,
    "interestIncome": 0,
    "interestExpense": 103700000,
    "depreciationAndAmortization": 144500000,
    "ebitda": 325600000,
    "ebitdaratio": 0.3023774146,
    "operatingIncome": 176400000,
    "operatingIncomeRatio": 0.1638187221,
    "totalOtherIncomeExpensesNet": -99000000,
    "incomeBeforeTax": 77400000,
    "incomeBeforeTaxRatio": 0.0718796434,
    "incomeTaxExpense": 27900000,
    "netIncome": 48100000,
    "netIncomeRatio": 0.0446693908,
    "eps": 0.16,
    "epsdiluted": 0.16,
    "weightedAverageShsOut": 312800000,
    "weightedAverageShsOutDil": 313800000,
    "link": "https://www.sec.gov/Archives/edgar/data/1111711/000111171113000050/0001111711-13-000050-index.htm",
    "finalLink": "https://www.sec.gov/Archives/edgar/data/1111711/000111171113000050/ni-2013930x10q.htm"
  },
  {
    "date": "2013-06-30",
    "symbol": "NI",
    "reportedCurrency": "USD",
    "cik": "0001111711",
    "fillingDate": "2013-07-31",
    "acceptedDate": "2013-07-31 09:47:49",
    "calendarYear": "2013",
    "period": "Q2",
    "revenue": 1212300000,
    "costOfRevenue": 801700000,
    "grossProfit": 399800000,
    "grossProfitRatio": 0.3297863565,
    "researchAndDevelopmentExpenses": 0,
    "generalAndAdministrativeExpenses": 0,
    "sellingAndMarketingExpenses": 0,
    "sellingGeneralAndAdministrativeExpenses": 0,
    "otherExpenses": 205800000,
    "operatingExpenses": 205800000,
    "costAndExpenses": 1007500000,
    "interestIncome": 0,
    "interestExpense": 102000000,
    "depreciationAndAmortization": 143300000,
    "ebitda": 350600000,
    "ebitdaratio": 0.2892023427,
    "operatingIncome": 194000000,
    "operatingIncomeRatio": 0.1600263961,
    "totalOtherIncomeExpensesNet": -88700000,
    "incomeBeforeTax": 104800000,
    "incomeBeforeTaxRatio": 0.086447249,
    "incomeTaxExpense": 32700000,
    "netIncome": 71700000,
    "netIncomeRatio": 0.0591437763,
    "eps": 0.23,
    "epsdiluted": 0.23,
    "weightedAverageShsOut": 312200000,
    "weightedAverageShsOutDil": 313200000,
    "link": "https://www.sec.gov/Archives/edgar/data/1111711/000111171113000038/0001111711-13-000038-index.htm",
    "finalLink": "https://www.sec.gov/Archives/edgar/data/1111711/000111171113000038/ni-2013630x10q.htm"
  },
  {
    "date": "2013-03-31",
    "symbol": "NI",
    "reportedCurrency": "USD",
    "cik": "0001111711",
    "fillingDate": "2013-04-30",
    "acceptedDate": "2013-04-30 11:59:14",
    "calendarYear": "2013",
    "period": "Q1",
    "revenue": 1794300000,
    "costOfRevenue": 1130300000,
    "grossProfit": 651900000,
    "grossProfitRatio": 0.363317171,
    "researchAndDevelopmentExpenses": 0,
    "generalAndAdministrativeExpenses": 0,
    "sellingAndMarketingExpenses": 0,
    "sellingGeneralAndAdministrativeExpenses": 0,
    "otherExpenses": 223000000,
    "operatingExpenses": 223000000,
    "costAndExpenses": 1353300000,
    "interestIncome": 0,
    "interestExpense": 98600000,
    "depreciationAndAmortization": 143600000,
    "ebitda": 576600000,
    "ebitdaratio": 0.3213509447,
    "operatingIncome": 428900000,
    "operatingIncomeRatio": 0.2390347211,
    "totalOtherIncomeExpensesNet": -94500000,
    "incomeBeforeTax": 333600000,
    "incomeBeforeTaxRatio": 0.1859220866,
    "incomeTaxExpense": 118200000,
    "netIncome": 260500000,
    "netIncomeRatio": 0.1451819651,
    "eps": 0.84,
    "epsdiluted": 0.83,
    "weightedAverageShsOut": 311100000,
    "weightedAverageShsOutDil": 312100000,
    "link": "https://www.sec.gov/Archives/edgar/data/1111711/000111171113000021/0001111711-13-000021-index.htm",
    "finalLink": "https://www.sec.gov/Archives/edgar/data/1111711/000111171113000021/ni-2013331x10q.htm"
  },
  {
    "date": "2012-12-31",
    "symbol": "NI",
    "reportedCurrency": "USD",
    "cik": "0001111711",
    "fillingDate": "2013-02-19",
    "acceptedDate": "2013-02-19 11:56:41",
    "calendarYear": "2012",
    "period": "Q4",
    "revenue": 1380300000,
    "costOfRevenue": 2099200000,
    "grossProfit": -718900000,
    "grossProfitRatio": -0.5208288053,
    "researchAndDevelopmentExpenses": 30600000,
    "generalAndAdministrativeExpenses": 0,
    "sellingAndMarketingExpenses": 0,
    "sellingGeneralAndAdministrativeExpenses": 0,
    "otherExpenses": -1016400000,
    "operatingExpenses": -1016400000,
    "costAndExpenses": 1082800000,
    "interestIncome": 0,
    "interestExpense": 0,
    "depreciationAndAmortization": 141800000,
    "ebitda": 456300000,
    "ebitdaratio": 0.3305803086,
    "operatingIncome": 297500000,
    "operatingIncomeRatio": 0.2155328552,
    "totalOtherIncomeExpensesNet": -107500000,
    "incomeBeforeTax": 190000000,
    "incomeBeforeTaxRatio": 0.1376512352,
    "incomeTaxExpense": 63400000,
    "netIncome": 134000000,
    "netIncomeRatio": 0.0970803449,
    "eps": 0,
    "epsdiluted": 0,
    "weightedAverageShsOut": 309900000,
    "weightedAverageShsOutDil": 311100000,
    "link": "https://www.sec.gov/Archives/edgar/data/1111711/000111171113000007/0001111711-13-000007-index.htm",
    "finalLink": "https://www.sec.gov/Archives/edgar/data/1111711/000111171113000007/ni-20121231x10k.htm"
  },
  {
    "date": "2012-09-30",
    "symbol": "NI",
    "reportedCurrency": "USD",
    "cik": "0001111711",
    "fillingDate": "2012-11-02",
    "acceptedDate": "2012-11-02 06:32:15",
    "calendarYear": "2012",
    "period": "Q3",
    "revenue": 973500000,
    "costOfRevenue": 645800000,
    "grossProfit": 310400000,
    "grossProfitRatio": 0.3188495121,
    "researchAndDevelopmentExpenses": 0,
    "generalAndAdministrativeExpenses": 0,
    "sellingAndMarketingExpenses": 0,
    "sellingGeneralAndAdministrativeExpenses": 0,
    "otherExpenses": 178900000,
    "operatingExpenses": 178900000,
    "costAndExpenses": 824700000,
    "interestIncome": 0,
    "interestExpense": 107900000,
    "depreciationAndAmortization": 126000000,
    "ebitda": 259000000,
    "ebitdaratio": 0.2660503338,
    "operatingIncome": 131500000,
    "operatingIncomeRatio": 0.1350796097,
    "totalOtherIncomeExpensesNet": -105700000,
    "incomeBeforeTax": 31500000,
    "incomeBeforeTaxRatio": 0.032357473,
    "incomeTaxExpense": 11500000,
    "netIncome": 19300000,
    "netIncomeRatio": 0.0198253724,
    "eps": 0.06,
    "epsdiluted": 0.06,
    "weightedAverageShsOut": 290300000,
    "weightedAverageShsOutDil": 300000000,
    "link": "https://www.sec.gov/Archives/edgar/data/1111711/000111171112000011/0001111711-12-000011-index.htm",
    "finalLink": "https://www.sec.gov/Archives/edgar/data/1111711/000111171112000011/ni-2012930x10q.htm"
  },
  {
    "date": "2012-06-30",
    "symbol": "NI",
    "reportedCurrency": "USD",
    "cik": "0001111711",
    "fillingDate": "2012-07-31",
    "acceptedDate": "2012-07-31 12:01:06",
    "calendarYear": "2012",
    "period": "Q2",
    "revenue": 1048700000,
    "costOfRevenue": 629900000,
    "grossProfit": 408900000,
    "grossProfitRatio": 0.3899113188,
    "researchAndDevelopmentExpenses": 0,
    "generalAndAdministrativeExpenses": 0,
    "sellingAndMarketingExpenses": 0,
    "sellingGeneralAndAdministrativeExpenses": 0,
    "otherExpenses": 203900000,
    "operatingExpenses": 203900000,
    "costAndExpenses": 833800000,
    "interestIncome": 0,
    "interestExpense": 103200000,
    "depreciationAndAmortization": 148000000,
    "ebitda": 355100000,
    "ebitdaratio": 0.3386097073,
    "operatingIncome": 205000000,
    "operatingIncomeRatio": 0.1954801182,
    "totalOtherIncomeExpensesNet": -100400000,
    "incomeBeforeTax": 108200000,
    "incomeBeforeTaxRatio": 0.10317536,
    "incomeTaxExpense": 37700000,
    "netIncome": 69400000,
    "netIncomeRatio": 0.0661771717,
    "eps": 0.25,
    "epsdiluted": 0.23,
    "weightedAverageShsOut": 284400000,
    "weightedAverageShsOutDil": 295800000,
    "link": "https://www.sec.gov/Archives/edgar/data/1111711/000119312512324979/0001193125-12-324979-index.htm",
    "finalLink": "https://www.sec.gov/Archives/edgar/data/1111711/000119312512324979/d365886d10q.htm"
  },
  {
    "date": "2012-03-31",
    "symbol": "NI",
    "reportedCurrency": "USD",
    "cik": "0001111711",
    "fillingDate": "2012-05-01",
    "acceptedDate": "2012-05-01 12:26:05",
    "calendarYear": "2012",
    "period": "Q1",
    "revenue": 1658700000,
    "costOfRevenue": 1028300000,
    "grossProfit": 620600000,
    "grossProfitRatio": 0.3741484295,
    "researchAndDevelopmentExpenses": 0,
    "generalAndAdministrativeExpenses": 0,
    "sellingAndMarketingExpenses": 0,
    "sellingGeneralAndAdministrativeExpenses": 0,
    "otherExpenses": 222900000,
    "operatingExpenses": 222900000,
    "costAndExpenses": 1251200000,
    "interestIncome": 0,
    "interestExpense": 103300000,
    "depreciationAndAmortization": 146100000,
    "ebitda": 543400000,
    "ebitdaratio": 0.3276059565,
    "operatingIncome": 397700000,
    "operatingIncomeRatio": 0.2397660819,
    "totalOtherIncomeExpensesNet": -102800000,
    "incomeBeforeTax": 296400000,
    "incomeBeforeTaxRatio": 0.1786941581,
    "incomeTaxExpense": 102900000,
    "netIncome": 193400000,
    "netIncomeRatio": 0.1165973353,
    "eps": 0.68,
    "epsdiluted": 0.66,
    "weightedAverageShsOut": 282900000,
    "weightedAverageShsOutDil": 293100000,
    "link": "https://www.sec.gov/Archives/edgar/data/1111711/000119312512199491/0001193125-12-199491-index.htm",
    "finalLink": "https://www.sec.gov/Archives/edgar/data/1111711/000119312512199491/d323834d10q.htm"
  },
  {
    "date": "2011-12-31",
    "symbol": "NI",
    "reportedCurrency": "USD",
    "cik": "0001111711",
    "fillingDate": "2012-02-24",
    "acceptedDate": "2012-02-24 14:26:10",
    "calendarYear": "2011",
    "period": "Q4",
    "revenue": 1489900000,
    "costOfRevenue": 599900000,
    "grossProfit": 890000000,
    "grossProfitRatio": 0.5973555272,
    "researchAndDevelopmentExpenses": 0,
    "generalAndAdministrativeExpenses": 0,
    "sellingAndMarketingExpenses": 0,
    "sellingGeneralAndAdministrativeExpenses": 0,
    "otherExpenses": 694900000,
    "operatingExpenses": 694900000,
    "costAndExpenses": 1294800000,
    "interestIncome": 0,
    "interestExpense": 0,
    "depreciationAndAmortization": 129900000,
    "ebitda": 271100000,
    "ebitdaratio": 0.1819585207,
    "operatingIncome": 195100000,
    "operatingIncomeRatio": 0.1309483858,
    "totalOtherIncomeExpensesNet": -163600000,
    "incomeBeforeTax": 31500000,
    "incomeBeforeTaxRatio": 0.0211423585,
    "incomeTaxExpense": 8300000,
    "netIncome": 20300000,
    "netIncomeRatio": 0.0136250755,
    "eps": 0,
    "epsdiluted": 0,
    "weightedAverageShsOut": 281300000,
    "weightedAverageShsOutDil": 282900000,
    "link": "https://www.sec.gov/Archives/edgar/data/1111711/000119312512077712/0001193125-12-077712-index.htm",
    "finalLink": "https://www.sec.gov/Archives/edgar/data/1111711/000119312512077712/d260054d10k.htm"
  },
  {
    "date": "2011-09-30",
    "symbol": "NI",
    "reportedCurrency": "USD",
    "cik": "0001111711",
    "fillingDate": "2011-10-28",
    "acceptedDate": "2011-10-28 12:07:59",
    "calendarYear": "2011",
    "period": "Q3",
    "revenue": 1068700000,
    "costOfRevenue": 323100000,
    "grossProfit": 745600000,
    "grossProfitRatio": 0.6976700664,
    "researchAndDevelopmentExpenses": 0,
    "generalAndAdministrativeExpenses": 0,
    "sellingAndMarketingExpenses": 0,
    "sellingGeneralAndAdministrativeExpenses": 0,
    "otherExpenses": 598200000,
    "operatingExpenses": 598200000,
    "costAndExpenses": 921300000,
    "interestIncome": 0,
    "interestExpense": 0,
    "depreciationAndAmortization": 134900000,
    "ebitda": 279200000,
    "ebitdaratio": 0.2612519884,
    "operatingIncome": 147400000,
    "operatingIncomeRatio": 0.1379245813,
    "totalOtherIncomeExpensesNet": -94100000,
    "incomeBeforeTax": 53400000,
    "incomeBeforeTaxRatio": 0.0499672499,
    "incomeTaxExpense": 17100000,
    "netIncome": 34700000,
    "netIncomeRatio": 0.0324693553,
    "eps": 0.12,
    "epsdiluted": 0.12,
    "weightedAverageShsOut": 280800000,
    "weightedAverageShsOutDil": 289000000,
    "link": "https://www.sec.gov/Archives/edgar/data/1111711/000119312511285590/0001193125-11-285590-index.htm",
    "finalLink": "https://www.sec.gov/Archives/edgar/data/1111711/000119312511285590/d230358d10q.htm"
  },
  {
    "date": "2011-06-30",
    "symbol": "NI",
    "reportedCurrency": "USD",
    "cik": "0001111711",
    "fillingDate": "2011-08-02",
    "acceptedDate": "2011-08-02 11:01:36",
    "calendarYear": "2011",
    "period": "Q2",
    "revenue": 1228300000,
    "costOfRevenue": 462500000,
    "grossProfit": 765800000,
    "grossProfitRatio": 0.6234633233,
    "researchAndDevelopmentExpenses": 0,
    "generalAndAdministrativeExpenses": 0,
    "sellingAndMarketingExpenses": 0,
    "sellingGeneralAndAdministrativeExpenses": 0,
    "otherExpenses": 600300000,
    "operatingExpenses": 600300000,
    "costAndExpenses": 1062800000,
    "interestIncome": 0,
    "interestExpense": 0,
    "depreciationAndAmortization": 134500000,
    "ebitda": 297700000,
    "ebitdaratio": 0.2423674998,
    "operatingIncome": 165500000,
    "operatingIncomeRatio": 0.1347390703,
    "totalOtherIncomeExpensesNet": -96000000,
    "incomeBeforeTax": 69500000,
    "incomeBeforeTaxRatio": 0.0565822682,
    "incomeTaxExpense": 30000000,
    "netIncome": 38900000,
    "netIncomeRatio": 0.0316697875,
    "eps": 0.14,
    "epsdiluted": 0.14,
    "weightedAverageShsOut": 280200000,
    "weightedAverageShsOutDil": 287100000,
    "link": "https://www.sec.gov/Archives/edgar/data/1111711/000095012311071412/0000950123-11-071412-index.htm",
    "finalLink": "https://www.sec.gov/Archives/edgar/data/1111711/000095012311071412/c65179e10vq.htm"
  },
  {
    "date": "2011-03-31",
    "symbol": "NI",
    "reportedCurrency": "USD",
    "cik": "0001111711",
    "fillingDate": "2011-05-03",
    "acceptedDate": "2011-05-03 12:21:50",
    "calendarYear": "2011",
    "period": "Q1",
    "revenue": 2232200000,
    "costOfRevenue": 1170900000,
    "grossProfit": 1060700000,
    "grossProfitRatio": 0.4751814354,
    "researchAndDevelopmentExpenses": 0,
    "generalAndAdministrativeExpenses": 0,
    "sellingAndMarketingExpenses": 0,
    "sellingGeneralAndAdministrativeExpenses": 0,
    "otherExpenses": 654300000,
    "operatingExpenses": 654300000,
    "costAndExpenses": 1825200000,
    "interestIncome": 0,
    "interestExpense": 0,
    "depreciationAndAmortization": 138900000,
    "ebitda": 538400000,
    "ebitdaratio": 0.2411970254,
    "operatingIncome": 406400000,
    "operatingIncomeRatio": 0.1820625392,
    "totalOtherIncomeExpensesNet": -79300000,
    "incomeBeforeTax": 312700000,
    "incomeBeforeTaxRatio": 0.1400860138,
    "incomeTaxExpense": 107900000,
    "netIncome": 205200000,
    "netIncomeRatio": 0.0919272467,
    "eps": 0.75,
    "epsdiluted": 0.73,
    "weightedAverageShsOut": 279300000,
    "weightedAverageShsOutDil": 285000000,
    "link": "https://www.sec.gov/Archives/edgar/data/1111711/000095012311043546/0000950123-11-043546-index.htm",
    "finalLink": "https://www.sec.gov/Archives/edgar/data/1111711/000095012311043546/c63930e10vq.htm"
  },
  {
    "date": "2010-12-31",
    "symbol": "NI",
    "reportedCurrency": "USD",
    "cik": "0001111711",
    "fillingDate": "2011-02-28",
    "acceptedDate": "2011-02-28 14:19:33",
    "calendarYear": "2010",
    "period": "Q4",
    "revenue": 1754100000,
    "costOfRevenue": 828700000,
    "grossProfit": 925400000,
    "grossProfitRatio": 0.5275639929,
    "researchAndDevelopmentExpenses": 0,
    "generalAndAdministrativeExpenses": 0,
    "sellingAndMarketingExpenses": 0,
    "sellingGeneralAndAdministrativeExpenses": 0,
    "otherExpenses": 670000000,
    "operatingExpenses": 670000000,
    "costAndExpenses": 1498700000,
    "interestIncome": 6600000,
    "interestExpense": 97800000,
    "depreciationAndAmortization": 141800000,
    "ebitda": 297300000,
    "ebitdaratio": 0.1694886266,
    "operatingIncome": 255400000,
    "operatingIncomeRatio": 0.1456017331,
    "totalOtherIncomeExpensesNet": -197700000,
    "incomeBeforeTax": 57700000,
    "incomeBeforeTaxRatio": 0.0328943618,
    "incomeTaxExpense": 21900000,
    "netIncome": 33400000,
    "netIncomeRatio": 0.0190411037,
    "eps": 0,
    "epsdiluted": 0,
    "weightedAverageShsOut": 278700000,
    "weightedAverageShsOutDil": 279300000,
    "link": "https://www.sec.gov/Archives/edgar/data/1111711/000095012311019598/0000950123-11-019598-index.htm",
    "finalLink": "https://www.sec.gov/Archives/edgar/data/1111711/000095012311019598/c62032e10vk.htm"
  },
  {
    "date": "2010-09-30",
    "symbol": "NI",
    "reportedCurrency": "USD",
    "cik": "0001111711",
    "fillingDate": "2010-10-29",
    "acceptedDate": "2010-10-29 12:00:51",
    "calendarYear": "2010",
    "period": "Q3",
    "revenue": 1138100000,
    "costOfRevenue": 420000000,
    "grossProfit": 718100000,
    "grossProfitRatio": 0.6309638872,
    "researchAndDevelopmentExpenses": 0,
    "generalAndAdministrativeExpenses": 0,
    "sellingAndMarketingExpenses": 0,
    "sellingGeneralAndAdministrativeExpenses": 0,
    "otherExpenses": 594800000,
    "operatingExpenses": 594800000,
    "costAndExpenses": 1014800000,
    "interestIncome": 0,
    "interestExpense": 97600000,
    "depreciationAndAmortization": 153100000,
    "ebitda": 274000000,
    "ebitdaratio": 0.2407521307,
    "operatingIncome": 123300000,
    "operatingIncomeRatio": 0.1083384588,
    "totalOtherIncomeExpensesNet": -95500000,
    "incomeBeforeTax": 27800000,
    "incomeBeforeTaxRatio": 0.024426676,
    "incomeTaxExpense": -5600000,
    "netIncome": 33200000,
    "netIncomeRatio": 0.0291714261,
    "eps": 0.12,
    "epsdiluted": 0.12,
    "weightedAverageShsOut": 278100000,
    "weightedAverageShsOutDil": 279900000,
    "link": "https://www.sec.gov/Archives/edgar/data/1111711/000095012310097945/0000950123-10-097945-index.htm",
    "finalLink": "https://www.sec.gov/Archives/edgar/data/1111711/000095012310097945/c60368e10vq.htm"
  },
  {
    "date": "2010-06-30",
    "symbol": "NI",
    "reportedCurrency": "USD",
    "cik": "0001111711",
    "fillingDate": "2010-08-03",
    "acceptedDate": "2010-08-03 13:32:06",
    "calendarYear": "2010",
    "period": "Q2",
    "revenue": 1171100000,
    "costOfRevenue": 439100000,
    "grossProfit": 732000000,
    "grossProfitRatio": 0.6250533686,
    "researchAndDevelopmentExpenses": 0,
    "generalAndAdministrativeExpenses": 0,
    "sellingAndMarketingExpenses": 0,
    "sellingGeneralAndAdministrativeExpenses": 0,
    "otherExpenses": 592800000,
    "operatingExpenses": 592800000,
    "costAndExpenses": 1031900000,
    "interestIncome": 0,
    "interestExpense": 98400000,
    "depreciationAndAmortization": 151600000,
    "ebitda": 290400000,
    "ebitdaratio": 0.2479719921,
    "operatingIncome": 139200000,
    "operatingIncomeRatio": 0.1188626078,
    "totalOtherIncomeExpensesNet": -95800000,
    "incomeBeforeTax": 43400000,
    "incomeBeforeTaxRatio": 0.0370591751,
    "incomeTaxExpense": 15400000,
    "netIncome": 28100000,
    "netIncomeRatio": 0.0239945351,
    "eps": 0.1,
    "epsdiluted": 0.1,
    "weightedAverageShsOut": 277600000,
    "weightedAverageShsOutDil": 278400000,
    "link": "https://www.sec.gov/Archives/edgar/data/1111711/000095012310071671/0000950123-10-071671-index.htm",
    "finalLink": "https://www.sec.gov/Archives/edgar/data/1111711/000095012310071671/c58911e10vq.htm"
  },
  {
    "date": "2010-03-31",
    "symbol": "NI",
    "reportedCurrency": "USD",
    "cik": "0001111711",
    "fillingDate": "2010-05-04",
    "acceptedDate": "2010-05-04 13:28:22",
    "calendarYear": "2010",
    "period": "Q1",
    "revenue": 2358300000,
    "costOfRevenue": 1286300000,
    "grossProfit": 1072400000,
    "grossProfitRatio": 0.4547343425,
    "researchAndDevelopmentExpenses": 0,
    "generalAndAdministrativeExpenses": 0,
    "sellingAndMarketingExpenses": 0,
    "sellingGeneralAndAdministrativeExpenses": 0,
    "otherExpenses": 669000000,
    "operatingExpenses": 669000000,
    "costAndExpenses": 1955300000,
    "interestIncome": -100000,
    "interestExpense": 98700000,
    "depreciationAndAmortization": 149800000,
    "ebitda": 545900000,
    "ebitdaratio": 0.2314803036,
    "operatingIncome": 403400000,
    "operatingIncomeRatio": 0.1710554213,
    "totalOtherIncomeExpensesNet": -96200000,
    "incomeBeforeTax": 307100000,
    "incomeBeforeTaxRatio": 0.1302209219,
    "incomeTaxExpense": 109800000,
    "netIncome": 197300000,
    "netIncomeRatio": 0.0836619599,
    "eps": 0.71,
    "epsdiluted": 0.71,
    "weightedAverageShsOut": 276900000,
    "weightedAverageShsOutDil": 277500000,
    "link": "https://www.sec.gov/Archives/edgar/data/1111711/000095012310043358/0000950123-10-043358-index.htm",
    "finalLink": "https://www.sec.gov/Archives/edgar/data/1111711/000095012310043358/c57871e10vq.htm"
  },
  {
    "date": "2009-12-31",
    "symbol": "NI",
    "reportedCurrency": "USD",
    "cik": "0001111711",
    "fillingDate": "2010-02-26",
    "acceptedDate": "2010-02-26 14:24:41",
    "calendarYear": "2009",
    "period": "Q4",
    "revenue": 2317900000,
    "costOfRevenue": 1377600000,
    "grossProfit": 940300000,
    "grossProfitRatio": 0.4056689245,
    "researchAndDevelopmentExpenses": 0,
    "generalAndAdministrativeExpenses": 0,
    "sellingAndMarketingExpenses": 0,
    "sellingGeneralAndAdministrativeExpenses": 0,
    "otherExpenses": 690400000,
    "operatingExpenses": 690400000,
    "costAndExpenses": 2068000000,
    "interestIncome": 6800000,
    "interestExpense": 98600000,
    "depreciationAndAmortization": 148900000,
    "ebitda": 392700000,
    "ebitdaratio": 0.1694205962,
    "operatingIncome": 249900000,
    "operatingIncomeRatio": 0.1078131067,
    "totalOtherIncomeExpensesNet": -104700000,
    "incomeBeforeTax": 145200000,
    "incomeBeforeTaxRatio": 0.0626429095,
    "incomeTaxExpense": 55300000,
    "netIncome": 89500000,
    "netIncomeRatio": 0.0386125372,
    "eps": 0,
    "epsdiluted": 0,
    "weightedAverageShsOut": 276000000,
    "weightedAverageShsOutDil": 276900000,
    "link": "https://www.sec.gov/Archives/edgar/data/1111711/000095012310017958/0000950123-10-017958-index.htm",
    "finalLink": "https://www.sec.gov/Archives/edgar/data/1111711/000095012310017958/c55429e10vk.htm"
  },
  {
    "date": "2009-09-30",
    "symbol": "NI",
    "reportedCurrency": "USD",
    "cik": "0001111711",
    "fillingDate": "2009-10-30",
    "acceptedDate": "2009-10-30 10:16:26",
    "calendarYear": "2009",
    "period": "Q3",
    "revenue": 884800000,
    "costOfRevenue": 317900000,
    "grossProfit": 657000000,
    "grossProfitRatio": 0.7425406872,
    "researchAndDevelopmentExpenses": 0,
    "generalAndAdministrativeExpenses": 0,
    "sellingAndMarketingExpenses": 0,
    "sellingGeneralAndAdministrativeExpenses": 0,
    "otherExpenses": 563400000,
    "operatingExpenses": 563400000,
    "costAndExpenses": 881300000,
    "interestIncome": 0,
    "interestExpense": 104800000,
    "depreciationAndAmortization": 148200000,
    "ebitda": 244800000,
    "ebitdaratio": 0.2766726944,
    "operatingIncome": 93600000,
    "operatingIncomeRatio": 0.1057866184,
    "totalOtherIncomeExpensesNet": -102500000,
    "incomeBeforeTax": -2900000,
    "incomeBeforeTaxRatio": -0.0032775769,
    "incomeTaxExpense": 6800000,
    "netIncome": -15400000,
    "netIncomeRatio": -0.0174050633,
    "eps": -0.05,
    "epsdiluted": -0.05,
    "weightedAverageShsOut": 275400000,
    "weightedAverageShsOutDil": 275400000,
    "link": "https://www.sec.gov/Archives/edgar/data/1111711/000095012309055295/0000950123-09-055295-index.htm",
    "finalLink": "https://www.sec.gov/Archives/edgar/data/1111711/000095012309055295/c54332e10vq.htm"
  },
  {
    "date": "2009-06-30",
    "symbol": "NI",
    "reportedCurrency": "USD",
    "cik": "0001111711",
    "fillingDate": "2009-08-04",
    "acceptedDate": "2009-08-04 14:53:29",
    "calendarYear": "2009",
    "period": "Q2",
    "revenue": 1009200000,
    "costOfRevenue": 586800000,
    "grossProfit": 681800000,
    "grossProfitRatio": 0.6755846215,
    "researchAndDevelopmentExpenses": 0,
    "generalAndAdministrativeExpenses": 0,
    "sellingAndMarketingExpenses": 0,
    "sellingGeneralAndAdministrativeExpenses": 0,
    "otherExpenses": 570100000,
    "operatingExpenses": 570100000,
    "costAndExpenses": 1156900000,
    "interestIncome": 0,
    "interestExpense": 105300000,
    "depreciationAndAmortization": 148200000,
    "ebitda": 258700000,
    "ebitdaratio": 0.2563416568,
    "operatingIncome": 111700000,
    "operatingIncomeRatio": 0.1106817281,
    "totalOtherIncomeExpensesNet": -98700000,
    "incomeBeforeTax": -2600000,
    "incomeBeforeTaxRatio": -0.0025762981,
    "incomeTaxExpense": 6100000,
    "netIncome": -4800000,
    "netIncomeRatio": -0.0047562426,
    "eps": -0.02,
    "epsdiluted": -0.02,
    "weightedAverageShsOut": 274700000,
    "weightedAverageShsOutDil": 274700000,
    "link": "https://www.sec.gov/Archives/edgar/data/1111711/000095012309029492/0000950123-09-029492-index.htm",
    "finalLink": "https://www.sec.gov/Archives/edgar/data/1111711/000095012309029492/c52764e10vq.htm"
  },
  {
    "date": "2009-03-31",
    "symbol": "NI",
    "reportedCurrency": "USD",
    "cik": "0001111711",
    "fillingDate": "2009-05-01",
    "acceptedDate": "2009-05-01 15:13:03",
    "calendarYear": "2009",
    "period": "Q1",
    "revenue": 2720200000,
    "costOfRevenue": 1655500000,
    "grossProfit": 1066200000,
    "grossProfitRatio": 0.3919564738,
    "researchAndDevelopmentExpenses": 0,
    "generalAndAdministrativeExpenses": 0,
    "sellingAndMarketingExpenses": 0,
    "sellingGeneralAndAdministrativeExpenses": 0,
    "otherExpenses": 717800000,
    "operatingExpenses": 717800000,
    "costAndExpenses": 2373300000,
    "interestIncome": 0,
    "interestExpense": 90500000,
    "depreciationAndAmortization": 143800000,
    "ebitda": 491100000,
    "ebitdaratio": 0.1805381957,
    "operatingIncome": 348400000,
    "operatingIncomeRatio": 0.1280788177,
    "totalOtherIncomeExpensesNet": -91400000,
    "incomeBeforeTax": 256800000,
    "incomeBeforeTaxRatio": 0.0944048232,
    "incomeTaxExpense": 97500000,
    "netIncome": 148400000,
    "netIncomeRatio": 0.0545548121,
    "eps": 0.54,
    "epsdiluted": 0.54,
    "weightedAverageShsOut": 274200000,
    "weightedAverageShsOutDil": 276700000,
    "link": "https://www.sec.gov/Archives/edgar/data/1111711/000095013709003509/0000950137-09-003509-index.htm",
    "finalLink": "https://www.sec.gov/Archives/edgar/data/1111711/000095013709003509/c50035e10vq.htm"
  },
  {
    "date": "2008-12-31",
    "symbol": "NI",
    "reportedCurrency": "USD",
    "cik": "0001111711",
    "fillingDate": "2009-02-27",
    "acceptedDate": "2009-02-27 16:14:07",
    "calendarYear": "2008",
    "period": "Q4",
    "revenue": 2385500000,
    "costOfRevenue": 0,
    "grossProfit": 0,
    "grossProfitRatio": 0,
    "researchAndDevelopmentExpenses": 0,
    "generalAndAdministrativeExpenses": 0,
    "sellingAndMarketingExpenses": 0,
    "sellingGeneralAndAdministrativeExpenses": 0,
    "otherExpenses": 2092100000,
    "operatingExpenses": 2092100000,
    "costAndExpenses": 2092100000,
    "interestIncome": 0,
    "interestExpense": 0,
    "depreciationAndAmortization": 142900000,
    "ebitda": 436300000,
    "ebitdaratio": 0.1828966674,
    "operatingIncome": 293400000,
    "operatingIncomeRatio": 0.1229930832,
    "totalOtherIncomeExpensesNet": -98400000,
    "incomeBeforeTax": 195000000,
    "incomeBeforeTaxRatio": 0.0817438692,
    "incomeTaxExpense": 68000000,
    "netIncome": -489600000,
    "netIncomeRatio": -0.2052399916,
    "eps": 0,
    "epsdiluted": 0,
    "weightedAverageShsOut": 274000000,
    "weightedAverageShsOutDil": 274200000,
    "link": "https://www.sec.gov/Archives/edgar/data/1111711/000095015209001944/0000950152-09-001944-index.htm",
    "finalLink": "https://www.sec.gov/Archives/edgar/data/1111711/000095015209001944/c48955e10vk.htm"
  },
  {
    "date": "2008-09-30",
    "symbol": "NI",
    "reportedCurrency": "USD",
    "cik": "0001111711",
    "fillingDate": "2008-11-04",
    "acceptedDate": "2008-11-04 13:24:56",
    "calendarYear": "2008",
    "period": "Q3",
    "revenue": 1409100000,
    "costOfRevenue": 570200000,
    "grossProfit": 613400000,
    "grossProfitRatio": 0.4353133206,
    "researchAndDevelopmentExpenses": 0,
    "generalAndAdministrativeExpenses": 0,
    "sellingAndMarketingExpenses": 0,
    "sellingGeneralAndAdministrativeExpenses": 0,
    "otherExpenses": 507800000,
    "operatingExpenses": 507800000,
    "costAndExpenses": 1078000000,
    "interestIncome": 0,
    "interestExpense": 100200000,
    "depreciationAndAmortization": 137300000,
    "ebitda": 267000000,
    "ebitdaratio": 0.1894826485,
    "operatingIncome": 105600000,
    "operatingIncomeRatio": 0.074941452,
    "totalOtherIncomeExpensesNet": -81900000,
    "incomeBeforeTax": 28500000,
    "incomeBeforeTaxRatio": 0.020225676,
    "incomeTaxExpense": -4100000,
    "netIncome": 20000000,
    "netIncomeRatio": 0.0141934568,
    "eps": 0.08,
    "epsdiluted": 0.07,
    "weightedAverageShsOut": 274000000,
    "weightedAverageShsOutDil": 275500000,
    "link": "https://www.sec.gov/Archives/edgar/data/1111711/000095013708013400/0000950137-08-013400-index.htm",
    "finalLink": "https://www.sec.gov/Archives/edgar/data/1111711/000095013708013400/c47397e10vq.htm"
  },
  {
    "date": "2008-06-30",
    "symbol": "NI",
    "reportedCurrency": "USD",
    "cik": "0001111711",
    "fillingDate": "2008-08-04",
    "acceptedDate": "2008-08-04 17:04:56",
    "calendarYear": "2008",
    "period": "Q2",
    "revenue": 1792100000,
    "costOfRevenue": 892000000,
    "grossProfit": 665200000,
    "grossProfitRatio": 0.3711846437,
    "researchAndDevelopmentExpenses": 0,
    "generalAndAdministrativeExpenses": 0,
    "sellingAndMarketingExpenses": 0,
    "sellingGeneralAndAdministrativeExpenses": 0,
    "otherExpenses": 550800000,
    "operatingExpenses": 550800000,
    "costAndExpenses": 1442800000,
    "interestIncome": 0,
    "interestExpense": 87400000,
    "depreciationAndAmortization": 149600000,
    "ebitda": 263300000,
    "ebitdaratio": 0.1469226048,
    "operatingIncome": 114400000,
    "operatingIncomeRatio": 0.0638357235,
    "totalOtherIncomeExpensesNet": -88300000,
    "incomeBeforeTax": 30500000,
    "incomeBeforeTaxRatio": 0.0170191396,
    "incomeTaxExpense": 9500000,
    "netIncome": -202300000,
    "netIncomeRatio": -0.1128843257,
    "eps": -0.74,
    "epsdiluted": -0.74,
    "weightedAverageShsOut": 274000000,
    "weightedAverageShsOutDil": 275400000,
    "link": "https://www.sec.gov/Archives/edgar/data/1111711/000095013708010113/0000950137-08-010113-index.htm",
    "finalLink": "https://www.sec.gov/Archives/edgar/data/1111711/000095013708010113/c34232e10vq.htm"
  },
  {
    "date": "2008-03-31",
    "symbol": "NI",
    "reportedCurrency": "USD",
    "cik": "0001111711",
    "fillingDate": "2008-05-02",
    "acceptedDate": "2008-05-02 15:44:21",
    "calendarYear": "2008",
    "period": "Q1",
    "revenue": 3289700000,
    "costOfRevenue": 2248000000,
    "grossProfit": 1040700000,
    "grossProfitRatio": 0.316351035,
    "researchAndDevelopmentExpenses": 0,
    "generalAndAdministrativeExpenses": 0,
    "sellingAndMarketingExpenses": 0,
    "sellingGeneralAndAdministrativeExpenses": 0,
    "otherExpenses": 645800000,
    "operatingExpenses": 645800000,
    "costAndExpenses": 2893800000,
    "interestIncome": 0,
    "interestExpense": 91800000,
    "depreciationAndAmortization": 137400000,
    "ebitda": 529000000,
    "ebitdaratio": 0.1608049366,
    "operatingIncome": 394900000,
    "operatingIncomeRatio": 0.1200413412,
    "totalOtherIncomeExpensesNet": -91200000,
    "incomeBeforeTax": 301500000,
    "incomeBeforeTaxRatio": 0.0916496945,
    "incomeTaxExpense": 112100000,
    "netIncome": 99300000,
    "netIncomeRatio": 0.0301851233,
    "eps": 0.36,
    "epsdiluted": 0.36,
    "weightedAverageShsOut": 273900000,
    "weightedAverageShsOutDil": 275400000,
    "link": "https://www.sec.gov/Archives/edgar/data/1111711/000095013708006593/0000950137-08-006593-index.htm",
    "finalLink": "https://www.sec.gov/Archives/edgar/data/1111711/000095013708006593/c26228e10vq.htm"
  },
  {
    "date": "2007-12-31",
    "symbol": "NI",
    "reportedCurrency": "USD",
    "cik": "0001111711",
    "fillingDate": "2008-03-05",
    "acceptedDate": "2008-03-05 17:01:53",
    "calendarYear": "2007",
    "period": "Q4",
    "revenue": 2228000000,
    "costOfRevenue": 0,
    "grossProfit": 0,
    "grossProfitRatio": 0,
    "researchAndDevelopmentExpenses": 0,
    "generalAndAdministrativeExpenses": 0,
    "sellingAndMarketingExpenses": 0,
    "sellingGeneralAndAdministrativeExpenses": 0,
    "otherExpenses": 2029100000,
    "operatingExpenses": 2029100000,
    "costAndExpenses": 2029100000,
    "interestIncome": 0,
    "interestExpense": 0,
    "depreciationAndAmortization": 141600000,
    "ebitda": 340500000,
    "ebitdaratio": 0.1528276481,
    "operatingIncome": 198900000,
    "operatingIncomeRatio": 0.0892728905,
    "totalOtherIncomeExpensesNet": -106300000,
    "incomeBeforeTax": 92600000,
    "incomeBeforeTaxRatio": 0.041561939,
    "incomeTaxExpense": 27700000,
    "netIncome": 67000000,
    "netIncomeRatio": 0.0300718133,
    "eps": 0,
    "epsdiluted": 0,
    "weightedAverageShsOut": 273800000,
    "weightedAverageShsOutDil": 273900000,
    "link": "https://www.sec.gov/Archives/edgar/data/1111711/000095013708003307/0000950137-08-003307-index.htm",
    "finalLink": "https://www.sec.gov/Archives/edgar/data/1111711/000095013708003307/c23373e10vk.htm"
  },
  {
    "date": "2007-09-30",
    "symbol": "NI",
    "reportedCurrency": "USD",
    "cik": "0001111711",
    "fillingDate": "2007-11-02",
    "acceptedDate": "2007-11-02 15:01:28",
    "calendarYear": "2007",
    "period": "Q3",
    "revenue": 1241000000,
    "costOfRevenue": 0,
    "grossProfit": 0,
    "grossProfitRatio": 0,
    "researchAndDevelopmentExpenses": 0,
    "generalAndAdministrativeExpenses": 0,
    "sellingAndMarketingExpenses": 0,
    "sellingGeneralAndAdministrativeExpenses": 0,
    "otherExpenses": 1142700000,
    "operatingExpenses": 1142700000,
    "costAndExpenses": 1142700000,
    "interestIncome": 0,
    "interestExpense": 0,
    "depreciationAndAmortization": 144100000,
    "ebitda": 244300000,
    "ebitdaratio": 0.1968573731,
    "operatingIncome": 106900000,
    "operatingIncomeRatio": 0.0861402095,
    "totalOtherIncomeExpensesNet": -93400000,
    "incomeBeforeTax": 13500000,
    "incomeBeforeTaxRatio": 0.0108783239,
    "incomeTaxExpense": 3700000,
    "netIncome": 11000000,
    "netIncomeRatio": 0.0088638195,
    "eps": 0.04,
    "epsdiluted": 0.04,
    "weightedAverageShsOut": 273900000,
    "weightedAverageShsOutDil": 274700000,
    "link": "https://www.sec.gov/Archives/edgar/data/1111711/000095013707016481/0000950137-07-016481-index.htm",
    "finalLink": "https://www.sec.gov/Archives/edgar/data/1111711/000095013707016481/c19269e10vq.htm"
  },
  {
    "date": "2007-06-30",
    "symbol": "NI",
    "reportedCurrency": "USD",
    "cik": "0001111711",
    "fillingDate": "2007-08-03",
    "acceptedDate": "2007-08-03 06:02:01",
    "calendarYear": "2007",
    "period": "Q2",
    "revenue": 1577100000,
    "costOfRevenue": 0,
    "grossProfit": 0,
    "grossProfitRatio": 0,
    "researchAndDevelopmentExpenses": 0,
    "generalAndAdministrativeExpenses": 0,
    "sellingAndMarketingExpenses": 0,
    "sellingGeneralAndAdministrativeExpenses": 0,
    "otherExpenses": 1426700000,
    "operatingExpenses": 1426700000,
    "costAndExpenses": 1426700000,
    "interestIncome": 0,
    "interestExpense": 98100000,
    "depreciationAndAmortization": 140000000,
    "ebitda": 284900000,
    "ebitdaratio": 0.1806480249,
    "operatingIncome": 140200000,
    "operatingIncomeRatio": 0.0888973432,
    "totalOtherIncomeExpensesNet": -94800000,
    "incomeBeforeTax": 44800000,
    "incomeBeforeTaxRatio": 0.028406569,
    "incomeTaxExpense": 16600000,
    "netIncome": 26700000,
    "netIncomeRatio": 0.0169298079,
    "eps": 0.1,
    "epsdiluted": 0.1,
    "weightedAverageShsOut": 273800000,
    "weightedAverageShsOutDil": 274900000,
    "link": "https://www.sec.gov/Archives/edgar/data/1111711/000095013407016678/0000950134-07-016678-index.htm",
    "finalLink": "https://www.sec.gov/Archives/edgar/data/1111711/000095013407016678/c17341e10vq.htm"
  },
  {
    "date": "2007-03-31",
    "symbol": "NI",
    "reportedCurrency": "USD",
    "cik": "0001111711",
    "fillingDate": "2007-05-04",
    "acceptedDate": "2007-05-04 12:56:42",
    "calendarYear": "2007",
    "period": "Q1",
    "revenue": 2893700000,
    "costOfRevenue": 0,
    "grossProfit": 0,
    "grossProfitRatio": 0,
    "researchAndDevelopmentExpenses": 0,
    "generalAndAdministrativeExpenses": 0,
    "sellingAndMarketingExpenses": 0,
    "sellingGeneralAndAdministrativeExpenses": 0,
    "otherExpenses": 2415800000,
    "operatingExpenses": 2415800000,
    "costAndExpenses": 2415800000,
    "interestIncome": 0,
    "interestExpense": 0,
    "depreciationAndAmortization": 140800000,
    "ebitda": 565000000,
    "ebitdaratio": 0.1952517538,
    "operatingIncome": 428900000,
    "operatingIncomeRatio": 0.1482185437,
    "totalOtherIncomeExpensesNet": -100500000,
    "incomeBeforeTax": 333200000,
    "incomeBeforeTaxRatio": 0.115146698,
    "incomeTaxExpense": 124100000,
    "netIncome": 216700000,
    "netIncomeRatio": 0.0748868231,
    "eps": 0.79,
    "epsdiluted": 0.79,
    "weightedAverageShsOut": 273600000,
    "weightedAverageShsOutDil": 274800000,
    "link": "https://www.sec.gov/Archives/edgar/data/1111711/000095013707006784/0000950137-07-006784-index.htm",
    "finalLink": "https://www.sec.gov/Archives/edgar/data/1111711/000095013707006784/c14819e10vq.htm"
  },
  {
    "date": "2006-12-31",
    "symbol": "NI",
    "reportedCurrency": "USD",
    "cik": "0001111711",
    "fillingDate": "2007-03-01",
    "acceptedDate": "2007-03-01 11:39:57",
    "calendarYear": "2006",
    "period": "Q4",
    "revenue": 2049200000,
    "costOfRevenue": 0,
    "grossProfit": 0,
    "grossProfitRatio": 0,
    "researchAndDevelopmentExpenses": 0,
    "generalAndAdministrativeExpenses": 0,
    "sellingAndMarketingExpenses": 0,
    "sellingGeneralAndAdministrativeExpenses": 0,
    "otherExpenses": 1792500000,
    "operatingExpenses": 1792500000,
    "costAndExpenses": 1792500000,
    "interestIncome": 0,
    "interestExpense": 102500000,
    "depreciationAndAmortization": 139700000,
    "ebitda": 396400000,
    "ebitdaratio": 0.193441343,
    "operatingIncome": 256700000,
    "operatingIncomeRatio": 0.1252683974,
    "totalOtherIncomeExpensesNet": -114400000,
    "incomeBeforeTax": 142300000,
    "incomeBeforeTaxRatio": 0.0694417334,
    "incomeTaxExpense": 49100000,
    "netIncome": 62500000,
    "netIncomeRatio": 0.0304997072,
    "eps": 0,
    "epsdiluted": 0,
    "weightedAverageShsOut": 273200000,
    "weightedAverageShsOutDil": 273600000,
    "link": "https://www.sec.gov/Archives/edgar/data/1111711/000095013707003072/0000950137-07-003072-index.htm",
    "finalLink": "https://www.sec.gov/Archives/edgar/data/1111711/000095013707003072/c12445e10vk.htm"
  },
  {
    "date": "2006-09-30",
    "symbol": "NI",
    "reportedCurrency": "USD",
    "cik": "0001111711",
    "fillingDate": "2006-11-02",
    "acceptedDate": "2006-11-02 12:45:59",
    "calendarYear": "2006",
    "period": "Q3",
    "revenue": 1156500000,
    "costOfRevenue": 0,
    "grossProfit": 0,
    "grossProfitRatio": 0,
    "researchAndDevelopmentExpenses": 0,
    "generalAndAdministrativeExpenses": 0,
    "sellingAndMarketingExpenses": 0,
    "sellingGeneralAndAdministrativeExpenses": 0,
    "otherExpenses": 1020800000,
    "operatingExpenses": 1020800000,
    "costAndExpenses": 1020800000,
    "interestIncome": 0,
    "interestExpense": 0,
    "depreciationAndAmortization": 138400000,
    "ebitda": 274000000,
    "ebitdaratio": 0.2369217466,
    "operatingIncome": 135600000,
    "operatingIncomeRatio": 0.1172503243,
    "totalOtherIncomeExpensesNet": -96100000,
    "incomeBeforeTax": 39400000,
    "incomeBeforeTaxRatio": 0.0340683096,
    "incomeTaxExpense": 13500000,
    "netIncome": 25800000,
    "netIncomeRatio": 0.02230869,
    "eps": 0.1,
    "epsdiluted": 0.1,
    "weightedAverageShsOut": 272500000,
    "weightedAverageShsOutDil": 273300000,
    "link": "https://www.sec.gov/Archives/edgar/data/1111711/000095013706011743/0000950137-06-011743-index.htm",
    "finalLink": "https://www.sec.gov/Archives/edgar/data/1111711/000095013706011743/c09579e10vq.htm"
  },
  {
    "date": "2006-06-30",
    "symbol": "NI",
    "reportedCurrency": "USD",
    "cik": "0001111711",
    "fillingDate": "2006-08-03",
    "acceptedDate": "2006-08-03 10:03:55",
    "calendarYear": "2006",
    "period": "Q2",
    "revenue": 1311900000,
    "costOfRevenue": 0,
    "grossProfit": 0,
    "grossProfitRatio": 0,
    "researchAndDevelopmentExpenses": 0,
    "generalAndAdministrativeExpenses": 0,
    "sellingAndMarketingExpenses": 0,
    "sellingGeneralAndAdministrativeExpenses": 0,
    "otherExpenses": 1179600000,
    "operatingExpenses": 1179600000,
    "costAndExpenses": 1179600000,
    "interestIncome": 0,
    "interestExpense": 0,
    "depreciationAndAmortization": 139900000,
    "ebitda": 271700000,
    "ebitdaratio": 0.2071042,
    "operatingIncome": 131900000,
    "operatingIncomeRatio": 0.1005411998,
    "totalOtherIncomeExpensesNet": -96000000,
    "incomeBeforeTax": 34900000,
    "incomeBeforeTaxRatio": 0.0266026374,
    "incomeTaxExpense": 13400000,
    "netIncome": 21000000,
    "netIncomeRatio": 0.0160073176,
    "eps": 0.08,
    "epsdiluted": 0.08,
    "weightedAverageShsOut": 272400000,
    "weightedAverageShsOutDil": 273200000,
    "link": "https://www.sec.gov/Archives/edgar/data/1111711/000095013706008555/0000950137-06-008555-index.htm",
    "finalLink": "https://www.sec.gov/Archives/edgar/data/1111711/000095013706008555/c07365e10vq.htm"
  },
  {
    "date": "2006-03-31",
    "symbol": "NI",
    "reportedCurrency": "USD",
    "cik": "0001111711",
    "fillingDate": "2006-05-05",
    "acceptedDate": "2006-05-05 11:40:40",
    "calendarYear": "2006",
    "period": "Q1",
    "revenue": 2972800000,
    "costOfRevenue": 0,
    "grossProfit": 0,
    "grossProfitRatio": 0,
    "researchAndDevelopmentExpenses": 0,
    "generalAndAdministrativeExpenses": 0,
    "sellingAndMarketingExpenses": 0,
    "sellingGeneralAndAdministrativeExpenses": 0,
    "otherExpenses": 2604700000,
    "operatingExpenses": 2604700000,
    "costAndExpenses": 2604700000,
    "interestIncome": 0,
    "interestExpense": 0,
    "depreciationAndAmortization": 138900000,
    "ebitda": 506700000,
    "ebitdaratio": 0.1704453714,
    "operatingIncome": 367800000,
    "operatingIncomeRatio": 0.1237217438,
    "totalOtherIncomeExpensesNet": -100000000,
    "incomeBeforeTax": 269300000,
    "incomeBeforeTaxRatio": 0.0905879978,
    "incomeTaxExpense": 96500000,
    "netIncome": 173900000,
    "netIncomeRatio": 0.0584970398,
    "eps": 0.63,
    "epsdiluted": 0.63,
    "weightedAverageShsOut": 272300000,
    "weightedAverageShsOutDil": 273100000,
    "link": "https://www.sec.gov/Archives/edgar/data/1111711/000095013706005428/0000950137-06-005428-index.htm",
    "finalLink": "https://www.sec.gov/Archives/edgar/data/1111711/000095013706005428/c04870e10vq.htm"
  },
  {
    "date": "2005-12-31",
    "symbol": "NI",
    "reportedCurrency": "USD",
    "cik": "0001111711",
    "fillingDate": "2006-03-10",
    "acceptedDate": "2006-03-10 06:01:46",
    "calendarYear": "2005",
    "period": "Q4",
    "revenue": 2698600000,
    "costOfRevenue": 0,
    "grossProfit": 0,
    "grossProfitRatio": 0,
    "researchAndDevelopmentExpenses": 0,
    "generalAndAdministrativeExpenses": 0,
    "sellingAndMarketingExpenses": 0,
    "sellingGeneralAndAdministrativeExpenses": 0,
    "otherExpenses": 2373900000,
    "operatingExpenses": 2373900000,
    "costAndExpenses": 2373900000,
    "interestIncome": 0,
    "interestExpense": 112400000,
    "depreciationAndAmortization": 133900000,
    "ebitda": 462300000,
    "ebitdaratio": 0.1713110502,
    "operatingIncome": 324700000,
    "operatingIncomeRatio": 0.1203216483,
    "totalOtherIncomeExpensesNet": -232400000,
    "incomeBeforeTax": 92300000,
    "incomeBeforeTaxRatio": 0.03420292,
    "incomeTaxExpense": 19500000,
    "netIncome": 68000000,
    "netIncomeRatio": 0.0251982509,
    "eps": 0,
    "epsdiluted": 0,
    "weightedAverageShsOut": 271900000,
    "weightedAverageShsOutDil": 272300000,
    "link": "https://www.sec.gov/Archives/edgar/data/1111711/000095013406004660/0000950134-06-004660-index.htm",
    "finalLink": "https://www.sec.gov/Archives/edgar/data/1111711/000095013406004660/c03079e10vk.htm"
  },
  {
    "date": "2005-09-30",
    "symbol": "NI",
    "reportedCurrency": "USD",
    "cik": "0001111711",
    "fillingDate": "2005-11-04",
    "acceptedDate": "2005-11-04 06:01:40",
    "calendarYear": "2005",
    "period": "Q3",
    "revenue": 1163800000,
    "costOfRevenue": 0,
    "grossProfit": 0,
    "grossProfitRatio": 0,
    "researchAndDevelopmentExpenses": 0,
    "generalAndAdministrativeExpenses": 0,
    "sellingAndMarketingExpenses": 0,
    "sellingGeneralAndAdministrativeExpenses": 0,
    "otherExpenses": 1071600000,
    "operatingExpenses": 1071600000,
    "costAndExpenses": 1071600000,
    "interestIncome": 0,
    "interestExpense": 0,
    "depreciationAndAmortization": 142900000,
    "ebitda": 235400000,
    "ebitdaratio": 0.202268431,
    "operatingIncome": 92500000,
    "operatingIncomeRatio": 0.0794810105,
    "totalOtherIncomeExpensesNet": -104200000,
    "incomeBeforeTax": -11600000,
    "incomeBeforeTaxRatio": -0.0099673483,
    "incomeTaxExpense": -5800000,
    "netIncome": -6800000,
    "netIncomeRatio": -0.0058429283,
    "eps": -0.03,
    "epsdiluted": -0.03,
    "weightedAverageShsOut": 271700000,
    "weightedAverageShsOutDil": 273700000,
    "link": "https://www.sec.gov/Archives/edgar/data/1111711/000095013405020465/0000950134-05-020465-index.htm",
    "finalLink": "https://www.sec.gov/Archives/edgar/data/1111711/000095013405020465/c99435e10vq.htm"
  },
  {
    "date": "2005-06-30",
    "symbol": "NI",
    "reportedCurrency": "USD",
    "cik": "0001111711",
    "fillingDate": "2005-08-04",
    "acceptedDate": "2005-08-04 16:17:33",
    "calendarYear": "2005",
    "period": "Q2",
    "revenue": 1355200000,
    "costOfRevenue": 0,
    "grossProfit": 0,
    "grossProfitRatio": 0,
    "researchAndDevelopmentExpenses": 0,
    "generalAndAdministrativeExpenses": 0,
    "sellingAndMarketingExpenses": 0,
    "sellingGeneralAndAdministrativeExpenses": 0,
    "otherExpenses": 1235800000,
    "operatingExpenses": 1235800000,
    "costAndExpenses": 1235800000,
    "interestIncome": 0,
    "interestExpense": 101700000,
    "depreciationAndAmortization": 144500000,
    "ebitda": 264300000,
    "ebitdaratio": 0.1950265643,
    "operatingIncome": 119800000,
    "operatingIncomeRatio": 0.0884002361,
    "totalOtherIncomeExpensesNet": -97900000,
    "incomeBeforeTax": 20200000,
    "incomeBeforeTaxRatio": 0.014905549,
    "incomeTaxExpense": 12300000,
    "netIncome": 39000000,
    "netIncomeRatio": 0.0287780401,
    "eps": 0.15,
    "epsdiluted": 0.14,
    "weightedAverageShsOut": 271200000,
    "weightedAverageShsOutDil": 273100000,
    "link": "https://www.sec.gov/Archives/edgar/data/1111711/000095013705009622/0000950137-05-009622-index.htm",
    "finalLink": "https://www.sec.gov/Archives/edgar/data/1111711/000095013705009622/c97202e10vq.htm"
  },
  {
    "date": "2005-03-31",
    "symbol": "NI",
    "reportedCurrency": "USD",
    "cik": "0001111711",
    "fillingDate": "2005-05-05",
    "acceptedDate": "2005-05-05 16:08:30",
    "calendarYear": "2005",
    "period": "Q1",
    "revenue": 2681500000,
    "costOfRevenue": 0,
    "grossProfit": 0,
    "grossProfitRatio": 0,
    "researchAndDevelopmentExpenses": 0,
    "generalAndAdministrativeExpenses": 0,
    "sellingAndMarketingExpenses": 0,
    "sellingGeneralAndAdministrativeExpenses": 0,
    "otherExpenses": 2245600000,
    "operatingExpenses": 2245600000,
    "costAndExpenses": 2245600000,
    "interestIncome": 0,
    "interestExpense": 0,
    "depreciationAndAmortization": 141400000,
    "ebitda": 579100000,
    "ebitdaratio": 0.2159612157,
    "operatingIncome": 437700000,
    "operatingIncomeRatio": 0.1632295357,
    "totalOtherIncomeExpensesNet": -104000000,
    "incomeBeforeTax": 332100000,
    "incomeBeforeTaxRatio": 0.1238485922,
    "incomeTaxExpense": 123400000,
    "netIncome": 206300000,
    "netIncomeRatio": 0.0769345516,
    "eps": 0.76,
    "epsdiluted": 0.76,
    "weightedAverageShsOut": 270300000,
    "weightedAverageShsOutDil": 272100000,
    "link": "https://www.sec.gov/Archives/edgar/data/1111711/000095013705005438/0000950137-05-005438-index.htm",
    "finalLink": "https://www.sec.gov/Archives/edgar/data/1111711/000095013705005438/c94895e10vq.htm"
  },
  {
    "date": "2004-12-31",
    "symbol": "NI",
    "reportedCurrency": "USD",
    "cik": "0001111711",
    "fillingDate": "2005-03-09",
    "acceptedDate": "2005-03-09 16:02:27",
    "calendarYear": "2004",
    "period": "Q4",
    "revenue": 1968200000,
    "costOfRevenue": 0,
    "grossProfit": 0,
    "grossProfitRatio": 0,
    "researchAndDevelopmentExpenses": 0,
    "generalAndAdministrativeExpenses": 0,
    "sellingAndMarketingExpenses": 0,
    "sellingGeneralAndAdministrativeExpenses": 0,
    "otherExpenses": 1628100000,
    "operatingExpenses": 1628100000,
    "costAndExpenses": 1628100000,
    "interestIncome": 0,
    "interestExpense": 0,
    "depreciationAndAmortization": 131600000,
    "ebitda": 471700000,
    "ebitdaratio": 0.2396606036,
    "operatingIncome": 340100000,
    "operatingIncomeRatio": 0.1727974799,
    "totalOtherIncomeExpensesNet": -96700000,
    "incomeBeforeTax": 243400000,
    "incomeBeforeTaxRatio": 0.1236662941,
    "incomeTaxExpense": 86500000,
    "netIncome": 159400000,
    "netIncomeRatio": 0.0809877045,
    "eps": 0,
    "epsdiluted": 0,
    "weightedAverageShsOut": 267300000,
    "weightedAverageShsOutDil": 270300000,
    "link": "https://www.sec.gov/Archives/edgar/data/1111711/000095013705002819/0000950137-05-002819-index.htm",
    "finalLink": "https://www.sec.gov/Archives/edgar/data/1111711/000095013705002819/c92732e10vk.htm"
  },
  {
    "date": "2004-09-30",
    "symbol": "NI",
    "reportedCurrency": "USD",
    "cik": "0001111711",
    "fillingDate": "2004-11-02",
    "acceptedDate": "2004-11-02 10:57:28",
    "calendarYear": "2004",
    "period": "Q3",
    "revenue": 979800000,
    "costOfRevenue": 0,
    "grossProfit": 0,
    "grossProfitRatio": 0,
    "researchAndDevelopmentExpenses": 0,
    "generalAndAdministrativeExpenses": 0,
    "sellingAndMarketingExpenses": 0,
    "sellingGeneralAndAdministrativeExpenses": 0,
    "otherExpenses": 850100000,
    "operatingExpenses": 850100000,
    "costAndExpenses": 850100000,
    "interestIncome": 0,
    "interestExpense": 0,
    "depreciationAndAmortization": 132900000,
    "ebitda": 260700000,
    "ebitdaratio": 0.2660747091,
    "operatingIncome": 128100000,
    "operatingIncomeRatio": 0.1307409675,
    "totalOtherIncomeExpensesNet": -99600000,
    "incomeBeforeTax": 28200000,
    "incomeBeforeTaxRatio": 0.028781384,
    "incomeTaxExpense": 6700000,
    "netIncome": 28800000,
    "netIncomeRatio": 0.0293937538,
    "eps": 0.11,
    "epsdiluted": 0.11,
    "weightedAverageShsOut": 262700000,
    "weightedAverageShsOutDil": 264600000,
    "link": "https://www.sec.gov/Archives/edgar/data/1111711/000095013704009316/0000950137-04-009316-index.htm",
    "finalLink": "https://www.sec.gov/Archives/edgar/data/1111711/000095013704009316/c89238e10vq.txt"
  },
  {
    "date": "2004-06-30",
    "symbol": "NI",
    "reportedCurrency": "USD",
    "cik": "0001111711",
    "fillingDate": "2004-08-06",
    "acceptedDate": "2004-08-06 09:31:58",
    "calendarYear": "2004",
    "period": "Q2",
    "revenue": 1245000000,
    "costOfRevenue": 0,
    "grossProfit": 0,
    "grossProfitRatio": 0,
    "researchAndDevelopmentExpenses": 0,
    "generalAndAdministrativeExpenses": 0,
    "sellingAndMarketingExpenses": 0,
    "sellingGeneralAndAdministrativeExpenses": 0,
    "otherExpenses": 1086100000,
    "operatingExpenses": 1086100000,
    "costAndExpenses": 1086100000,
    "interestIncome": 0,
    "interestExpense": 0,
    "depreciationAndAmortization": 141400000,
    "ebitda": 291600000,
    "ebitdaratio": 0.2342168675,
    "operatingIncome": 157800000,
    "operatingIncomeRatio": 0.126746988,
    "totalOtherIncomeExpensesNet": -100100000,
    "incomeBeforeTax": 57400000,
    "incomeBeforeTaxRatio": 0.0461044177,
    "incomeTaxExpense": 22100000,
    "netIncome": 34600000,
    "netIncomeRatio": 0.0277911647,
    "eps": 0.13,
    "epsdiluted": 0.13,
    "weightedAverageShsOut": 262500000,
    "weightedAverageShsOutDil": 264500000,
    "link": "https://www.sec.gov/Archives/edgar/data/1111711/000095013704006309/0000950137-04-006309-index.htm",
    "finalLink": "https://www.sec.gov/Archives/edgar/data/1111711/000095013704006309/c87285e10vq.txt"
  },
  {
    "date": "2004-03-31",
    "symbol": "NI",
    "reportedCurrency": "USD",
    "cik": "0001111711",
    "fillingDate": "2004-05-07",
    "acceptedDate": "2004-05-07 15:31:31",
    "calendarYear": "2004",
    "period": "Q1",
    "revenue": 2473200000,
    "costOfRevenue": 0,
    "grossProfit": 0,
    "grossProfitRatio": 0,
    "researchAndDevelopmentExpenses": 0,
    "generalAndAdministrativeExpenses": 0,
    "sellingAndMarketingExpenses": 0,
    "sellingGeneralAndAdministrativeExpenses": 0,
    "otherExpenses": 2028800000,
    "operatingExpenses": 2028800000,
    "costAndExpenses": 2028800000,
    "interestIncome": 0,
    "interestExpense": 102700000,
    "depreciationAndAmortization": 125400000,
    "ebitda": 575900000,
    "ebitdaratio": 0.2328562187,
    "operatingIncome": 443500000,
    "operatingIncomeRatio": 0.1793223354,
    "totalOtherIncomeExpensesNet": -101200000,
    "incomeBeforeTax": 342100000,
    "incomeBeforeTaxRatio": 0.1383228206,
    "incomeTaxExpense": 125600000,
    "netIncome": 213500000,
    "netIncomeRatio": 0.0863254084,
    "eps": 0.81,
    "epsdiluted": 0.81,
    "weightedAverageShsOut": 262300000,
    "weightedAverageShsOutDil": 264300000,
    "link": "https://www.sec.gov/Archives/edgar/data/1111711/000095013704003737/0000950137-04-003737-index.htm",
    "finalLink": "https://www.sec.gov/Archives/edgar/data/1111711/000095013704003737/c85235e10vq.txt"
  },
  {
    "date": "2003-12-31",
    "symbol": "NI",
    "reportedCurrency": "USD",
    "cik": "0001111711",
    "fillingDate": "2004-03-12",
    "acceptedDate": "2004-03-12 15:52:07",
    "calendarYear": "2003",
    "period": "Q4",
    "revenue": 1682600000,
    "costOfRevenue": 0,
    "grossProfit": 0,
    "grossProfitRatio": 0,
    "researchAndDevelopmentExpenses": 0,
    "generalAndAdministrativeExpenses": 0,
    "sellingAndMarketingExpenses": 0,
    "sellingGeneralAndAdministrativeExpenses": 0,
    "otherExpenses": 1388200000,
    "operatingExpenses": 1388200000,
    "costAndExpenses": 1388200000,
    "interestIncome": 0,
    "interestExpense": 117700000,
    "depreciationAndAmortization": 135900000,
    "ebitda": 430300000,
    "ebitdaratio": 0.2557351718,
    "operatingIncome": 294400000,
    "operatingIncomeRatio": 0.1749673125,
    "totalOtherIncomeExpensesNet": -86500000,
    "incomeBeforeTax": 207900000,
    "incomeBeforeTaxRatio": 0.1235587781,
    "incomeTaxExpense": 67300000,
    "netIncome": 140300000,
    "netIncomeRatio": 0.0833828599,
    "eps": 0,
    "epsdiluted": 0,
    "weightedAverageShsOut": 256027273,
    "weightedAverageShsOutDil": 262300000,
    "link": "https://www.sec.gov/Archives/edgar/data/1111711/000095013704001796/0000950137-04-001796-index.htm",
    "finalLink": "https://www.sec.gov/Archives/edgar/data/1111711/000095013704001796/c83669e10vk.txt"
  },
  {
    "date": "2003-09-30",
    "symbol": "NI",
    "reportedCurrency": "USD",
    "cik": "0001111711",
    "fillingDate": "2003-11-10",
    "acceptedDate": "2003-11-10 14:47:37",
    "calendarYear": "2003",
    "period": "Q3",
    "revenue": 898300000,
    "costOfRevenue": 0,
    "grossProfit": 0,
    "grossProfitRatio": 0,
    "researchAndDevelopmentExpenses": 0,
    "generalAndAdministrativeExpenses": 0,
    "sellingAndMarketingExpenses": 0,
    "sellingGeneralAndAdministrativeExpenses": 0,
    "otherExpenses": 749400000,
    "operatingExpenses": 749400000,
    "costAndExpenses": 749400000,
    "interestIncome": 0,
    "interestExpense": 113600000,
    "depreciationAndAmortization": 127700000,
    "ebitda": 281300000,
    "ebitdaratio": 0.3131470555,
    "operatingIncome": 148900000,
    "operatingIncomeRatio": 0.165757542,
    "totalOtherIncomeExpensesNet": -112300000,
    "incomeBeforeTax": 36600000,
    "incomeBeforeTaxRatio": 0.0407436269,
    "incomeTaxExpense": 13100000,
    "netIncome": 15400000,
    "netIncomeRatio": 0.0171434933,
    "eps": 0.06,
    "epsdiluted": 0.06,
    "weightedAverageShsOut": 261400000,
    "weightedAverageShsOutDil": 263400000,
    "link": "https://www.sec.gov/Archives/edgar/data/1111711/000095013703005772/0000950137-03-005772-index.htm",
    "finalLink": "https://www.sec.gov/Archives/edgar/data/1111711/000095013703005772/c80815e10vq.txt"
  },
  {
    "date": "2003-06-30",
    "symbol": "NI",
    "reportedCurrency": "USD",
    "cik": "0001111711",
    "fillingDate": "2003-08-08",
    "acceptedDate": "2003-08-08 17:17:04",
    "calendarYear": "2003",
    "period": "Q2",
    "revenue": 1143200000,
    "costOfRevenue": 0,
    "grossProfit": 0,
    "grossProfitRatio": 0,
    "researchAndDevelopmentExpenses": 0,
    "generalAndAdministrativeExpenses": 0,
    "sellingAndMarketingExpenses": 0,
    "sellingGeneralAndAdministrativeExpenses": 0,
    "otherExpenses": 965200000,
    "operatingExpenses": 965200000,
    "costAndExpenses": 965200000,
    "interestIncome": 0,
    "interestExpense": 0,
    "depreciationAndAmortization": 104000000,
    "ebitda": 313200000,
    "ebitdaratio": 0.2739678097,
    "operatingIncome": 176000000,
    "operatingIncomeRatio": 0.1539538139,
    "totalOtherIncomeExpensesNet": -110300000,
    "incomeBeforeTax": 65700000,
    "incomeBeforeTaxRatio": 0.0574702589,
    "incomeTaxExpense": 26400000,
    "netIncome": -324900000,
    "netIncomeRatio": -0.2842022393,
    "eps": -1.24,
    "epsdiluted": -1.24,
    "weightedAverageShsOut": 261300000,
    "weightedAverageShsOutDil": 263100000,
    "link": "https://www.sec.gov/Archives/edgar/data/1111711/000095013703004186/0000950137-03-004186-index.htm",
    "finalLink": "https://www.sec.gov/Archives/edgar/data/1111711/000095013703004186/c78820e10vq.txt"
  },
  {
    "date": "2003-03-31",
    "symbol": "NI",
    "reportedCurrency": "USD",
    "cik": "0001111711",
    "fillingDate": "2003-05-09",
    "acceptedDate": "2003-05-09 15:59:30",
    "calendarYear": "2003",
    "period": "Q1",
    "revenue": 2579300000,
    "costOfRevenue": 0,
    "grossProfit": 0,
    "grossProfitRatio": 0,
    "researchAndDevelopmentExpenses": 0,
    "generalAndAdministrativeExpenses": 0,
    "sellingAndMarketingExpenses": 0,
    "sellingGeneralAndAdministrativeExpenses": 0,
    "otherExpenses": 2051100000,
    "operatingExpenses": 2051100000,
    "costAndExpenses": 2051100000,
    "interestIncome": 0,
    "interestExpense": 0,
    "depreciationAndAmortization": 148300000,
    "ebitda": 598000000,
    "ebitdaratio": 0.2318458496,
    "operatingIncome": 473400000,
    "operatingIncomeRatio": 0.1835381693,
    "totalOtherIncomeExpensesNet": -123700000,
    "incomeBeforeTax": 423100000,
    "incomeBeforeTaxRatio": 0.1640367542,
    "incomeTaxExpense": 157000000,
    "netIncome": 254900000,
    "netIncomeRatio": 0.0988252627,
    "eps": 1,
    "epsdiluted": 0.99,
    "weightedAverageShsOut": 253800000,
    "weightedAverageShsOutDil": 256200000,
    "link": "https://www.sec.gov/Archives/edgar/data/1111711/000095013703002776/0000950137-03-002776-index.htm",
    "finalLink": "https://www.sec.gov/Archives/edgar/data/1111711/000095013703002776/c76911e10vq.txt"
  },
  {
    "date": "2002-12-31",
    "symbol": "NI",
    "reportedCurrency": "USD",
    "cik": "0001111711",
    "fillingDate": "2003-03-03",
    "acceptedDate": "2003-02-28 19:47:05",
    "calendarYear": "2002",
    "period": "Q4",
    "revenue": 1844200000,
    "costOfRevenue": 0,
    "grossProfit": 0,
    "grossProfitRatio": 0,
    "researchAndDevelopmentExpenses": 0,
    "generalAndAdministrativeExpenses": 0,
    "sellingAndMarketingExpenses": 0,
    "sellingGeneralAndAdministrativeExpenses": 0,
    "otherExpenses": 1504400000,
    "operatingExpenses": 1504400000,
    "costAndExpenses": 1504400000,
    "interestIncome": 0,
    "interestExpense": 0,
    "depreciationAndAmortization": 152600000,
    "ebitda": 492400000,
    "ebitdaratio": 0.2669992409,
    "operatingIncome": 339800000,
    "operatingIncomeRatio": 0.1842533348,
    "totalOtherIncomeExpensesNet": -138300000,
    "incomeBeforeTax": 201500000,
    "incomeBeforeTaxRatio": 0.1092614684,
    "incomeTaxExpense": 61700000,
    "netIncome": 82100000,
    "netIncomeRatio": 0.0445179482,
    "eps": 0,
    "epsdiluted": 0,
    "weightedAverageShsOut": 253800000,
    "weightedAverageShsOutDil": 253800000,
    "link": "https://www.sec.gov/Archives/edgar/data/1111711/000089322003000230/0000893220-03-000230-index.htm",
    "finalLink": "https://www.sec.gov/Archives/edgar/data/1111711/000089322003000230/w83926e10vk.txt"
  },
  {
    "date": "2002-09-30",
    "symbol": "NI",
    "reportedCurrency": "USD",
    "cik": "0001111711",
    "fillingDate": "2002-11-14",
    "acceptedDate": "2002-11-14 11:56:00",
    "calendarYear": "2002",
    "period": "Q3",
    "revenue": 1066100000,
    "costOfRevenue": 0,
    "grossProfit": 0,
    "grossProfitRatio": 0,
    "researchAndDevelopmentExpenses": 0,
    "generalAndAdministrativeExpenses": 0,
    "sellingAndMarketingExpenses": 0,
    "sellingGeneralAndAdministrativeExpenses": 0,
    "otherExpenses": 730300000,
    "operatingExpenses": 730300000,
    "costAndExpenses": 730300000,
    "interestIncome": 0,
    "interestExpense": 0,
    "depreciationAndAmortization": 145000000,
    "ebitda": 305500000,
    "ebitdaratio": 0.2865584842,
    "operatingIncome": 178100000,
    "operatingIncomeRatio": 0.1670574993,
    "totalOtherIncomeExpensesNet": -140600000,
    "incomeBeforeTax": 37400000,
    "incomeBeforeTaxRatio": 0.0350811369,
    "incomeTaxExpense": 14200000,
    "netIncome": 23200000,
    "netIncomeRatio": 0.0217615608,
    "eps": 0.11,
    "epsdiluted": 0.11,
    "weightedAverageShsOut": 205700000,
    "weightedAverageShsOutDil": 208100000,
    "link": "https://www.sec.gov/Archives/edgar/data/1111711/000089322002001364/0000893220-02-001364-index.htm",
    "finalLink": "https://www.sec.gov/Archives/edgar/data/1111711/000089322002001364/w65465e10vq.txt"
  },
  {
    "date": "2002-06-30",
    "symbol": "NI",
    "reportedCurrency": "USD",
    "cik": "0001111711",
    "fillingDate": "2002-08-14",
    "acceptedDate": "2002-08-14 12:03:36",
    "calendarYear": "2002",
    "period": "Q2",
    "revenue": 1375600000,
    "costOfRevenue": 0,
    "grossProfit": 0,
    "grossProfitRatio": 0,
    "researchAndDevelopmentExpenses": 0,
    "generalAndAdministrativeExpenses": 0,
    "sellingAndMarketingExpenses": 0,
    "sellingGeneralAndAdministrativeExpenses": 0,
    "otherExpenses": 795700000,
    "operatingExpenses": 795700000,
    "costAndExpenses": 795700000,
    "interestIncome": 0,
    "interestExpense": 123700000,
    "depreciationAndAmortization": 126600000,
    "ebitda": 271500000,
    "ebitdaratio": 0.1973684211,
    "operatingIncome": 158600000,
    "operatingIncomeRatio": 0.1152951439,
    "totalOtherIncomeExpensesNet": -127700000,
    "incomeBeforeTax": 34800000,
    "incomeBeforeTaxRatio": 0.0252980518,
    "incomeTaxExpense": 14100000,
    "netIncome": 25000000,
    "netIncomeRatio": 0.0181738878,
    "eps": 0.12,
    "epsdiluted": 0.12,
    "weightedAverageShsOut": 205600000,
    "weightedAverageShsOutDil": 208200000,
    "link": "https://www.sec.gov/Archives/edgar/data/1111711/000089322002001000/0000893220-02-001000-index.htm",
    "finalLink": "https://www.sec.gov/Archives/edgar/data/1111711/000089322002001000/w62840e10vq.txt"
  },
  {
    "date": "2002-03-31",
    "symbol": "NI",
    "reportedCurrency": "USD",
    "cik": "0001111711",
    "fillingDate": "2002-05-10",
    "acceptedDate": "2002-05-09 18:36:57",
    "calendarYear": "2002",
    "period": "Q1",
    "revenue": 2206400000,
    "costOfRevenue": 0,
    "grossProfit": 0,
    "grossProfitRatio": 0,
    "researchAndDevelopmentExpenses": 0,
    "generalAndAdministrativeExpenses": 0,
    "sellingAndMarketingExpenses": 0,
    "sellingGeneralAndAdministrativeExpenses": 0,
    "otherExpenses": 1310100000,
    "operatingExpenses": 1310100000,
    "costAndExpenses": 1310100000,
    "interestIncome": 0,
    "interestExpense": 0,
    "depreciationAndAmortization": 149800000,
    "ebitda": 647200000,
    "ebitdaratio": 0.2933284989,
    "operatingIncome": 497800000,
    "operatingIncomeRatio": 0.2256163887,
    "totalOtherIncomeExpensesNet": -109100000,
    "incomeBeforeTax": 385900000,
    "incomeBeforeTaxRatio": 0.1749002901,
    "incomeTaxExpense": 143900000,
    "netIncome": 242200000,
    "netIncomeRatio": 0.1097715736,
    "eps": 1.18,
    "epsdiluted": 1.16,
    "weightedAverageShsOut": 205500000,
    "weightedAverageShsOutDil": 208200000,
    "link": "https://www.sec.gov/Archives/edgar/data/1111711/000089322002000609/0000893220-02-000609-index.htm",
    "finalLink": "https://www.sec.gov/Archives/edgar/data/1111711/000089322002000609/w60313e10-q.txt"
  },
  {
    "date": "2001-12-31",
    "symbol": "NI",
    "reportedCurrency": "USD",
    "cik": "0001111711",
    "fillingDate": "2002-02-22",
    "acceptedDate": "2002-02-22 00:00:00",
    "calendarYear": "2001",
    "period": "Q4",
    "revenue": 2029400000,
    "costOfRevenue": 0,
    "grossProfit": 0,
    "grossProfitRatio": 0,
    "researchAndDevelopmentExpenses": 0,
    "generalAndAdministrativeExpenses": 0,
    "sellingAndMarketingExpenses": 0,
    "sellingGeneralAndAdministrativeExpenses": 0,
    "otherExpenses": 1787200000,
    "operatingExpenses": 1787200000,
    "costAndExpenses": 1787200000,
    "interestIncome": 0,
    "interestExpense": 0,
    "depreciationAndAmortization": 176000000,
    "ebitda": 418200000,
    "ebitdaratio": 0.2060707598,
    "operatingIncome": 242200000,
    "operatingIncomeRatio": 0.1193456194,
    "totalOtherIncomeExpensesNet": -136600000,
    "incomeBeforeTax": 105600000,
    "incomeBeforeTaxRatio": 0.0520350843,
    "incomeTaxExpense": 51700000,
    "netIncome": 55500000,
    "netIncomeRatio": 0.0273479846,
    "eps": 0,
    "epsdiluted": 0,
    "weightedAverageShsOut": 205500000,
    "weightedAverageShsOutDil": 205500000,
    "link": "https://www.sec.gov/Archives/edgar/data/1111711/000089322002000181/0000893220-02-000181-index.htm",
    "finalLink": "https://www.sec.gov/Archives/edgar/data/1111711/000089322002000181/w57495e10-k.txt"
  },
  {
    "date": "2001-09-30",
    "symbol": "NI",
    "reportedCurrency": "USD",
    "cik": "0001111711",
    "fillingDate": "2001-11-07",
    "acceptedDate": "2001-11-07 00:00:00",
    "calendarYear": "2001",
    "period": "Q3",
    "revenue": 1756400000,
    "costOfRevenue": 0,
    "grossProfit": 0,
    "grossProfitRatio": 0,
    "researchAndDevelopmentExpenses": 0,
    "generalAndAdministrativeExpenses": 0,
    "sellingAndMarketingExpenses": 0,
    "sellingGeneralAndAdministrativeExpenses": 0,
    "otherExpenses": 1610000000,
    "operatingExpenses": 1610000000,
    "costAndExpenses": 1610000000,
    "interestIncome": 0,
    "interestExpense": 0,
    "depreciationAndAmortization": 179600000,
    "ebitda": 318000000,
    "ebitdaratio": 0.1810521521,
    "operatingIncome": 146400000,
    "operatingIncomeRatio": 0.0833523115,
    "totalOtherIncomeExpensesNet": -161800000,
    "incomeBeforeTax": -15400000,
    "incomeBeforeTaxRatio": -0.0087679344,
    "incomeTaxExpense": 4300000,
    "netIncome": -20100000,
    "netIncomeRatio": -0.0114438624,
    "eps": -0.1,
    "epsdiluted": -0.1,
    "weightedAverageShsOut": 205400000,
    "weightedAverageShsOutDil": 205400000,
    "link": "https://www.sec.gov/Archives/edgar/data/1111711/000089322001500838/0000893220-01-500838-index.htm",
    "finalLink": "https://www.sec.gov/Archives/edgar/data/1111711/000089322001500838/w54591e10-q.txt"
  },
  {
    "date": "2001-06-30",
    "symbol": "NI",
    "reportedCurrency": "USD",
    "cik": "0001111711",
    "fillingDate": "2001-08-07",
    "acceptedDate": "2001-08-07 00:00:00",
    "calendarYear": "2001",
    "period": "Q2",
    "revenue": 1874800000,
    "costOfRevenue": 0,
    "grossProfit": 0,
    "grossProfitRatio": 0,
    "researchAndDevelopmentExpenses": 0,
    "generalAndAdministrativeExpenses": 0,
    "sellingAndMarketingExpenses": 0,
    "sellingGeneralAndAdministrativeExpenses": 0,
    "otherExpenses": 1732700000,
    "operatingExpenses": 1732700000,
    "costAndExpenses": 1732700000,
    "interestIncome": 0,
    "interestExpense": 0,
    "depreciationAndAmortization": 155000000,
    "ebitda": 303100000,
    "ebitdaratio": 0.1616705782,
    "operatingIncome": 140100000,
    "operatingIncomeRatio": 0.074727971,
    "totalOtherIncomeExpensesNet": -147600000,
    "incomeBeforeTax": -1500000,
    "incomeBeforeTaxRatio": -0.0008000853,
    "incomeTaxExpense": 4800000,
    "netIncome": -8000000,
    "netIncomeRatio": -0.0042671218,
    "eps": -0.06,
    "epsdiluted": -0.06,
    "weightedAverageShsOut": 205300000,
    "weightedAverageShsOutDil": 205300000,
    "link": "https://www.sec.gov/Archives/edgar/data/1111711/000089322001500533/0000893220-01-500533-index.htm",
    "finalLink": "https://www.sec.gov/Archives/edgar/data/1111711/000089322001500533/w52065e10-q.txt"
  },
  {
    "date": "2001-03-31",
    "symbol": "NI",
    "reportedCurrency": "USD",
    "cik": "0001111711",
    "fillingDate": "2001-05-09",
    "acceptedDate": "2001-05-09 00:00:00",
    "calendarYear": "2001",
    "period": "Q1",
    "revenue": 3798100000,
    "costOfRevenue": 0,
    "grossProfit": 0,
    "grossProfitRatio": 0,
    "researchAndDevelopmentExpenses": 0,
    "generalAndAdministrativeExpenses": 0,
    "sellingAndMarketingExpenses": 0,
    "sellingGeneralAndAdministrativeExpenses": 0,
    "otherExpenses": 3325900000,
    "operatingExpenses": 3325900000,
    "costAndExpenses": 3325900000,
    "interestIncome": 0,
    "interestExpense": 0,
    "depreciationAndAmortization": 161100000,
    "ebitda": 633400000,
    "ebitdaratio": 0.1667675943,
    "operatingIncome": 472200000,
    "operatingIncomeRatio": 0.1243253206,
    "totalOtherIncomeExpensesNet": -165700000,
    "incomeBeforeTax": 306500000,
    "incomeBeforeTaxRatio": 0.0806982439,
    "incomeTaxExpense": 122300000,
    "netIncome": 188800000,
    "netIncomeRatio": 0.0497090651,
    "eps": 0.92,
    "epsdiluted": 0.9,
    "weightedAverageShsOut": 205000000,
    "weightedAverageShsOutDil": 209400000,
    "link": "https://www.sec.gov/Archives/edgar/data/1111711/000089322001500163/0000893220-01-500163-index.htm",
    "finalLink": "https://www.sec.gov/Archives/edgar/data/1111711/000089322001500163/w48673e10-q.txt"
  },
  {
    "date": "2000-12-31",
    "symbol": "NI",
    "reportedCurrency": "USD",
    "cik": "0001111711",
    "fillingDate": "2001-03-30",
    "acceptedDate": "2001-03-30 00:00:00",
    "calendarYear": "2000",
    "period": "Q4",
    "revenue": 3034634000,
    "costOfRevenue": 0,
    "grossProfit": 0,
    "grossProfitRatio": 0,
    "researchAndDevelopmentExpenses": 0,
    "generalAndAdministrativeExpenses": 0,
    "sellingAndMarketingExpenses": 0,
    "sellingGeneralAndAdministrativeExpenses": 0,
    "otherExpenses": 2842409000,
    "operatingExpenses": 2842409000,
    "costAndExpenses": 2842409000,
    "interestIncome": 0,
    "interestExpense": 158196000,
    "depreciationAndAmortization": 121031000,
    "ebitda": 313256000,
    "ebitdaratio": 0.103226946,
    "operatingIncome": 192225000,
    "operatingIncomeRatio": 0.0633437179,
    "totalOtherIncomeExpensesNet": -182846000,
    "incomeBeforeTax": 9379000,
    "incomeBeforeTaxRatio": 0.0030906528,
    "incomeTaxExpense": 17308000,
    "netIncome": 1871000,
    "netIncomeRatio": 0.0006165488,
    "eps": 0,
    "epsdiluted": 0,
    "weightedAverageShsOut": 120559039,
    "weightedAverageShsOutDil": 120559039,
    "link": "https://www.sec.gov/Archives/edgar/data/1111711/000089322001000397/0000893220-01-000397-index.htm",
    "finalLink": "https://www.sec.gov/Archives/edgar/data/1111711/000089322001000397/w47075e10-k405.txt"
  },
  {
    "date": "2000-09-30",
    "symbol": "NI",
    "reportedCurrency": "USD",
    "cik": "0001111711",
    "fillingDate": "2000-09-30",
    "acceptedDate": "2000-09-30 00:00:00",
    "calendarYear": "2000",
    "period": "Q3",
    "revenue": 1005546000,
    "costOfRevenue": 598225000,
    "grossProfit": 407321000,
    "grossProfitRatio": 0.4050744571,
    "researchAndDevelopmentExpenses": 0,
    "generalAndAdministrativeExpenses": 0,
    "sellingAndMarketingExpenses": 0,
    "sellingGeneralAndAdministrativeExpenses": 0,
    "otherExpenses": 485375000,
    "operatingExpenses": 485375000,
    "costAndExpenses": 1083600000,
    "interestIncome": 0,
    "interestExpense": 0,
    "depreciationAndAmortization": 84100000,
    "ebitda": 181500000,
    "ebitdaratio": 0.1804989528,
    "operatingIncome": 97400000,
    "operatingIncomeRatio": 0.0968627989,
    "totalOtherIncomeExpensesNet": -2600000,
    "incomeBeforeTax": 104005000,
    "incomeBeforeTaxRatio": 0.1034313696,
    "incomeTaxExpense": 52005000,
    "netIncome": 52000000,
    "netIncomeRatio": 0.0517131986,
    "eps": 0.43,
    "epsdiluted": 0.42,
    "weightedAverageShsOut": 120559000,
    "weightedAverageShsOutDil": 123412500,
    "link": null,
    "finalLink": null
  },
  {
    "date": "2000-06-30",
    "symbol": "NI",
    "reportedCurrency": "USD",
    "cik": "0001111711",
    "fillingDate": "2000-06-30",
    "acceptedDate": "2000-06-30 00:00:00",
    "calendarYear": "2000",
    "period": "Q2",
    "revenue": 922971000,
    "costOfRevenue": 529701000,
    "grossProfit": 393270000,
    "grossProfitRatio": 0.426091394,
    "researchAndDevelopmentExpenses": 0,
    "generalAndAdministrativeExpenses": 0,
    "sellingAndMarketingExpenses": 0,
    "sellingGeneralAndAdministrativeExpenses": 0,
    "otherExpenses": 303923000,
    "operatingExpenses": 303923000,
    "costAndExpenses": 833624000,
    "interestIncome": 0,
    "interestExpense": 0,
    "depreciationAndAmortization": 84590000,
    "ebitda": 178316000,
    "ebitdaratio": 0.1931978361,
    "operatingIncome": 89347000,
    "operatingIncomeRatio": 0.0968036916,
    "totalOtherIncomeExpensesNet": -53031000,
    "incomeBeforeTax": 36316000,
    "incomeBeforeTaxRatio": 0.0393468484,
    "incomeTaxExpense": 12903000,
    "netIncome": 23413000,
    "netIncomeRatio": 0.0253669942,
    "eps": 0.19,
    "epsdiluted": 0.18,
    "weightedAverageShsOut": 120570000,
    "weightedAverageShsOutDil": 120570000,
    "link": null,
    "finalLink": null
  },
  {
    "date": "2000-03-31",
    "symbol": "NI",
    "reportedCurrency": "USD",
    "cik": "0001111711",
    "fillingDate": "2000-03-31",
    "acceptedDate": "2000-03-31 00:00:00",
    "calendarYear": "2000",
    "period": "Q1",
    "revenue": 1067549000,
    "costOfRevenue": 584638000,
    "grossProfit": 482911000,
    "grossProfitRatio": 0.4523548802,
    "researchAndDevelopmentExpenses": 0,
    "generalAndAdministrativeExpenses": 0,
    "sellingAndMarketingExpenses": 0,
    "sellingGeneralAndAdministrativeExpenses": 0,
    "otherExpenses": 346962000,
    "operatingExpenses": 346962000,
    "costAndExpenses": 931600000,
    "interestIncome": 0,
    "interestExpense": 0,
    "depreciationAndAmortization": 84479000,
    "ebitda": 254800000,
    "ebitdaratio": 0.2386775689,
    "operatingIncome": 174700000,
    "operatingIncomeRatio": 0.1636458842,
    "totalOtherIncomeExpensesNet": -53308000,
    "incomeBeforeTax": 127500000,
    "incomeBeforeTaxRatio": 0.119432457,
    "incomeTaxExpense": 47884000,
    "netIncome": 79616000,
    "netIncomeRatio": 0.0745783098,
    "eps": 0.64,
    "epsdiluted": 0.62,
    "weightedAverageShsOut": 124304000,
    "weightedAverageShsOutDil": 124304000,
    "link": null,
    "finalLink": null
  },
  {
    "date": "1999-12-31",
    "symbol": "NI",
    "reportedCurrency": "USD",
    "cik": "0001111711",
    "fillingDate": "1999-12-31",
    "acceptedDate": "1999-12-31 00:00:00",
    "calendarYear": "1999",
    "period": "Q4",
    "revenue": 884300000,
    "costOfRevenue": 573700000,
    "grossProfit": 310600000,
    "grossProfitRatio": 0.3512382676,
    "researchAndDevelopmentExpenses": 0,
    "generalAndAdministrativeExpenses": 0,
    "sellingAndMarketingExpenses": 0,
    "sellingGeneralAndAdministrativeExpenses": 0,
    "otherExpenses": 188100000,
    "operatingExpenses": 188100000,
    "costAndExpenses": 761800000,
    "interestIncome": 0,
    "interestExpense": 0,
    "depreciationAndAmortization": 107100000,
    "ebitda": 205400000,
    "ebitdaratio": 0.2322741151,
    "operatingIncome": 122500000,
    "operatingIncomeRatio": 0.138527649,
    "totalOtherIncomeExpensesNet": -69600000,
    "incomeBeforeTax": 52900000,
    "incomeBeforeTaxRatio": 0.0598213276,
    "incomeTaxExpense": 20000000,
    "netIncome": 32900000,
    "netIncomeRatio": 0.0372045686,
    "eps": 0,
    "epsdiluted": 0,
    "weightedAverageShsOut": 122487870,
    "weightedAverageShsOutDil": 127272727,
    "link": null,
    "finalLink": null
  },
  {
    "date": "1999-09-30",
    "symbol": "NI",
    "reportedCurrency": "USD",
    "cik": "0001111711",
    "fillingDate": "1999-09-30",
    "acceptedDate": "1999-09-30 00:00:00",
    "calendarYear": "1999",
    "period": "Q3",
    "revenue": 688000000,
    "costOfRevenue": 308328000,
    "grossProfit": 384641000,
    "grossProfitRatio": 0.5590712209,
    "researchAndDevelopmentExpenses": 0,
    "generalAndAdministrativeExpenses": 0,
    "sellingAndMarketingExpenses": 0,
    "sellingGeneralAndAdministrativeExpenses": 0,
    "otherExpenses": 278616000,
    "operatingExpenses": 278616000,
    "costAndExpenses": 586944000,
    "interestIncome": 0,
    "interestExpense": 0,
    "depreciationAndAmortization": 87900000,
    "ebitda": 184079000,
    "ebitdaratio": 0.267556686,
    "operatingIncome": 106025000,
    "operatingIncomeRatio": 0.1541061047,
    "totalOtherIncomeExpensesNet": -64289000,
    "incomeBeforeTax": 41800000,
    "incomeBeforeTaxRatio": 0.060755814,
    "incomeTaxExpense": 13800000,
    "netIncome": 28000000,
    "netIncomeRatio": 0.0406976744,
    "eps": 0.22,
    "epsdiluted": 0.22,
    "weightedAverageShsOut": 127068182,
    "weightedAverageShsOutDil": 127068182,
    "link": null,
    "finalLink": null
  },
  {
    "date": "1999-06-30",
    "symbol": "NI",
    "reportedCurrency": "USD",
    "cik": "0001111711",
    "fillingDate": "1999-06-30",
    "acceptedDate": "1999-06-30 00:00:00",
    "calendarYear": "1999",
    "period": "Q2",
    "revenue": 680600000,
    "costOfRevenue": 300190000,
    "grossProfit": 375157000,
    "grossProfitRatio": 0.5512151043,
    "researchAndDevelopmentExpenses": 0,
    "generalAndAdministrativeExpenses": 0,
    "sellingAndMarketingExpenses": 0,
    "sellingGeneralAndAdministrativeExpenses": 0,
    "otherExpenses": 290180000,
    "operatingExpenses": 290180000,
    "costAndExpenses": 590370000,
    "interestIncome": 0,
    "interestExpense": 0,
    "depreciationAndAmortization": 76700000,
    "ebitda": 162570000,
    "ebitdaratio": 0.2388627681,
    "operatingIncome": 84977000,
    "operatingIncomeRatio": 0.1248560094,
    "totalOtherIncomeExpensesNet": -50377000,
    "incomeBeforeTax": 34600000,
    "incomeBeforeTaxRatio": 0.0508374963,
    "incomeTaxExpense": 11700000,
    "netIncome": 22900000,
    "netIncomeRatio": 0.0336467823,
    "eps": 0.18,
    "epsdiluted": 0.18,
    "weightedAverageShsOut": 127466667,
    "weightedAverageShsOutDil": 127466667,
    "link": null,
    "finalLink": null
  },
  {
    "date": "1999-03-31",
    "symbol": "NI",
    "reportedCurrency": "USD",
    "cik": "0001111711",
    "fillingDate": "1999-03-31",
    "acceptedDate": "1999-03-31 00:00:00",
    "calendarYear": "1999",
    "period": "Q1",
    "revenue": 891500000,
    "costOfRevenue": 460000000,
    "grossProfit": 431575000,
    "grossProfitRatio": 0.4840998317,
    "researchAndDevelopmentExpenses": 0,
    "generalAndAdministrativeExpenses": 0,
    "sellingAndMarketingExpenses": 0,
    "sellingGeneralAndAdministrativeExpenses": 0,
    "otherExpenses": 275600000,
    "operatingExpenses": 275600000,
    "costAndExpenses": 735600000,
    "interestIncome": 0,
    "interestExpense": 0,
    "depreciationAndAmortization": 65800000,
    "ebitda": 228875000,
    "ebitdaratio": 0.2567302299,
    "operatingIncome": 155975000,
    "operatingIncomeRatio": 0.1749579361,
    "totalOtherIncomeExpensesNet": -34475000,
    "incomeBeforeTax": 121500000,
    "incomeBeforeTaxRatio": 0.1362871565,
    "incomeTaxExpense": 44900000,
    "netIncome": 76600000,
    "netIncomeRatio": 0.0859226024,
    "eps": 0.62,
    "epsdiluted": 0.62,
    "weightedAverageShsOut": 123548387,
    "weightedAverageShsOutDil": 123548387,
    "link": null,
    "finalLink": null
  },
  {
    "date": "1998-12-31",
    "symbol": "NI",
    "reportedCurrency": "USD",
    "cik": "0001111711",
    "fillingDate": "1998-12-31",
    "acceptedDate": "1998-12-31 00:00:00",
    "calendarYear": "1998",
    "period": "Q4",
    "revenue": 753300000,
    "costOfRevenue": 219500000,
    "grossProfit": 533800000,
    "grossProfitRatio": 0.7086154255,
    "researchAndDevelopmentExpenses": 0,
    "generalAndAdministrativeExpenses": 0,
    "sellingAndMarketingExpenses": 0,
    "sellingGeneralAndAdministrativeExpenses": 0,
    "otherExpenses": 406300000,
    "operatingExpenses": 406300000,
    "costAndExpenses": 625800000,
    "interestIncome": 0,
    "interestExpense": 0,
    "depreciationAndAmortization": 65000000,
    "ebitda": 192700000,
    "ebitdaratio": 0.2558077791,
    "operatingIncome": 127500000,
    "operatingIncomeRatio": 0.1692552768,
    "totalOtherIncomeExpensesNet": -35300000,
    "incomeBeforeTax": 92200000,
    "incomeBeforeTaxRatio": 0.1223947962,
    "incomeTaxExpense": 31600000,
    "netIncome": 60600000,
    "netIncomeRatio": 0.0804460374,
    "eps": 0,
    "epsdiluted": 0,
    "weightedAverageShsOut": 117869266,
    "weightedAverageShsOutDil": 119722222,
    "link": null,
    "finalLink": null
  },
  {
    "date": "1998-09-30",
    "symbol": "NI",
    "reportedCurrency": "USD",
    "cik": "0001111711",
    "fillingDate": "1998-09-30",
    "acceptedDate": "1998-09-30 00:00:00",
    "calendarYear": "1998",
    "period": "Q3",
    "revenue": 747800000,
    "costOfRevenue": 295400000,
    "grossProfit": 452400000,
    "grossProfitRatio": 0.6049745921,
    "researchAndDevelopmentExpenses": 0,
    "generalAndAdministrativeExpenses": 0,
    "sellingAndMarketingExpenses": 0,
    "sellingGeneralAndAdministrativeExpenses": 0,
    "otherExpenses": 356600000,
    "operatingExpenses": 356600000,
    "costAndExpenses": 652000000,
    "interestIncome": 0,
    "interestExpense": 34000000,
    "depreciationAndAmortization": 61500000,
    "ebitda": 160200000,
    "ebitdaratio": 0.2142284033,
    "operatingIncome": 95800000,
    "operatingIncomeRatio": 0.1281091201,
    "totalOtherIncomeExpensesNet": -31200000,
    "incomeBeforeTax": 64600000,
    "incomeBeforeTaxRatio": 0.0863867344,
    "incomeTaxExpense": 21500000,
    "netIncome": 43100000,
    "netIncomeRatio": 0.0576357315,
    "eps": 0.36,
    "epsdiluted": 0.35,
    "weightedAverageShsOut": 119722222,
    "weightedAverageShsOutDil": 123142857,
    "link": null,
    "finalLink": null
  },
  {
    "date": "1998-06-30",
    "symbol": "NI",
    "reportedCurrency": "USD",
    "cik": "0001111711",
    "fillingDate": "1998-06-30",
    "acceptedDate": "1998-06-30 00:00:00",
    "calendarYear": "1998",
    "period": "Q2",
    "revenue": 652400000,
    "costOfRevenue": 222000000,
    "grossProfit": 430400000,
    "grossProfitRatio": 0.6597179644,
    "researchAndDevelopmentExpenses": 0,
    "generalAndAdministrativeExpenses": 0,
    "sellingAndMarketingExpenses": 0,
    "sellingGeneralAndAdministrativeExpenses": 0,
    "otherExpenses": 352500000,
    "operatingExpenses": 352500000,
    "costAndExpenses": 574500000,
    "interestIncome": 0,
    "interestExpense": 0,
    "depreciationAndAmortization": 64500000,
    "ebitda": 141500000,
    "ebitdaratio": 0.2168914776,
    "operatingIncome": 77900000,
    "operatingIncomeRatio": 0.1194052728,
    "totalOtherIncomeExpensesNet": -33100000,
    "incomeBeforeTax": 44800000,
    "incomeBeforeTaxRatio": 0.0686695279,
    "incomeTaxExpense": 15400000,
    "netIncome": 29400000,
    "netIncomeRatio": 0.0450643777,
    "eps": 0.24,
    "epsdiluted": 0.24,
    "weightedAverageShsOut": 122500000,
    "weightedAverageShsOutDil": 122500000,
    "link": null,
    "finalLink": null
  },
  {
    "date": "1998-03-31",
    "symbol": "NI",
    "reportedCurrency": "USD",
    "cik": "0001111711",
    "fillingDate": "1998-03-31",
    "acceptedDate": "1998-03-31 00:00:00",
    "calendarYear": "1998",
    "period": "Q1",
    "revenue": 779300000,
    "costOfRevenue": 284400000,
    "grossProfit": 494900000,
    "grossProfitRatio": 0.6350571025,
    "researchAndDevelopmentExpenses": 0,
    "generalAndAdministrativeExpenses": 0,
    "sellingAndMarketingExpenses": 0,
    "sellingGeneralAndAdministrativeExpenses": 0,
    "otherExpenses": 378800000,
    "operatingExpenses": 378800000,
    "costAndExpenses": 663200000,
    "interestIncome": 0,
    "interestExpense": 0,
    "depreciationAndAmortization": 54900000,
    "ebitda": 179400000,
    "ebitdaratio": 0.2302065957,
    "operatingIncome": 116100000,
    "operatingIncomeRatio": 0.1489798537,
    "totalOtherIncomeExpensesNet": -23100000,
    "incomeBeforeTax": 93000000,
    "incomeBeforeTaxRatio": 0.1193378673,
    "incomeTaxExpense": 32300000,
    "netIncome": 60700000,
    "netIncomeRatio": 0.0778904145,
    "eps": 0.49,
    "epsdiluted": 0.48,
    "weightedAverageShsOut": 123877551,
    "weightedAverageShsOutDil": 126458333,
    "link": null,
    "finalLink": null
  },
  {
    "date": "1997-12-31",
    "symbol": "NI",
    "reportedCurrency": "USD",
    "cik": "0001111711",
    "fillingDate": "1997-12-31",
    "acceptedDate": "1997-12-31 00:00:00",
    "calendarYear": "1997",
    "period": "Q4",
    "revenue": 807000000,
    "costOfRevenue": 229900000,
    "grossProfit": 577100000,
    "grossProfitRatio": 0.71511772,
    "researchAndDevelopmentExpenses": 0,
    "generalAndAdministrativeExpenses": 0,
    "sellingAndMarketingExpenses": 0,
    "sellingGeneralAndAdministrativeExpenses": 0,
    "otherExpenses": 457700000,
    "operatingExpenses": 457700000,
    "costAndExpenses": 687600000,
    "interestIncome": 0,
    "interestExpense": 0,
    "depreciationAndAmortization": 61900000,
    "ebitda": 181700000,
    "ebitdaratio": 0.2251548947,
    "operatingIncome": 119400000,
    "operatingIncomeRatio": 0.1479553903,
    "totalOtherIncomeExpensesNet": -31700000,
    "incomeBeforeTax": 87700000,
    "incomeBeforeTaxRatio": 0.1086741016,
    "incomeTaxExpense": 31800000,
    "netIncome": 55900000,
    "netIncomeRatio": 0.0692688971,
    "eps": 0,
    "epsdiluted": 0,
    "weightedAverageShsOut": 123793103,
    "weightedAverageShsOutDil": 123793103,
    "link": null,
    "finalLink": null
  },
  {
    "date": "1997-09-30",
    "symbol": "NI",
    "reportedCurrency": "USD",
    "cik": "0001111711",
    "fillingDate": "1997-09-30",
    "acceptedDate": "1997-09-30 00:00:00",
    "calendarYear": "1997",
    "period": "Q3",
    "revenue": 596400000,
    "costOfRevenue": 132000000,
    "grossProfit": 464400000,
    "grossProfitRatio": 0.7786720322,
    "researchAndDevelopmentExpenses": 0,
    "generalAndAdministrativeExpenses": 0,
    "sellingAndMarketingExpenses": 0,
    "sellingGeneralAndAdministrativeExpenses": 0,
    "otherExpenses": 378700000,
    "operatingExpenses": 378700000,
    "costAndExpenses": 510700000,
    "interestIncome": 0,
    "interestExpense": 0,
    "depreciationAndAmortization": 61400000,
    "ebitda": 150400000,
    "ebitdaratio": 0.2521797451,
    "operatingIncome": 85700000,
    "operatingIncomeRatio": 0.1436955064,
    "totalOtherIncomeExpensesNet": -29600000,
    "incomeBeforeTax": 56100000,
    "incomeBeforeTaxRatio": 0.0940643863,
    "incomeTaxExpense": 20200000,
    "netIncome": 35900000,
    "netIncomeRatio": 0.0601945003,
    "eps": 0.29,
    "epsdiluted": 0.29,
    "weightedAverageShsOut": 123793103,
    "weightedAverageShsOutDil": 123793103,
    "link": null,
    "finalLink": null
  },
  {
    "date": "1997-06-30",
    "symbol": "NI",
    "reportedCurrency": "USD",
    "cik": "0001111711",
    "fillingDate": "1997-06-30",
    "acceptedDate": "1997-06-30 00:00:00",
    "calendarYear": "1997",
    "period": "Q2",
    "revenue": 523400000,
    "costOfRevenue": 127100000,
    "grossProfit": 396100000,
    "grossProfitRatio": 0.7567825755,
    "researchAndDevelopmentExpenses": 0,
    "generalAndAdministrativeExpenses": 0,
    "sellingAndMarketingExpenses": 0,
    "sellingGeneralAndAdministrativeExpenses": 0,
    "otherExpenses": 323000000,
    "operatingExpenses": 323000000,
    "costAndExpenses": 450100000,
    "interestIncome": 0,
    "interestExpense": 0,
    "depreciationAndAmortization": 60500000,
    "ebitda": 137500000,
    "ebitdaratio": 0.2627053878,
    "operatingIncome": 73100000,
    "operatingIncomeRatio": 0.1396637371,
    "totalOtherIncomeExpensesNet": -27900000,
    "incomeBeforeTax": 45200000,
    "incomeBeforeTaxRatio": 0.0863584257,
    "incomeTaxExpense": 17000000,
    "netIncome": 28200000,
    "netIncomeRatio": 0.0538784868,
    "eps": 0.22,
    "epsdiluted": 0.22,
    "weightedAverageShsOut": 128181818,
    "weightedAverageShsOutDil": 128181818,
    "link": null,
    "finalLink": null
  },
  {
    "date": "1997-03-31",
    "symbol": "NI",
    "reportedCurrency": "USD",
    "cik": "0001111711",
    "fillingDate": "1997-03-31",
    "acceptedDate": "1997-03-31 00:00:00",
    "calendarYear": "1997",
    "period": "Q1",
    "revenue": 579200000,
    "costOfRevenue": 297100000,
    "grossProfit": 362900000,
    "grossProfitRatio": 0.6265538674,
    "researchAndDevelopmentExpenses": 0,
    "generalAndAdministrativeExpenses": 0,
    "sellingAndMarketingExpenses": 0,
    "sellingGeneralAndAdministrativeExpenses": 0,
    "otherExpenses": 235300000,
    "operatingExpenses": 235300000,
    "costAndExpenses": 532400000,
    "interestIncome": 0,
    "interestExpense": 0,
    "depreciationAndAmortization": 46800000,
    "ebitda": 185900000,
    "ebitdaratio": 0.3209599448,
    "operatingIncome": 127600000,
    "operatingIncomeRatio": 0.2203038674,
    "totalOtherIncomeExpensesNet": -17700000,
    "incomeBeforeTax": 109100000,
    "incomeBeforeTaxRatio": 0.1883632597,
    "incomeTaxExpense": 38300000,
    "netIncome": 70800000,
    "netIncomeRatio": 0.1222375691,
    "eps": 0.59,
    "epsdiluted": 0.59,
    "weightedAverageShsOut": 120000000,
    "weightedAverageShsOutDil": 120000000,
    "link": null,
    "finalLink": null
  },
  {
    "date": "1996-12-31",
    "symbol": "NI",
    "reportedCurrency": "USD",
    "cik": "0001111711",
    "fillingDate": "1996-12-31",
    "acceptedDate": "1996-12-31 00:00:00",
    "calendarYear": "1996",
    "period": "Q4",
    "revenue": 524400000,
    "costOfRevenue": 246800000,
    "grossProfit": 277600000,
    "grossProfitRatio": 0.5293668955,
    "researchAndDevelopmentExpenses": 0,
    "generalAndAdministrativeExpenses": 0,
    "sellingAndMarketingExpenses": 0,
    "sellingGeneralAndAdministrativeExpenses": 0,
    "otherExpenses": 159100000,
    "operatingExpenses": 159100000,
    "costAndExpenses": 405900000,
    "interestIncome": 0,
    "interestExpense": 0,
    "depreciationAndAmortization": 55300000,
    "ebitda": 170800000,
    "ebitdaratio": 0.3257055683,
    "operatingIncome": 118500000,
    "operatingIncomeRatio": 0.22597254,
    "totalOtherIncomeExpensesNet": -31600000,
    "incomeBeforeTax": 86900000,
    "incomeBeforeTaxRatio": 0.165713196,
    "incomeTaxExpense": 35500000,
    "netIncome": 51400000,
    "netIncomeRatio": 0.0980167811,
    "eps": 0,
    "epsdiluted": 0,
    "weightedAverageShsOut": 118674367,
    "weightedAverageShsOutDil": 122857143,
    "link": null,
    "finalLink": null
  },
  {
    "date": "1996-09-30",
    "symbol": "NI",
    "reportedCurrency": "USD",
    "cik": "0001111711",
    "fillingDate": "1996-09-30",
    "acceptedDate": "1996-09-30 00:00:00",
    "calendarYear": "1996",
    "period": "Q3",
    "revenue": 356300000,
    "costOfRevenue": 120500000,
    "grossProfit": 273200000,
    "grossProfitRatio": 0.7667695762,
    "researchAndDevelopmentExpenses": 0,
    "generalAndAdministrativeExpenses": 0,
    "sellingAndMarketingExpenses": 0,
    "sellingGeneralAndAdministrativeExpenses": 0,
    "otherExpenses": 197700000,
    "operatingExpenses": 197700000,
    "costAndExpenses": 318200000,
    "interestIncome": 0,
    "interestExpense": 28400000,
    "depreciationAndAmortization": 48300000,
    "ebitda": 133900000,
    "ebitdaratio": 0.3758069043,
    "operatingIncome": 75500000,
    "operatingIncomeRatio": 0.2119000842,
    "totalOtherIncomeExpensesNet": -20500000,
    "incomeBeforeTax": 52400000,
    "incomeBeforeTaxRatio": 0.1470670783,
    "incomeTaxExpense": 18000000,
    "netIncome": 34400000,
    "netIncomeRatio": 0.0965478529,
    "eps": 0.28,
    "epsdiluted": 0.28,
    "weightedAverageShsOut": 122857143,
    "weightedAverageShsOutDil": 122857143,
    "link": null,
    "finalLink": null
  },
  {
    "date": "1996-06-30",
    "symbol": "NI",
    "reportedCurrency": "USD",
    "cik": "0001111711",
    "fillingDate": "1996-06-30",
    "acceptedDate": "1996-06-30 00:00:00",
    "calendarYear": "1996",
    "period": "Q2",
    "revenue": 364900000,
    "costOfRevenue": 152800000,
    "grossProfit": 245900000,
    "grossProfitRatio": 0.6738832557,
    "researchAndDevelopmentExpenses": 0,
    "generalAndAdministrativeExpenses": 0,
    "sellingAndMarketingExpenses": 0,
    "sellingGeneralAndAdministrativeExpenses": 0,
    "otherExpenses": 181700000,
    "operatingExpenses": 181700000,
    "costAndExpenses": 334500000,
    "interestIncome": 0,
    "interestExpense": 0,
    "depreciationAndAmortization": 52700000,
    "ebitda": 122900000,
    "ebitdaratio": 0.336804604,
    "operatingIncome": 64200000,
    "operatingIncomeRatio": 0.1759386133,
    "totalOtherIncomeExpensesNet": -24700000,
    "incomeBeforeTax": 39500000,
    "incomeBeforeTaxRatio": 0.1082488353,
    "incomeTaxExpense": 16100000,
    "netIncome": 23400000,
    "netIncomeRatio": 0.0641271581,
    "eps": 0.19,
    "epsdiluted": 0.19,
    "weightedAverageShsOut": 123157895,
    "weightedAverageShsOutDil": 123157895,
    "link": null,
    "finalLink": null
  },
  {
    "date": "1996-03-31",
    "symbol": "NI",
    "reportedCurrency": "USD",
    "cik": "0001111711",
    "fillingDate": "1996-03-31",
    "acceptedDate": "1996-03-31 00:00:00",
    "calendarYear": "1996",
    "period": "Q1",
    "revenue": 576000000,
    "costOfRevenue": 268400000,
    "grossProfit": 307600000,
    "grossProfitRatio": 0.5340277778,
    "researchAndDevelopmentExpenses": 0,
    "generalAndAdministrativeExpenses": 0,
    "sellingAndMarketingExpenses": 0,
    "sellingGeneralAndAdministrativeExpenses": 0,
    "otherExpenses": 172300000,
    "operatingExpenses": 172300000,
    "costAndExpenses": 440700000,
    "interestIncome": 0,
    "interestExpense": 0,
    "depreciationAndAmortization": 53000000,
    "ebitda": 188800000,
    "ebitdaratio": 0.3277777778,
    "operatingIncome": 135300000,
    "operatingIncomeRatio": 0.2348958333,
    "totalOtherIncomeExpensesNet": -26300000,
    "incomeBeforeTax": 109000000,
    "incomeBeforeTaxRatio": 0.1892361111,
    "incomeTaxExpense": 41500000,
    "netIncome": 67500000,
    "netIncomeRatio": 0.1171875,
    "eps": 0.54,
    "epsdiluted": 0.54,
    "weightedAverageShsOut": 124814815,
    "weightedAverageShsOutDil": 124814815,
    "link": null,
    "finalLink": null
  },
  {
    "date": "1995-12-31",
    "symbol": "NI",
    "reportedCurrency": "USD",
    "cik": "0001111711",
    "fillingDate": "1995-12-31",
    "acceptedDate": "1995-12-31 00:00:00",
    "calendarYear": "1995",
    "period": "Q4",
    "revenue": 469000000,
    "costOfRevenue": 195000000,
    "grossProfit": 274000000,
    "grossProfitRatio": 0.5842217484,
    "researchAndDevelopmentExpenses": 0,
    "generalAndAdministrativeExpenses": 0,
    "sellingAndMarketingExpenses": 0,
    "sellingGeneralAndAdministrativeExpenses": 0,
    "otherExpenses": 165900000,
    "operatingExpenses": 165900000,
    "costAndExpenses": 360900000,
    "interestIncome": 0,
    "interestExpense": 0,
    "depreciationAndAmortization": 53500000,
    "ebitda": 159600000,
    "ebitdaratio": 0.3402985075,
    "operatingIncome": 108100000,
    "operatingIncomeRatio": 0.2304904051,
    "totalOtherIncomeExpensesNet": -28900000,
    "incomeBeforeTax": 79200000,
    "incomeBeforeTaxRatio": 0.168869936,
    "incomeTaxExpense": 27300000,
    "netIncome": 51900000,
    "netIncomeRatio": 0.1106609808,
    "eps": 0,
    "epsdiluted": 0,
    "weightedAverageShsOut": 124006192,
    "weightedAverageShsOutDil": 127142857,
    "link": null,
    "finalLink": null
  },
  {
    "date": "1995-09-30",
    "symbol": "NI",
    "reportedCurrency": "USD",
    "cik": "0001111711",
    "fillingDate": "1995-09-30",
    "acceptedDate": "1995-09-30 00:00:00",
    "calendarYear": "1995",
    "period": "Q3",
    "revenue": 370300000,
    "costOfRevenue": 120900000,
    "grossProfit": 249400000,
    "grossProfitRatio": 0.6735079665,
    "researchAndDevelopmentExpenses": 0,
    "generalAndAdministrativeExpenses": 0,
    "sellingAndMarketingExpenses": 0,
    "sellingGeneralAndAdministrativeExpenses": 0,
    "otherExpenses": 162000000,
    "operatingExpenses": 162000000,
    "costAndExpenses": 282900000,
    "interestIncome": 0,
    "interestExpense": 0,
    "depreciationAndAmortization": 51900000,
    "ebitda": 138100000,
    "ebitdaratio": 0.3729408588,
    "operatingIncome": 87400000,
    "operatingIncomeRatio": 0.2360248447,
    "totalOtherIncomeExpensesNet": -26300000,
    "incomeBeforeTax": 61100000,
    "incomeBeforeTaxRatio": 0.1650013503,
    "incomeTaxExpense": 24700000,
    "netIncome": 36400000,
    "netIncomeRatio": 0.0982986767,
    "eps": 0.28,
    "epsdiluted": 0.28,
    "weightedAverageShsOut": 127142857,
    "weightedAverageShsOutDil": 127142857,
    "link": null,
    "finalLink": null
  }
]