[
  {
    "date": "2025-08-31",
    "symbol": "NKE",
    "reportedCurrency": "USD",
    "cik": "0000320187",
    "fillingDate": "2025-10-01",
    "acceptedDate": "2025-10-01 16:50:25",
    "calendarYear": "2026",
    "period": "Q1",
    "revenue": 11727000000,
    "costOfRevenue": 6827000000,
    "grossProfit": 4900000000,
    "grossProfitRatio": 0.4217576792,
    "researchAndDevelopmentExpenses": 0,
    "generalAndAdministrativeExpenses": 2828000000,
    "sellingAndMarketingExpenses": 1188000000,
    "sellingGeneralAndAdministrativeExpenses": 4016000000,
    "otherExpenses": 0,
    "operatingExpenses": 4016000000,
    "costAndExpenses": 10843000000,
    "interestIncome": 83000000,
    "interestExpense": 63000000,
    "depreciationAndAmortization": 190000000,
    "ebitda": 1175000000,
    "ebitdaratio": 0.0790955631,
    "operatingIncome": 884000000,
    "operatingIncomeRatio": 0.0790955631,
    "totalOtherIncomeExpensesNet": 38000000,
    "incomeBeforeTax": 922000000,
    "incomeBeforeTaxRatio": 0.078668942,
    "incomeTaxExpense": 195000000,
    "netIncome": 727000000,
    "netIncomeRatio": 0.0620307167,
    "eps": 0.49,
    "epsdiluted": 0.49,
    "weightedAverageShsOut": 1476600000,
    "weightedAverageShsOutDil": 1479000000,
    "link": "https://www.sec.gov/Archives/edgar/data/320187/000032018725000097/0000320187-25-000097-index.htm",
    "finalLink": "https://www.sec.gov/Archives/edgar/data/320187/000032018725000097/nke-20250831.htm"
  },
  {
    "date": "2025-05-31",
    "symbol": "NKE",
    "reportedCurrency": "USD",
    "cik": "0000320187",
    "fillingDate": "2025-07-17",
    "acceptedDate": "2025-07-17 16:25:25",
    "calendarYear": "2025",
    "period": "Q4",
    "revenue": 11120000000,
    "costOfRevenue": 6736000000,
    "grossProfit": 4384000000,
    "grossProfitRatio": 0.4027214562,
    "researchAndDevelopmentExpenses": 0,
    "generalAndAdministrativeExpenses": 2895000000,
    "sellingAndMarketingExpenses": 1253000000,
    "sellingGeneralAndAdministrativeExpenses": 4148000000,
    "otherExpenses": 0,
    "operatingExpenses": 4149000000,
    "costAndExpenses": 10885000000,
    "interestIncome": 90000000,
    "interestExpense": 66000000,
    "depreciationAndAmortization": 199000000,
    "ebitda": 583000000,
    "ebitdaratio": 0.0286563936,
    "operatingIncome": 235000000,
    "operatingIncomeRatio": 0.028926737,
    "totalOtherIncomeExpensesNet": 83000000,
    "incomeBeforeTax": 318000000,
    "incomeBeforeTaxRatio": 0.0286563936,
    "incomeTaxExpense": 107000000,
    "netIncome": 211000000,
    "netIncomeRatio": 0.019014148,
    "eps": 0.14,
    "epsdiluted": 0.14,
    "weightedAverageShsOut": 1476700000,
    "weightedAverageShsOutDil": 1477700000,
    "link": "https://www.sec.gov/Archives/edgar/data/320187/000032018725000047/0000320187-25-000047-index.htm",
    "finalLink": "https://www.sec.gov/Archives/edgar/data/320187/000032018725000047/nke-20250531.htm"
  },
  {
    "date": "2025-02-28",
    "symbol": "NKE",
    "reportedCurrency": "USD",
    "cik": "0000320187",
    "fillingDate": "2025-04-03",
    "acceptedDate": "2025-04-03 16:23:02",
    "calendarYear": "2025",
    "period": "Q3",
    "revenue": 11294000000,
    "costOfRevenue": 6661000000,
    "grossProfit": 4633000000,
    "grossProfitRatio": 0.4102178148,
    "researchAndDevelopmentExpenses": 0,
    "generalAndAdministrativeExpenses": 0,
    "sellingAndMarketingExpenses": 0,
    "sellingGeneralAndAdministrativeExpenses": 3887000000,
    "otherExpenses": 0,
    "operatingExpenses": 3887000000,
    "costAndExpenses": 10548000000,
    "interestIncome": 97000000,
    "interestExpense": 77000000,
    "depreciationAndAmortization": 198000000,
    "ebitda": 1119000000,
    "ebitdaratio": 0.0990791571,
    "operatingIncome": 746000000,
    "operatingIncomeRatio": 0.0660527714,
    "totalOtherIncomeExpensesNet": 98000000,
    "incomeBeforeTax": 844000000,
    "incomeBeforeTaxRatio": 0.0747299451,
    "incomeTaxExpense": 50000000,
    "netIncome": 794000000,
    "netIncomeRatio": 0.0703028157,
    "eps": 0.54,
    "epsdiluted": 0.54,
    "weightedAverageShsOut": 1487600000,
    "weightedAverageShsOutDil": 1491000000,
    "link": "https://www.sec.gov/Archives/edgar/data/320187/000032018725000016/0000320187-25-000016-index.htm",
    "finalLink": "https://www.sec.gov/Archives/edgar/data/320187/000032018725000016/nke-20250228.htm"
  },
  {
    "date": "2024-11-30",
    "symbol": "NKE",
    "reportedCurrency": "USD",
    "cik": "0000320187",
    "fillingDate": "2025-01-03",
    "acceptedDate": "2025-01-03 16:20:18",
    "calendarYear": "2025",
    "period": "Q2",
    "revenue": 12378000000,
    "costOfRevenue": 7015000000,
    "grossProfit": 5363000000,
    "grossProfitRatio": 0.4332687025,
    "researchAndDevelopmentExpenses": 0,
    "generalAndAdministrativeExpenses": 0,
    "sellingAndMarketingExpenses": 0,
    "sellingGeneralAndAdministrativeExpenses": 4005000000,
    "otherExpenses": 0,
    "operatingExpenses": 4005000000,
    "costAndExpenses": 11020000000,
    "interestIncome": 97000000,
    "interestExpense": 71000000,
    "depreciationAndAmortization": 190000000,
    "ebitda": 1677000000,
    "ebitdaratio": 0.1354823073,
    "operatingIncome": 1358000000,
    "operatingIncomeRatio": 0.1097107772,
    "totalOtherIncomeExpensesNet": 58000000,
    "incomeBeforeTax": 1416000000,
    "incomeBeforeTaxRatio": 0.1143965099,
    "incomeTaxExpense": 253000000,
    "netIncome": 1163000000,
    "netIncomeRatio": 0.0939570205,
    "eps": 0.78,
    "epsdiluted": 0.78,
    "weightedAverageShsOut": 1486800000,
    "weightedAverageShsOutDil": 1490000000,
    "link": "https://www.sec.gov/Archives/edgar/data/320187/000032018725000004/0000320187-25-000004-index.htm",
    "finalLink": "https://www.sec.gov/Archives/edgar/data/320187/000032018725000004/nke-20241130.htm"
  },
  {
    "date": "2024-08-31",
    "symbol": "NKE",
    "reportedCurrency": "USD",
    "cik": "0000320187",
    "fillingDate": "2024-10-07",
    "acceptedDate": "2024-10-07 16:20:15",
    "calendarYear": "2025",
    "period": "Q1",
    "revenue": 11610000000,
    "costOfRevenue": 6402000000,
    "grossProfit": 5208000000,
    "grossProfitRatio": 0.4485788114,
    "researchAndDevelopmentExpenses": 0,
    "generalAndAdministrativeExpenses": 0,
    "sellingAndMarketingExpenses": 0,
    "sellingGeneralAndAdministrativeExpenses": 4048000000,
    "otherExpenses": 0,
    "operatingExpenses": 4048000000,
    "costAndExpenses": 10450000000,
    "interestIncome": 120000000,
    "interestExpense": 75000000,
    "depreciationAndAmortization": 188000000,
    "ebitda": 1570000000,
    "ebitdaratio": 0.1352282515,
    "operatingIncome": 1160000000,
    "operatingIncomeRatio": 0.0999138674,
    "totalOtherIncomeExpensesNet": 147000000,
    "incomeBeforeTax": 1307000000,
    "incomeBeforeTaxRatio": 0.1125753661,
    "incomeTaxExpense": 256000000,
    "netIncome": 1051000000,
    "netIncomeRatio": 0.0905254091,
    "eps": 0.7,
    "epsdiluted": 0.7,
    "weightedAverageShsOut": 1497700000,
    "weightedAverageShsOutDil": 1502000000,
    "link": "https://www.sec.gov/Archives/edgar/data/320187/000032018724000065/0000320187-24-000065-index.htm",
    "finalLink": "https://www.sec.gov/Archives/edgar/data/320187/000032018724000065/nke-20240831.htm"
  },
  {
    "date": "2024-05-31",
    "symbol": "NKE",
    "reportedCurrency": "USD",
    "cik": "0000320187",
    "fillingDate": "2024-07-25",
    "acceptedDate": "2024-07-25 16:16:58",
    "calendarYear": "2024",
    "period": "Q4",
    "revenue": 12623000000,
    "costOfRevenue": 7045000000,
    "grossProfit": 5578000000,
    "grossProfitRatio": 0.4418917848,
    "researchAndDevelopmentExpenses": 0,
    "generalAndAdministrativeExpenses": 0,
    "sellingAndMarketingExpenses": 0,
    "sellingGeneralAndAdministrativeExpenses": 4087000000,
    "otherExpenses": 0,
    "operatingExpenses": 4087000000,
    "costAndExpenses": 11132000000,
    "interestIncome": 126000000,
    "interestExpense": 71000000,
    "depreciationAndAmortization": 207000000,
    "ebitda": 2004000000,
    "ebitdaratio": 0.158757823,
    "operatingIncome": 1491000000,
    "operatingIncomeRatio": 0.1181177216,
    "totalOtherIncomeExpensesNet": 235000000,
    "incomeBeforeTax": 1726000000,
    "incomeBeforeTaxRatio": 0.1367345322,
    "incomeTaxExpense": 226000000,
    "netIncome": 1500000000,
    "netIncomeRatio": 0.1188307059,
    "eps": 0.99,
    "epsdiluted": 0.99,
    "weightedAverageShsOut": 1515152000,
    "weightedAverageShsOutDil": 1516700000,
    "link": "https://www.sec.gov/Archives/edgar/data/320187/000032018724000044/0000320187-24-000044-index.htm",
    "finalLink": "https://www.sec.gov/Archives/edgar/data/320187/000032018724000044/nke-20240531.htm"
  },
  {
    "date": "2024-02-29",
    "symbol": "NKE",
    "reportedCurrency": "USD",
    "cik": "0000320187",
    "fillingDate": "2024-04-04",
    "acceptedDate": "2024-04-04 16:16:10",
    "calendarYear": "2024",
    "period": "Q3",
    "revenue": 12439000000,
    "costOfRevenue": 6937000000,
    "grossProfit": 5502000000,
    "grossProfitRatio": 0.4423185144,
    "researchAndDevelopmentExpenses": 0,
    "generalAndAdministrativeExpenses": 0,
    "sellingAndMarketingExpenses": 0,
    "sellingGeneralAndAdministrativeExpenses": 4225000000,
    "otherExpenses": 0,
    "operatingExpenses": 4225000000,
    "costAndExpenses": 11162000000,
    "interestIncome": 113000000,
    "interestExpense": 59000000,
    "depreciationAndAmortization": 207000000,
    "ebitda": 1670000000,
    "ebitdaratio": 0.1342551652,
    "operatingIncome": 1277000000,
    "operatingIncomeRatio": 0.1026609856,
    "totalOtherIncomeExpensesNet": 127000000,
    "incomeBeforeTax": 1404000000,
    "incomeBeforeTaxRatio": 0.1128708096,
    "incomeTaxExpense": 232000000,
    "netIncome": 1172000000,
    "netIncomeRatio": 0.0942197926,
    "eps": 0.77,
    "epsdiluted": 0.77,
    "weightedAverageShsOut": 1522078000,
    "weightedAverageShsOutDil": 1526500000,
    "link": "https://www.sec.gov/Archives/edgar/data/320187/000032018724000019/0000320187-24-000019-index.htm",
    "finalLink": "https://www.sec.gov/Archives/edgar/data/320187/000032018724000019/nke-20240229.htm"
  },
  {
    "date": "2023-11-30",
    "symbol": "NKE",
    "reportedCurrency": "USD",
    "cik": "0000320187",
    "fillingDate": "2024-01-05",
    "acceptedDate": "2024-01-05 16:17:45",
    "calendarYear": "2024",
    "period": "Q2",
    "revenue": 13386000000,
    "costOfRevenue": 7482000000,
    "grossProfit": 5904000000,
    "grossProfitRatio": 0.4410578216,
    "researchAndDevelopmentExpenses": 0,
    "generalAndAdministrativeExpenses": 0,
    "sellingAndMarketingExpenses": 0,
    "sellingGeneralAndAdministrativeExpenses": 4146000000,
    "otherExpenses": 0,
    "operatingExpenses": 4146000000,
    "costAndExpenses": 11628000000,
    "interestIncome": 92000000,
    "interestExpense": 68000000,
    "depreciationAndAmortization": 191000000,
    "ebitda": 2181000000,
    "ebitdaratio": 0.1629314209,
    "operatingIncome": 1758000000,
    "operatingIncomeRatio": 0.1313312416,
    "totalOtherIncomeExpensesNet": 164000000,
    "incomeBeforeTax": 1922000000,
    "incomeBeforeTaxRatio": 0.1435828478,
    "incomeTaxExpense": 344000000,
    "netIncome": 1578000000,
    "netIncomeRatio": 0.1178843568,
    "eps": 1.04,
    "epsdiluted": 1.03,
    "weightedAverageShsOut": 1532039000,
    "weightedAverageShsOutDil": 1532100000,
    "link": "https://www.sec.gov/Archives/edgar/data/320187/000032018724000004/0000320187-24-000004-index.htm",
    "finalLink": "https://www.sec.gov/Archives/edgar/data/320187/000032018724000004/nke-20231130.htm"
  },
  {
    "date": "2023-08-31",
    "symbol": "NKE",
    "reportedCurrency": "USD",
    "cik": "0000320187",
    "fillingDate": "2023-10-06",
    "acceptedDate": "2023-10-06 16:22:11",
    "calendarYear": "2024",
    "period": "Q1",
    "revenue": 12938000000,
    "costOfRevenue": 7305000000,
    "grossProfit": 5633000000,
    "grossProfitRatio": 0.4353841397,
    "researchAndDevelopmentExpenses": 0,
    "generalAndAdministrativeExpenses": 0,
    "sellingAndMarketingExpenses": 0,
    "sellingGeneralAndAdministrativeExpenses": 4116000000,
    "otherExpenses": 0,
    "operatingExpenses": 4116000000,
    "costAndExpenses": 11421000000,
    "interestIncome": 99000000,
    "interestExpense": 63000000,
    "depreciationAndAmortization": 191000000,
    "ebitda": 1902000000,
    "ebitdaratio": 0.1470088113,
    "operatingIncome": 1517000000,
    "operatingIncomeRatio": 0.1172515072,
    "totalOtherIncomeExpensesNet": 131000000,
    "incomeBeforeTax": 1648000000,
    "incomeBeforeTaxRatio": 0.1273767197,
    "incomeTaxExpense": 198000000,
    "netIncome": 1450000000,
    "netIncomeRatio": 0.1120729634,
    "eps": 0.95,
    "epsdiluted": 0.94,
    "weightedAverageShsOut": 1542553000,
    "weightedAverageShsOutDil": 1543300000,
    "link": "https://www.sec.gov/Archives/edgar/data/320187/000032018723000052/0000320187-23-000052-index.htm",
    "finalLink": "https://www.sec.gov/Archives/edgar/data/320187/000032018723000052/nke-20230831.htm"
  },
  {
    "date": "2023-05-31",
    "symbol": "NKE",
    "reportedCurrency": "USD",
    "cik": "0000320187",
    "fillingDate": "2023-07-20",
    "acceptedDate": "2023-07-20 16:20:36",
    "calendarYear": "2023",
    "period": "Q4",
    "revenue": 12808000000,
    "costOfRevenue": 7347000000,
    "grossProfit": 5461000000,
    "grossProfitRatio": 0.4263741412,
    "researchAndDevelopmentExpenses": 0,
    "generalAndAdministrativeExpenses": 0,
    "sellingAndMarketingExpenses": 0,
    "sellingGeneralAndAdministrativeExpenses": 4365000000,
    "otherExpenses": 0,
    "operatingExpenses": 4365000000,
    "costAndExpenses": 11712000000,
    "interestIncome": 101000000,
    "interestExpense": 71000000,
    "depreciationAndAmortization": 187000000,
    "ebitda": 1504000000,
    "ebitdaratio": 0.1174266084,
    "operatingIncome": 1096000000,
    "operatingIncomeRatio": 0.0855715178,
    "totalOtherIncomeExpensesNet": 150000000,
    "incomeBeforeTax": 1246000000,
    "incomeBeforeTaxRatio": 0.0972829482,
    "incomeTaxExpense": 215000000,
    "netIncome": 1031000000,
    "netIncomeRatio": 0.0804965646,
    "eps": 0.67,
    "epsdiluted": 0.66,
    "weightedAverageShsOut": 1536500000,
    "weightedAverageShsOutDil": 1556300000,
    "link": "https://www.sec.gov/Archives/edgar/data/320187/000032018723000039/0000320187-23-000039-index.htm",
    "finalLink": "https://www.sec.gov/Archives/edgar/data/320187/000032018723000039/nke-20230531.htm"
  },
  {
    "date": "2023-02-28",
    "symbol": "NKE",
    "reportedCurrency": "USD",
    "cik": "0000320187",
    "fillingDate": "2023-04-06",
    "acceptedDate": "2023-04-06 16:18:27",
    "calendarYear": "2023",
    "period": "Q3",
    "revenue": 12376000000,
    "costOfRevenue": 7201000000,
    "grossProfit": 5175000000,
    "grossProfitRatio": 0.4181480284,
    "researchAndDevelopmentExpenses": 0,
    "generalAndAdministrativeExpenses": 0,
    "sellingAndMarketingExpenses": 0,
    "sellingGeneralAndAdministrativeExpenses": 3960000000,
    "otherExpenses": 0,
    "operatingExpenses": 3960000000,
    "costAndExpenses": 11161000000,
    "interestIncome": 83000000,
    "interestExpense": 74000000,
    "depreciationAndAmortization": 174000000,
    "ebitda": 1725000000,
    "ebitdaratio": 0.1393826761,
    "operatingIncome": 1215000000,
    "operatingIncomeRatio": 0.0981738849,
    "totalOtherIncomeExpensesNet": 262000000,
    "incomeBeforeTax": 1477000000,
    "incomeBeforeTaxRatio": 0.1193438914,
    "incomeTaxExpense": 237000000,
    "netIncome": 1240000000,
    "netIncomeRatio": 0.1001939237,
    "eps": 0.8,
    "epsdiluted": 0.79,
    "weightedAverageShsOut": 1543800000,
    "weightedAverageShsOutDil": 1564800000,
    "link": "https://www.sec.gov/Archives/edgar/data/320187/000032018723000013/0000320187-23-000013-index.htm",
    "finalLink": "https://www.sec.gov/Archives/edgar/data/320187/000032018723000013/nke-20230228.htm"
  },
  {
    "date": "2022-11-30",
    "symbol": "NKE",
    "reportedCurrency": "USD",
    "cik": "0000320187",
    "fillingDate": "2023-01-05",
    "acceptedDate": "2023-01-05 16:16:31",
    "calendarYear": "2023",
    "period": "Q2",
    "revenue": 13311000000,
    "costOfRevenue": 7777000000,
    "grossProfit": 5534000000,
    "grossProfitRatio": 0.4157463752,
    "researchAndDevelopmentExpenses": 0,
    "generalAndAdministrativeExpenses": 0,
    "sellingAndMarketingExpenses": 0,
    "sellingGeneralAndAdministrativeExpenses": 4126000000,
    "otherExpenses": 0,
    "operatingExpenses": 4126000000,
    "costAndExpenses": 11903000000,
    "interestIncome": 49000000,
    "interestExpense": 63000000,
    "depreciationAndAmortization": 173000000,
    "ebitda": 1886000000,
    "ebitdaratio": 0.1416873263,
    "operatingIncome": 1408000000,
    "operatingIncomeRatio": 0.1057771768,
    "totalOtherIncomeExpensesNet": 242000000,
    "incomeBeforeTax": 1650000000,
    "incomeBeforeTaxRatio": 0.123957629,
    "incomeTaxExpense": 319000000,
    "netIncome": 1331000000,
    "netIncomeRatio": 0.0999924874,
    "eps": 0.85,
    "epsdiluted": 0.85,
    "weightedAverageShsOut": 1565882352,
    "weightedAverageShsOutDil": 1572400000,
    "link": "https://www.sec.gov/Archives/edgar/data/320187/000032018723000003/0000320187-23-000003-index.htm",
    "finalLink": "https://www.sec.gov/Archives/edgar/data/320187/000032018723000003/nke-20221130.htm"
  },
  {
    "date": "2022-08-31",
    "symbol": "NKE",
    "reportedCurrency": "USD",
    "cik": "0000320187",
    "fillingDate": "2022-10-06",
    "acceptedDate": "2022-10-06 16:17:47",
    "calendarYear": "2023",
    "period": "Q1",
    "revenue": 12696000000,
    "costOfRevenue": 7181000000,
    "grossProfit": 5515000000,
    "grossProfitRatio": 0.4343887839,
    "researchAndDevelopmentExpenses": 0,
    "generalAndAdministrativeExpenses": 0,
    "sellingAndMarketingExpenses": 0,
    "sellingGeneralAndAdministrativeExpenses": 3921000000,
    "otherExpenses": 0,
    "operatingExpenses": 3921000000,
    "costAndExpenses": 11102000000,
    "interestIncome": 65000000,
    "interestExpense": 76000000,
    "depreciationAndAmortization": 169000000,
    "ebitda": 2073000000,
    "ebitdaratio": 0.1632797732,
    "operatingIncome": 1594000000,
    "operatingIncomeRatio": 0.1255513548,
    "totalOtherIncomeExpensesNet": 234000000,
    "incomeBeforeTax": 1828000000,
    "incomeBeforeTaxRatio": 0.1439823566,
    "incomeTaxExpense": 360000000,
    "netIncome": 1468000000,
    "netIncomeRatio": 0.1156269691,
    "eps": 0.94,
    "epsdiluted": 0.93,
    "weightedAverageShsOut": 1567100000,
    "weightedAverageShsOutDil": 1585800000,
    "link": "https://www.sec.gov/Archives/edgar/data/320187/000032018722000058/0000320187-22-000058-index.htm",
    "finalLink": "https://www.sec.gov/Archives/edgar/data/320187/000032018722000058/nke-20220831.htm"
  },
  {
    "date": "2022-05-31",
    "symbol": "NKE",
    "reportedCurrency": "USD",
    "cik": "0000320187",
    "fillingDate": "2022-07-21",
    "acceptedDate": "2022-07-21 16:05:53",
    "calendarYear": "2022",
    "period": "Q4",
    "revenue": 12253000000,
    "costOfRevenue": 6787000000,
    "grossProfit": 5466000000,
    "grossProfitRatio": 0.4460948339,
    "researchAndDevelopmentExpenses": 0,
    "generalAndAdministrativeExpenses": 0,
    "sellingAndMarketingExpenses": 0,
    "sellingGeneralAndAdministrativeExpenses": 4037000000,
    "otherExpenses": 0,
    "operatingExpenses": 4037000000,
    "costAndExpenses": 10824000000,
    "interestIncome": 37000000,
    "interestExpense": 75000000,
    "depreciationAndAmortization": 179000000,
    "ebitda": 1628000000,
    "ebitdaratio": 0.1328654207,
    "operatingIncome": 1429000000,
    "operatingIncomeRatio": 0.1166245001,
    "totalOtherIncomeExpensesNet": -55000000,
    "incomeBeforeTax": 1374000000,
    "incomeBeforeTaxRatio": 0.1121358035,
    "incomeTaxExpense": -65000000,
    "netIncome": 1439000000,
    "netIncomeRatio": 0.1174406268,
    "eps": 0.92,
    "epsdiluted": 0.9,
    "weightedAverageShsOut": 1572000000,
    "weightedAverageShsOutDil": 1595000000,
    "link": "https://www.sec.gov/Archives/edgar/data/320187/000032018722000038/0000320187-22-000038-index.htm",
    "finalLink": "https://www.sec.gov/Archives/edgar/data/320187/000032018722000038/nke-20220531.htm"
  },
  {
    "date": "2022-02-28",
    "symbol": "NKE",
    "reportedCurrency": "USD",
    "cik": "0000320187",
    "fillingDate": "2022-04-05",
    "acceptedDate": "2022-04-05 16:17:29",
    "calendarYear": "2022",
    "period": "Q3",
    "revenue": 10893000000,
    "costOfRevenue": 5821000000,
    "grossProfit": 5072000000,
    "grossProfitRatio": 0.465620123,
    "researchAndDevelopmentExpenses": 0,
    "generalAndAdministrativeExpenses": 0,
    "sellingAndMarketingExpenses": 0,
    "sellingGeneralAndAdministrativeExpenses": 3438000000,
    "otherExpenses": 0,
    "operatingExpenses": 3438000000,
    "costAndExpenses": 9259000000,
    "interestIncome": 22000000,
    "interestExpense": 73000000,
    "depreciationAndAmortization": 180000000,
    "ebitda": 1923000000,
    "ebitdaratio": 0.1765353897,
    "operatingIncome": 1634000000,
    "operatingIncomeRatio": 0.1500045901,
    "totalOtherIncomeExpensesNet": 36000000,
    "incomeBeforeTax": 1670000000,
    "incomeBeforeTaxRatio": 0.1533094648,
    "incomeTaxExpense": 274000000,
    "netIncome": 1396000000,
    "netIncomeRatio": 0.1281556963,
    "eps": 0.88,
    "epsdiluted": 0.87,
    "weightedAverageShsOut": 1579000000,
    "weightedAverageShsOutDil": 1610700000,
    "link": "https://www.sec.gov/Archives/edgar/data/320187/000032018722000017/0000320187-22-000017-index.htm",
    "finalLink": "https://www.sec.gov/Archives/edgar/data/320187/000032018722000017/nke-20220228.htm"
  },
  {
    "date": "2021-11-30",
    "symbol": "NKE",
    "reportedCurrency": "USD",
    "cik": "0000320187",
    "fillingDate": "2022-01-06",
    "acceptedDate": "2022-01-06 16:35:33",
    "calendarYear": "2022",
    "period": "Q2",
    "revenue": 11377000000,
    "costOfRevenue": 6114000000,
    "grossProfit": 5263000000,
    "grossProfitRatio": 0.4625999824,
    "researchAndDevelopmentExpenses": 0,
    "generalAndAdministrativeExpenses": 0,
    "sellingAndMarketingExpenses": 0,
    "sellingGeneralAndAdministrativeExpenses": 3759000000,
    "otherExpenses": 0,
    "operatingExpenses": 3759000000,
    "costAndExpenses": 9873000000,
    "interestIncome": 18000000,
    "interestExpense": 72000000,
    "depreciationAndAmortization": 181000000,
    "ebitda": 1754000000,
    "ebitdaratio": 0.1541706953,
    "operatingIncome": 1504000000,
    "operatingIncomeRatio": 0.1321965369,
    "totalOtherIncomeExpensesNet": -3000000,
    "incomeBeforeTax": 1501000000,
    "incomeBeforeTaxRatio": 0.131932847,
    "incomeTaxExpense": 164000000,
    "netIncome": 1337000000,
    "netIncomeRatio": 0.1175177991,
    "eps": 0.84,
    "epsdiluted": 0.83,
    "weightedAverageShsOut": 1582400000,
    "weightedAverageShsOutDil": 1617400000,
    "link": "https://www.sec.gov/Archives/edgar/data/320187/000032018722000004/0000320187-22-000004-index.htm",
    "finalLink": "https://www.sec.gov/Archives/edgar/data/320187/000032018722000004/nke-20211130.htm"
  },
  {
    "date": "2021-08-31",
    "symbol": "NKE",
    "reportedCurrency": "USD",
    "cik": "0000320187",
    "fillingDate": "2021-10-05",
    "acceptedDate": "2021-10-05 16:03:18",
    "calendarYear": "2022",
    "period": "Q1",
    "revenue": 12269000000,
    "costOfRevenue": 6486000000,
    "grossProfit": 5783000000,
    "grossProfitRatio": 0.4713505583,
    "researchAndDevelopmentExpenses": 0,
    "generalAndAdministrativeExpenses": 0,
    "sellingAndMarketingExpenses": 0,
    "sellingGeneralAndAdministrativeExpenses": 3571000000,
    "otherExpenses": 0,
    "operatingExpenses": 3571000000,
    "costAndExpenses": 10057000000,
    "interestIncome": 17000000,
    "interestExpense": 74000000,
    "depreciationAndAmortization": 177000000,
    "ebitda": 2357000000,
    "ebitdaratio": 0.1921101964,
    "operatingIncome": 2212000000,
    "operatingIncomeRatio": 0.1802917923,
    "totalOtherIncomeExpensesNet": -106000000,
    "incomeBeforeTax": 2106000000,
    "incomeBeforeTaxRatio": 0.1716521314,
    "incomeTaxExpense": 232000000,
    "netIncome": 1874000000,
    "netIncomeRatio": 0.1527426848,
    "eps": 1.18,
    "epsdiluted": 1.16,
    "weightedAverageShsOut": 1581900000,
    "weightedAverageShsOutDil": 1619600000,
    "link": "https://www.sec.gov/Archives/edgar/data/320187/000032018721000045/0000320187-21-000045-index.htm",
    "finalLink": "https://www.sec.gov/Archives/edgar/data/320187/000032018721000045/nke-20210831.htm"
  },
  {
    "date": "2021-05-31",
    "symbol": "NKE",
    "reportedCurrency": "USD",
    "cik": "0000320187",
    "fillingDate": "2021-07-20",
    "acceptedDate": "2021-07-20 16:11:03",
    "calendarYear": "2021",
    "period": "Q4",
    "revenue": 12355000000,
    "costOfRevenue": 6631000000,
    "grossProfit": 5724000000,
    "grossProfitRatio": 0.4632942129,
    "researchAndDevelopmentExpenses": 0,
    "generalAndAdministrativeExpenses": 0,
    "sellingAndMarketingExpenses": 0,
    "sellingGeneralAndAdministrativeExpenses": 3696000000,
    "otherExpenses": 0,
    "operatingExpenses": 3696000000,
    "costAndExpenses": 10327000000,
    "interestIncome": 13000000,
    "interestExpense": 74000000,
    "depreciationAndAmortization": 201000000,
    "ebitda": 2129000000,
    "ebitdaratio": 0.1723188992,
    "operatingIncome": 2028000000,
    "operatingIncomeRatio": 0.1641440712,
    "totalOtherIncomeExpensesNet": -174000000,
    "incomeBeforeTax": 1854000000,
    "incomeBeforeTaxRatio": 0.1500607042,
    "incomeTaxExpense": 345000000,
    "netIncome": 1509000000,
    "netIncomeRatio": 0.1221367867,
    "eps": 0.96,
    "epsdiluted": 0.93,
    "weightedAverageShsOut": 1579000000,
    "weightedAverageShsOutDil": 1614900000,
    "link": "https://www.sec.gov/Archives/edgar/data/320187/000032018721000028/0000320187-21-000028-index.htm",
    "finalLink": "https://www.sec.gov/Archives/edgar/data/320187/000032018721000028/nke-20210531.htm"
  },
  {
    "date": "2021-02-28",
    "symbol": "NKE",
    "reportedCurrency": "USD",
    "cik": "0000320187",
    "fillingDate": "2021-04-02",
    "acceptedDate": "2021-04-02 16:07:59",
    "calendarYear": "2021",
    "period": "Q3",
    "revenue": 10341000000,
    "costOfRevenue": 5603000000,
    "grossProfit": 4738000000,
    "grossProfitRatio": 0.4581761919,
    "researchAndDevelopmentExpenses": 0,
    "generalAndAdministrativeExpenses": 0,
    "sellingAndMarketingExpenses": 0,
    "sellingGeneralAndAdministrativeExpenses": 3040000000,
    "otherExpenses": 0,
    "operatingExpenses": 3040000000,
    "costAndExpenses": 8643000000,
    "interestIncome": 8000000,
    "interestExpense": 70000000,
    "depreciationAndAmortization": 182000000,
    "ebitda": 1888000000,
    "ebitdaratio": 0.1825742191,
    "operatingIncome": 1698000000,
    "operatingIncomeRatio": 0.1642007543,
    "totalOtherIncomeExpensesNet": -62000000,
    "incomeBeforeTax": 1636000000,
    "incomeBeforeTaxRatio": 0.1582052026,
    "incomeTaxExpense": 187000000,
    "netIncome": 1449000000,
    "netIncomeRatio": 0.1401218451,
    "eps": 0.92,
    "epsdiluted": 0.9,
    "weightedAverageShsOut": 1578000000,
    "weightedAverageShsOutDil": 1616900000,
    "link": "https://www.sec.gov/Archives/edgar/data/320187/000032018721000012/0000320187-21-000012-index.htm",
    "finalLink": "https://www.sec.gov/Archives/edgar/data/320187/000032018721000012/nke-20210228.htm"
  },
  {
    "date": "2020-11-30",
    "symbol": "NKE",
    "reportedCurrency": "USD",
    "cik": "0000320187",
    "fillingDate": "2021-01-05",
    "acceptedDate": "2021-01-05 16:12:56",
    "calendarYear": "2021",
    "period": "Q2",
    "revenue": 11217000000,
    "costOfRevenue": 6427000000,
    "grossProfit": 4790000000,
    "grossProfitRatio": 0.4270304003,
    "researchAndDevelopmentExpenses": 0,
    "generalAndAdministrativeExpenses": 0,
    "sellingAndMarketingExpenses": 0,
    "sellingGeneralAndAdministrativeExpenses": 3267000000,
    "otherExpenses": 0,
    "operatingExpenses": 3267000000,
    "costAndExpenses": 9694000000,
    "interestIncome": 6000000,
    "interestExpense": 75000000,
    "depreciationAndAmortization": 185000000,
    "ebitda": 1716000000,
    "ebitdaratio": 0.1529820808,
    "operatingIncome": 1523000000,
    "operatingIncomeRatio": 0.1357760542,
    "totalOtherIncomeExpensesNet": -67000000,
    "incomeBeforeTax": 1456000000,
    "incomeBeforeTaxRatio": 0.1298029776,
    "incomeTaxExpense": 205000000,
    "netIncome": 1251000000,
    "netIncomeRatio": 0.1115271463,
    "eps": 0.8,
    "epsdiluted": 0.78,
    "weightedAverageShsOut": 1573000000,
    "weightedAverageShsOutDil": 1609500000,
    "link": "https://www.sec.gov/Archives/edgar/data/320187/000032018721000003/0000320187-21-000003-index.htm",
    "finalLink": "https://www.sec.gov/Archives/edgar/data/320187/000032018721000003/nke-20201130.htm"
  },
  {
    "date": "2020-08-31",
    "symbol": "NKE",
    "reportedCurrency": "USD",
    "cik": "0000320187",
    "fillingDate": "2020-10-08",
    "acceptedDate": "2020-10-08 16:10:03",
    "calendarYear": "2021",
    "period": "Q1",
    "revenue": 10580000000,
    "costOfRevenue": 5967000000,
    "grossProfit": 4613000000,
    "grossProfitRatio": 0.4360113422,
    "researchAndDevelopmentExpenses": 0,
    "generalAndAdministrativeExpenses": 0,
    "sellingAndMarketingExpenses": 0,
    "sellingGeneralAndAdministrativeExpenses": 2974000000,
    "otherExpenses": 0,
    "operatingExpenses": 2974000000,
    "costAndExpenses": 8941000000,
    "interestIncome": 7000000,
    "interestExpense": 70000000,
    "depreciationAndAmortization": 176000000,
    "ebitda": 1961000000,
    "ebitdaratio": 0.1853497164,
    "operatingIncome": 1639000000,
    "operatingIncomeRatio": 0.1549149338,
    "totalOtherIncomeExpensesNet": 76000000,
    "incomeBeforeTax": 1715000000,
    "incomeBeforeTaxRatio": 0.1620982987,
    "incomeTaxExpense": 197000000,
    "netIncome": 1518000000,
    "netIncomeRatio": 0.1434782609,
    "eps": 0.97,
    "epsdiluted": 0.95,
    "weightedAverageShsOut": 1561800000,
    "weightedAverageShsOutDil": 1593300000,
    "link": "https://www.sec.gov/Archives/edgar/data/320187/000032018720000061/0000320187-20-000061-index.htm",
    "finalLink": "https://www.sec.gov/Archives/edgar/data/320187/000032018720000061/nke-20200831.htm"
  },
  {
    "date": "2020-05-31",
    "symbol": "NKE",
    "reportedCurrency": "USD",
    "cik": "0000320187",
    "fillingDate": "2020-07-24",
    "acceptedDate": "2020-07-24 16:07:45",
    "calendarYear": "2020",
    "period": "Q4",
    "revenue": 6318000000,
    "costOfRevenue": 4037000000,
    "grossProfit": 2281000000,
    "grossProfitRatio": 0.3610319721,
    "researchAndDevelopmentExpenses": 0,
    "generalAndAdministrativeExpenses": 0,
    "sellingAndMarketingExpenses": 0,
    "sellingGeneralAndAdministrativeExpenses": 3192000000,
    "otherExpenses": 0,
    "operatingExpenses": 3192000000,
    "costAndExpenses": 7229000000,
    "interestIncome": 11000000,
    "interestExpense": 59000000,
    "depreciationAndAmortization": 208000000,
    "ebitda": -569000000,
    "ebitdaratio": -0.0900601456,
    "operatingIncome": -911000000,
    "operatingIncomeRatio": -0.1441911997,
    "totalOtherIncomeExpensesNet": 107000000,
    "incomeBeforeTax": -804000000,
    "incomeBeforeTaxRatio": -0.1272554606,
    "incomeTaxExpense": -14000000,
    "netIncome": -790000000,
    "netIncomeRatio": -0.1250395695,
    "eps": -0.51,
    "epsdiluted": -0.51,
    "weightedAverageShsOut": 1555700000,
    "weightedAverageShsOutDil": 1555700000,
    "link": "https://www.sec.gov/Archives/edgar/data/320187/000032018720000047/0000320187-20-000047-index.htm",
    "finalLink": "https://www.sec.gov/Archives/edgar/data/320187/000032018720000047/nke-531202010k.htm"
  },
  {
    "date": "2020-02-29",
    "symbol": "NKE",
    "reportedCurrency": "USD",
    "cik": "0000320187",
    "fillingDate": "2020-04-07",
    "acceptedDate": "2020-04-07 16:07:19",
    "calendarYear": "2020",
    "period": "Q3",
    "revenue": 10125000000,
    "costOfRevenue": 5741000000,
    "grossProfit": 4384000000,
    "grossProfitRatio": 0.4329876543,
    "researchAndDevelopmentExpenses": 0,
    "generalAndAdministrativeExpenses": 0,
    "sellingAndMarketingExpenses": 0,
    "sellingGeneralAndAdministrativeExpenses": 3283000000,
    "otherExpenses": 0,
    "operatingExpenses": 3283000000,
    "costAndExpenses": 9024000000,
    "interestIncome": 16000000,
    "interestExpense": 26000000,
    "depreciationAndAmortization": 170000000,
    "ebitda": 1077000000,
    "ebitdaratio": 0.1063703704,
    "operatingIncome": 1101000000,
    "operatingIncomeRatio": 0.1087407407,
    "totalOtherIncomeExpensesNet": -220000000,
    "incomeBeforeTax": 881000000,
    "incomeBeforeTaxRatio": 0.0870123457,
    "incomeTaxExpense": 34000000,
    "netIncome": 847000000,
    "netIncomeRatio": 0.083654321,
    "eps": 0.54,
    "epsdiluted": 0.53,
    "weightedAverageShsOut": 1556300000,
    "weightedAverageShsOutDil": 1591600000,
    "link": "https://www.sec.gov/Archives/edgar/data/320187/000032018720000018/0000320187-20-000018-index.htm",
    "finalLink": "https://www.sec.gov/Archives/edgar/data/320187/000032018720000018/nke-229202010q.htm"
  },
  {
    "date": "2019-11-30",
    "symbol": "NKE",
    "reportedCurrency": "USD",
    "cik": "0000320187",
    "fillingDate": "2020-01-07",
    "acceptedDate": "2020-01-07 16:03:25",
    "calendarYear": "2020",
    "period": "Q2",
    "revenue": 10325000000,
    "costOfRevenue": 5884000000,
    "grossProfit": 4441000000,
    "grossProfitRatio": 0.4301210654,
    "researchAndDevelopmentExpenses": 0,
    "generalAndAdministrativeExpenses": 0,
    "sellingAndMarketingExpenses": 0,
    "sellingGeneralAndAdministrativeExpenses": 3321000000,
    "otherExpenses": 0,
    "operatingExpenses": 3321000000,
    "costAndExpenses": 9205000000,
    "interestIncome": 14000000,
    "interestExpense": 25000000,
    "depreciationAndAmortization": 174000000,
    "ebitda": 1448000000,
    "ebitdaratio": 0.1402421308,
    "operatingIncome": 1120000000,
    "operatingIncomeRatio": 0.1084745763,
    "totalOtherIncomeExpensesNet": 129000000,
    "incomeBeforeTax": 1249000000,
    "incomeBeforeTaxRatio": 0.120968523,
    "incomeTaxExpense": 134000000,
    "netIncome": 1115000000,
    "netIncomeRatio": 0.1079903148,
    "eps": 0.71,
    "epsdiluted": 0.7,
    "weightedAverageShsOut": 1560600000,
    "weightedAverageShsOutDil": 1594400000,
    "link": "https://www.sec.gov/Archives/edgar/data/320187/000032018720000004/0000320187-20-000004-index.htm",
    "finalLink": "https://www.sec.gov/Archives/edgar/data/320187/000032018720000004/nke-1130201910q.htm"
  },
  {
    "date": "2019-08-31",
    "symbol": "NKE",
    "reportedCurrency": "USD",
    "cik": "0000320187",
    "fillingDate": "2019-10-04",
    "acceptedDate": "2019-10-04 16:05:38",
    "calendarYear": "2020",
    "period": "Q1",
    "revenue": 10652000000,
    "costOfRevenue": 5864000000,
    "grossProfit": 4788000000,
    "grossProfitRatio": 0.4494930529,
    "researchAndDevelopmentExpenses": 0,
    "generalAndAdministrativeExpenses": 0,
    "sellingAndMarketingExpenses": 0,
    "sellingGeneralAndAdministrativeExpenses": 3328000000,
    "otherExpenses": 0,
    "operatingExpenses": 3328000000,
    "costAndExpenses": 9192000000,
    "interestIncome": 21000000,
    "interestExpense": 34000000,
    "depreciationAndAmortization": 169000000,
    "ebitda": 1764000000,
    "ebitdaratio": 0.1656027037,
    "operatingIncome": 1460000000,
    "operatingIncomeRatio": 0.1370634623,
    "totalOtherIncomeExpensesNet": 101000000,
    "incomeBeforeTax": 1561000000,
    "incomeBeforeTaxRatio": 0.1465452497,
    "incomeTaxExpense": 194000000,
    "netIncome": 1367000000,
    "netIncomeRatio": 0.1283327075,
    "eps": 0.87,
    "epsdiluted": 0.86,
    "weightedAverageShsOut": 1562400000,
    "weightedAverageShsOutDil": 1597500000,
    "link": "https://www.sec.gov/Archives/edgar/data/320187/000032018719000071/0000320187-19-000071-index.htm",
    "finalLink": "https://www.sec.gov/Archives/edgar/data/320187/000032018719000071/nke-831201910q.htm"
  },
  {
    "date": "2019-05-31",
    "symbol": "NKE",
    "reportedCurrency": "USD",
    "cik": "0000320187",
    "fillingDate": "2019-07-23",
    "acceptedDate": "2019-07-23 16:13:55",
    "calendarYear": "2019",
    "period": "Q4",
    "revenue": 10198000000,
    "costOfRevenue": 5604000000,
    "grossProfit": 4594000000,
    "grossProfitRatio": 0.4504804864,
    "researchAndDevelopmentExpenses": 0,
    "generalAndAdministrativeExpenses": 0,
    "sellingAndMarketingExpenses": 0,
    "sellingGeneralAndAdministrativeExpenses": 3406000000,
    "otherExpenses": 0,
    "operatingExpenses": 3406000000,
    "costAndExpenses": 9010000000,
    "interestIncome": 22000000,
    "interestExpense": 32000000,
    "depreciationAndAmortization": 178000000,
    "ebitda": 1453000000,
    "ebitdaratio": 0.1424789174,
    "operatingIncome": 1188000000,
    "operatingIncomeRatio": 0.1164934301,
    "totalOtherIncomeExpensesNet": 55000000,
    "incomeBeforeTax": 1243000000,
    "incomeBeforeTaxRatio": 0.1218866444,
    "incomeTaxExpense": 254000000,
    "netIncome": 989000000,
    "netIncomeRatio": 0.0969798,
    "eps": 0.63,
    "epsdiluted": 0.62,
    "weightedAverageShsOut": 1570200000,
    "weightedAverageShsOutDil": 1607500000,
    "link": "https://www.sec.gov/Archives/edgar/data/320187/000032018719000051/0000320187-19-000051-index.htm",
    "finalLink": "https://www.sec.gov/Archives/edgar/data/320187/000032018719000051/nke-531201910k.htm"
  },
  {
    "date": "2019-02-28",
    "symbol": "NKE",
    "reportedCurrency": "USD",
    "cik": "0000320187",
    "fillingDate": "2019-04-04",
    "acceptedDate": "2019-04-04 16:07:14",
    "calendarYear": "2019",
    "period": "Q3",
    "revenue": 9610000000,
    "costOfRevenue": 5238000000,
    "grossProfit": 4372000000,
    "grossProfitRatio": 0.454942768,
    "researchAndDevelopmentExpenses": 0,
    "generalAndAdministrativeExpenses": 0,
    "sellingAndMarketingExpenses": 0,
    "sellingGeneralAndAdministrativeExpenses": 3091000000,
    "otherExpenses": 0,
    "operatingExpenses": 3091000000,
    "costAndExpenses": 8329000000,
    "interestIncome": 20000000,
    "interestExpense": 30000000,
    "depreciationAndAmortization": 178000000,
    "ebitda": 1499000000,
    "ebitdaratio": 0.1559833507,
    "operatingIncome": 1281000000,
    "operatingIncomeRatio": 0.1332986472,
    "totalOtherIncomeExpensesNet": 10000000,
    "incomeBeforeTax": 1291000000,
    "incomeBeforeTaxRatio": 0.13433923,
    "incomeTaxExpense": 190000000,
    "netIncome": 1101000000,
    "netIncomeRatio": 0.1145681582,
    "eps": 0.7,
    "epsdiluted": 0.68,
    "weightedAverageShsOut": 1572800000,
    "weightedAverageShsOutDil": 1609600000,
    "link": "https://www.sec.gov/Archives/edgar/data/320187/000032018719000030/0000320187-19-000030-index.htm",
    "finalLink": "https://www.sec.gov/Archives/edgar/data/320187/000032018719000030/nke-02282019x10q.htm"
  },
  {
    "date": "2018-11-30",
    "symbol": "NKE",
    "reportedCurrency": "USD",
    "cik": "0000320187",
    "fillingDate": "2019-01-08",
    "acceptedDate": "2019-01-08 16:08:39",
    "calendarYear": "2019",
    "period": "Q2",
    "revenue": 9371000000,
    "costOfRevenue": 5259000000,
    "grossProfit": 4112000000,
    "grossProfitRatio": 0.4388005549,
    "researchAndDevelopmentExpenses": 0,
    "generalAndAdministrativeExpenses": 0,
    "sellingAndMarketingExpenses": 0,
    "sellingGeneralAndAdministrativeExpenses": 3142000000,
    "otherExpenses": 0,
    "operatingExpenses": 3142000000,
    "costAndExpenses": 8401000000,
    "interestIncome": 20000000,
    "interestExpense": 33000000,
    "depreciationAndAmortization": 171000000,
    "ebitda": 1201000000,
    "ebitdaratio": 0.1281613488,
    "operatingIncome": 970000000,
    "operatingIncomeRatio": 0.1035108313,
    "totalOtherIncomeExpensesNet": 27000000,
    "incomeBeforeTax": 997000000,
    "incomeBeforeTaxRatio": 0.1063920606,
    "incomeTaxExpense": 150000000,
    "netIncome": 847000000,
    "netIncomeRatio": 0.090385231,
    "eps": 0.54,
    "epsdiluted": 0.52,
    "weightedAverageShsOut": 1581400000,
    "weightedAverageShsOutDil": 1620700000,
    "link": "https://www.sec.gov/Archives/edgar/data/320187/000032018719000007/0000320187-19-000007-index.htm",
    "finalLink": "https://www.sec.gov/Archives/edgar/data/320187/000032018719000007/nke-11302018x10q.htm"
  },
  {
    "date": "2018-08-31",
    "symbol": "NKE",
    "reportedCurrency": "USD",
    "cik": "0000320187",
    "fillingDate": "2018-10-05",
    "acceptedDate": "2018-10-05 16:28:22",
    "calendarYear": "2019",
    "period": "Q1",
    "revenue": 9943000000,
    "costOfRevenue": 5595000000,
    "grossProfit": 4348000000,
    "grossProfitRatio": 0.4372925676,
    "researchAndDevelopmentExpenses": 0,
    "generalAndAdministrativeExpenses": 0,
    "sellingAndMarketingExpenses": 0,
    "sellingGeneralAndAdministrativeExpenses": 3063000000,
    "otherExpenses": 0,
    "operatingExpenses": 3063000000,
    "costAndExpenses": 8658000000,
    "interestIncome": 20000000,
    "interestExpense": 29000000,
    "depreciationAndAmortization": 178000000,
    "ebitda": 1477000000,
    "ebitdaratio": 0.1485467163,
    "operatingIncome": 1285000000,
    "operatingIncomeRatio": 0.1292366489,
    "totalOtherIncomeExpensesNet": -15000000,
    "incomeBeforeTax": 1270000000,
    "incomeBeforeTaxRatio": 0.1277280499,
    "incomeTaxExpense": 178000000,
    "netIncome": 1092000000,
    "netIncomeRatio": 0.1098260082,
    "eps": 0.69,
    "epsdiluted": 0.67,
    "weightedAverageShsOut": 1594000000,
    "weightedAverageShsOutDil": 1634400000,
    "link": "https://www.sec.gov/Archives/edgar/data/320187/000032018718000213/0000320187-18-000213-index.htm",
    "finalLink": "https://www.sec.gov/Archives/edgar/data/320187/000032018718000213/nke-08312018x10q.htm"
  },
  {
    "date": "2018-05-31",
    "symbol": "NKE",
    "reportedCurrency": "USD",
    "cik": "0000320187",
    "fillingDate": "2018-07-25",
    "acceptedDate": "2018-07-24 18:22:39",
    "calendarYear": "2018",
    "period": "Q4",
    "revenue": 9779000000,
    "costOfRevenue": 5338000000,
    "grossProfit": 4441000000,
    "grossProfitRatio": 0.4541364148,
    "researchAndDevelopmentExpenses": 0,
    "generalAndAdministrativeExpenses": 0,
    "sellingAndMarketingExpenses": 0,
    "sellingGeneralAndAdministrativeExpenses": 3121000000,
    "otherExpenses": 0,
    "operatingExpenses": 3121000000,
    "costAndExpenses": 8459000000,
    "interestIncome": 34000000,
    "interestExpense": 44000000,
    "depreciationAndAmortization": 196000000,
    "ebitda": 1455000000,
    "ebitdaratio": 0.1487882197,
    "operatingIncome": 1320000000,
    "operatingIncomeRatio": 0.1349831271,
    "totalOtherIncomeExpensesNet": -105000000,
    "incomeBeforeTax": 1215000000,
    "incomeBeforeTaxRatio": 0.1242458329,
    "incomeTaxExpense": 78000000,
    "netIncome": 1137000000,
    "netIncomeRatio": 0.1162695572,
    "eps": 0.71,
    "epsdiluted": 0.69,
    "weightedAverageShsOut": 1605700000,
    "weightedAverageShsOutDil": 1641200000,
    "link": "https://www.sec.gov/Archives/edgar/data/320187/000032018718000142/0000320187-18-000142-index.htm",
    "finalLink": "https://www.sec.gov/Archives/edgar/data/320187/000032018718000142/nke-5312018x10k.htm"
  },
  {
    "date": "2018-02-28",
    "symbol": "NKE",
    "reportedCurrency": "USD",
    "cik": "0000320187",
    "fillingDate": "2018-04-05",
    "acceptedDate": "2018-04-05 16:10:22",
    "calendarYear": "2018",
    "period": "Q3",
    "revenue": 8975000000,
    "costOfRevenue": 5005000000,
    "grossProfit": 3970000000,
    "grossProfitRatio": 0.4423398329,
    "researchAndDevelopmentExpenses": 0,
    "generalAndAdministrativeExpenses": 0,
    "sellingAndMarketingExpenses": 0,
    "sellingGeneralAndAdministrativeExpenses": 2767000000,
    "otherExpenses": 0,
    "operatingExpenses": 2767000000,
    "costAndExpenses": 7772000000,
    "interestIncome": 12000000,
    "interestExpense": 24000000,
    "depreciationAndAmortization": 185000000,
    "ebitda": 1368000000,
    "ebitdaratio": 0.1524233983,
    "operatingIncome": 1203000000,
    "operatingIncomeRatio": 0.1340389972,
    "totalOtherIncomeExpensesNet": -44000000,
    "incomeBeforeTax": 1159000000,
    "incomeBeforeTaxRatio": 0.1291364903,
    "incomeTaxExpense": 2080000000,
    "netIncome": -921000000,
    "netIncomeRatio": -0.1026183844,
    "eps": -0.57,
    "epsdiluted": -0.57,
    "weightedAverageShsOut": 1615789473,
    "weightedAverageShsOutDil": 1623500000,
    "link": "https://www.sec.gov/Archives/edgar/data/320187/000032018718000041/0000320187-18-000041-index.htm",
    "finalLink": "https://www.sec.gov/Archives/edgar/data/320187/000032018718000041/nke-02282018x10q.htm"
  },
  {
    "date": "2017-11-30",
    "symbol": "NKE",
    "reportedCurrency": "USD",
    "cik": "0000320187",
    "fillingDate": "2018-01-05",
    "acceptedDate": "2018-01-05 16:11:45",
    "calendarYear": "2018",
    "period": "Q2",
    "revenue": 8541000000,
    "costOfRevenue": 4897000000,
    "grossProfit": 3644000000,
    "grossProfitRatio": 0.4266479335,
    "researchAndDevelopmentExpenses": 0,
    "generalAndAdministrativeExpenses": 0,
    "sellingAndMarketingExpenses": 0,
    "sellingGeneralAndAdministrativeExpenses": 2768000000,
    "otherExpenses": 0,
    "operatingExpenses": 2768000000,
    "costAndExpenses": 7665000000,
    "interestIncome": 13000000,
    "interestExpense": 24000000,
    "depreciationAndAmortization": 187000000,
    "ebitda": 1090000000,
    "ebitdaratio": 0.1276197167,
    "operatingIncome": 876000000,
    "operatingIncomeRatio": 0.1025641026,
    "totalOtherIncomeExpensesNet": 3000000,
    "incomeBeforeTax": 879000000,
    "incomeBeforeTaxRatio": 0.1029153495,
    "incomeTaxExpense": 112000000,
    "netIncome": 767000000,
    "netIncomeRatio": 0.0898021309,
    "eps": 0.47,
    "epsdiluted": 0.46,
    "weightedAverageShsOut": 1627000000,
    "weightedAverageShsOutDil": 1660900000,
    "link": "https://www.sec.gov/Archives/edgar/data/320187/000032018718000007/0000320187-18-000007-index.htm",
    "finalLink": "https://www.sec.gov/Archives/edgar/data/320187/000032018718000007/nke-11302017x10q.htm"
  },
  {
    "date": "2017-08-31",
    "symbol": "NKE",
    "reportedCurrency": "USD",
    "cik": "0000320187",
    "fillingDate": "2017-10-06",
    "acceptedDate": "2017-10-06 16:17:00",
    "calendarYear": "2018",
    "period": "Q1",
    "revenue": 9068000000,
    "costOfRevenue": 5063000000,
    "grossProfit": 4005000000,
    "grossProfitRatio": 0.4416629907,
    "researchAndDevelopmentExpenses": 0,
    "generalAndAdministrativeExpenses": 0,
    "sellingAndMarketingExpenses": 0,
    "sellingGeneralAndAdministrativeExpenses": 2856000000,
    "otherExpenses": 0,
    "operatingExpenses": 2856000000,
    "costAndExpenses": 7919000000,
    "interestIncome": 11000000,
    "interestExpense": 25000000,
    "depreciationAndAmortization": 179000000,
    "ebitda": 1276000000,
    "ebitdaratio": 0.1407146008,
    "operatingIncome": 1149000000,
    "operatingIncomeRatio": 0.1267093075,
    "totalOtherIncomeExpensesNet": -77000000,
    "incomeBeforeTax": 1072000000,
    "incomeBeforeTaxRatio": 0.1182179091,
    "incomeTaxExpense": 122000000,
    "netIncome": 950000000,
    "netIncomeRatio": 0.1047640053,
    "eps": 0.58,
    "epsdiluted": 0.57,
    "weightedAverageShsOut": 1639100000,
    "weightedAverageShsOutDil": 1676900000,
    "link": "https://www.sec.gov/Archives/edgar/data/320187/000032018717000184/0000320187-17-000184-index.htm",
    "finalLink": "https://www.sec.gov/Archives/edgar/data/320187/000032018717000184/nke-08312017x10q.htm"
  },
  {
    "date": "2017-05-31",
    "symbol": "NKE",
    "reportedCurrency": "USD",
    "cik": "0000320187",
    "fillingDate": "2017-07-20",
    "acceptedDate": "2017-07-20 16:18:16",
    "calendarYear": "2017",
    "period": "Q4",
    "revenue": 8677000000,
    "costOfRevenue": 4933000000,
    "grossProfit": 3744000000,
    "grossProfitRatio": 0.4314855365,
    "researchAndDevelopmentExpenses": 0,
    "generalAndAdministrativeExpenses": 0,
    "sellingAndMarketingExpenses": 0,
    "sellingGeneralAndAdministrativeExpenses": 2665000000,
    "otherExpenses": 0,
    "operatingExpenses": 2665000000,
    "costAndExpenses": 7598000000,
    "interestIncome": 10000000,
    "interestExpense": 26000000,
    "depreciationAndAmortization": 185000000,
    "ebitda": 1379000000,
    "ebitdaratio": 0.158925896,
    "operatingIncome": 1079000000,
    "operatingIncomeRatio": 0.1243517345,
    "totalOtherIncomeExpensesNet": 89000000,
    "incomeBeforeTax": 1168000000,
    "incomeBeforeTaxRatio": 0.1346087357,
    "incomeTaxExpense": 160000000,
    "netIncome": 1008000000,
    "netIncomeRatio": 0.1161691829,
    "eps": 0.61,
    "epsdiluted": 0.6,
    "weightedAverageShsOut": 1646900000,
    "weightedAverageShsOutDil": 1678600000,
    "link": "https://www.sec.gov/Archives/edgar/data/320187/000032018717000090/0000320187-17-000090-index.htm",
    "finalLink": "https://www.sec.gov/Archives/edgar/data/320187/000032018717000090/nke-5312017x10k.htm"
  },
  {
    "date": "2017-02-28",
    "symbol": "NKE",
    "reportedCurrency": "USD",
    "cik": "0000320187",
    "fillingDate": "2017-04-04",
    "acceptedDate": "2017-04-04 16:20:26",
    "calendarYear": "2017",
    "period": "Q3",
    "revenue": 8408000000,
    "costOfRevenue": 4769000000,
    "grossProfit": 3639000000,
    "grossProfitRatio": 0.4328020932,
    "researchAndDevelopmentExpenses": 0,
    "generalAndAdministrativeExpenses": 0,
    "sellingAndMarketingExpenses": 0,
    "sellingGeneralAndAdministrativeExpenses": 2496000000,
    "otherExpenses": 0,
    "operatingExpenses": 2496000000,
    "costAndExpenses": 7265000000,
    "interestIncome": 8000000,
    "interestExpense": 25000000,
    "depreciationAndAmortization": 175000000,
    "ebitda": 1523000000,
    "ebitdaratio": 0.1811370124,
    "operatingIncome": 1143000000,
    "operatingIncomeRatio": 0.13594196,
    "totalOtherIncomeExpensesNet": 180000000,
    "incomeBeforeTax": 1323000000,
    "incomeBeforeTaxRatio": 0.1573501427,
    "incomeTaxExpense": 182000000,
    "netIncome": 1141000000,
    "netIncomeRatio": 0.1357040913,
    "eps": 0.69,
    "epsdiluted": 0.68,
    "weightedAverageShsOut": 1653100000,
    "weightedAverageShsOutDil": 1686300000,
    "link": "https://www.sec.gov/Archives/edgar/data/320187/000032018717000031/0000320187-17-000031-index.htm",
    "finalLink": "https://www.sec.gov/Archives/edgar/data/320187/000032018717000031/nke-02282017x10q.htm"
  },
  {
    "date": "2016-11-30",
    "symbol": "NKE",
    "reportedCurrency": "USD",
    "cik": "0000320187",
    "fillingDate": "2017-01-05",
    "acceptedDate": "2017-01-05 16:21:57",
    "calendarYear": "2017",
    "period": "Q2",
    "revenue": 8141000000,
    "costOfRevenue": 4633000000,
    "grossProfit": 3508000000,
    "grossProfitRatio": 0.4309052942,
    "researchAndDevelopmentExpenses": 0,
    "generalAndAdministrativeExpenses": 0,
    "sellingAndMarketingExpenses": 0,
    "sellingGeneralAndAdministrativeExpenses": 2505000000,
    "otherExpenses": 0,
    "operatingExpenses": 2505000000,
    "costAndExpenses": 7138000000,
    "interestIncome": 5000000,
    "interestExpense": 20000000,
    "depreciationAndAmortization": 173000000,
    "ebitda": 1307000000,
    "ebitdaratio": 0.1605453875,
    "operatingIncome": 1003000000,
    "operatingIncomeRatio": 0.1232035376,
    "totalOtherIncomeExpensesNet": 111000000,
    "incomeBeforeTax": 1114000000,
    "incomeBeforeTaxRatio": 0.1368382263,
    "incomeTaxExpense": 272000000,
    "netIncome": 842000000,
    "netIncomeRatio": 0.1034270974,
    "eps": 0.51,
    "epsdiluted": 0.5,
    "weightedAverageShsOut": 1659100000,
    "weightedAverageShsOutDil": 1693200000,
    "link": "https://www.sec.gov/Archives/edgar/data/320187/000032018717000003/0000320187-17-000003-index.htm",
    "finalLink": "https://www.sec.gov/Archives/edgar/data/320187/000032018717000003/nke-11302016x10q.htm"
  },
  {
    "date": "2016-08-31",
    "symbol": "NKE",
    "reportedCurrency": "USD",
    "cik": "0000320187",
    "fillingDate": "2016-10-11",
    "acceptedDate": "2016-10-11 08:46:57",
    "calendarYear": "2017",
    "period": "Q1",
    "revenue": 9028000000,
    "costOfRevenue": 5042000000,
    "grossProfit": 3986000000,
    "grossProfitRatio": 0.4415152858,
    "researchAndDevelopmentExpenses": 0,
    "generalAndAdministrativeExpenses": 0,
    "sellingAndMarketingExpenses": 0,
    "sellingGeneralAndAdministrativeExpenses": 2897000000,
    "otherExpenses": 0,
    "operatingExpenses": 2897000000,
    "costAndExpenses": 7939000000,
    "interestIncome": 4000000,
    "interestExpense": 11000000,
    "depreciationAndAmortization": 173000000,
    "ebitda": 1465000000,
    "ebitdaratio": 0.1622729287,
    "operatingIncome": 1089000000,
    "operatingIncomeRatio": 0.1206247231,
    "totalOtherIncomeExpensesNet": 192000000,
    "incomeBeforeTax": 1281000000,
    "incomeBeforeTaxRatio": 0.1418918919,
    "incomeTaxExpense": 32000000,
    "netIncome": 1249000000,
    "netIncomeRatio": 0.1383473638,
    "eps": 0.75,
    "epsdiluted": 0.73,
    "weightedAverageShsOut": 1672000000,
    "weightedAverageShsOutDil": 1708900000,
    "link": "https://www.sec.gov/Archives/edgar/data/320187/000032018716000381/0000320187-16-000381-index.htm",
    "finalLink": "https://www.sec.gov/Archives/edgar/data/320187/000032018716000381/nke-8312016x10q.htm"
  },
  {
    "date": "2016-05-31",
    "symbol": "NKE",
    "reportedCurrency": "USD",
    "cik": "0000320187",
    "fillingDate": "2016-07-21",
    "acceptedDate": "2016-07-21 16:11:03",
    "calendarYear": "2016",
    "period": "Q4",
    "revenue": 8244000000,
    "costOfRevenue": 4458000000,
    "grossProfit": 3786000000,
    "grossProfitRatio": 0.4592430859,
    "researchAndDevelopmentExpenses": 0,
    "generalAndAdministrativeExpenses": 1893000000,
    "sellingAndMarketingExpenses": 873000000,
    "sellingGeneralAndAdministrativeExpenses": 2766000000,
    "otherExpenses": 0,
    "operatingExpenses": 2766000000,
    "costAndExpenses": 7224000000,
    "interestIncome": 0,
    "interestExpense": 5000000,
    "depreciationAndAmortization": 163000000,
    "ebitda": 1183000000,
    "ebitdaratio": 0.1434983018,
    "operatingIncome": 1073000000,
    "operatingIncomeRatio": 0.1301552644,
    "totalOtherIncomeExpensesNet": 121000000,
    "incomeBeforeTax": 1073000000,
    "incomeBeforeTaxRatio": 0.1301552644,
    "incomeTaxExpense": 227000000,
    "netIncome": 846000000,
    "netIncomeRatio": 0.1026200873,
    "eps": 0.5,
    "epsdiluted": 0.49,
    "weightedAverageShsOut": 1682400000,
    "weightedAverageShsOutDil": 1723100000,
    "link": "https://www.sec.gov/Archives/edgar/data/320187/000032018716000336/0000320187-16-000336-index.htm",
    "finalLink": "https://www.sec.gov/Archives/edgar/data/320187/000032018716000336/nke-5312016x10k.htm"
  },
  {
    "date": "2016-02-29",
    "symbol": "NKE",
    "reportedCurrency": "USD",
    "cik": "0000320187",
    "fillingDate": "2016-04-05",
    "acceptedDate": "2016-04-05 16:14:43",
    "calendarYear": "2016",
    "period": "Q3",
    "revenue": 8032000000,
    "costOfRevenue": 4343000000,
    "grossProfit": 3689000000,
    "grossProfitRatio": 0.4592878486,
    "researchAndDevelopmentExpenses": 0,
    "generalAndAdministrativeExpenses": 1762000000,
    "sellingAndMarketingExpenses": 804000000,
    "sellingGeneralAndAdministrativeExpenses": 2566000000,
    "otherExpenses": 17000000,
    "operatingExpenses": 2566000000,
    "costAndExpenses": 6909000000,
    "interestIncome": 0,
    "interestExpense": 5000000,
    "depreciationAndAmortization": 177000000,
    "ebitda": 1300000000,
    "ebitdaratio": 0.1618525896,
    "operatingIncome": 1135000000,
    "operatingIncomeRatio": 0.141309761,
    "totalOtherIncomeExpensesNet": 12000000,
    "incomeBeforeTax": 1135000000,
    "incomeBeforeTaxRatio": 0.141309761,
    "incomeTaxExpense": 185000000,
    "netIncome": 950000000,
    "netIncomeRatio": 0.1182768924,
    "eps": 0.56,
    "epsdiluted": 0.55,
    "weightedAverageShsOut": 1693800000,
    "weightedAverageShsOutDil": 1737300000,
    "link": "https://www.sec.gov/Archives/edgar/data/320187/000032018716000264/0000320187-16-000264-index.htm",
    "finalLink": "https://www.sec.gov/Archives/edgar/data/320187/000032018716000264/nke-2292016x10q.htm"
  },
  {
    "date": "2015-11-30",
    "symbol": "NKE",
    "reportedCurrency": "USD",
    "cik": "0000320187",
    "fillingDate": "2016-01-06",
    "acceptedDate": "2016-01-06 17:17:58",
    "calendarYear": "2016",
    "period": "Q2",
    "revenue": 7686000000,
    "costOfRevenue": 4185000000,
    "grossProfit": 3501000000,
    "grossProfitRatio": 0.4555035129,
    "researchAndDevelopmentExpenses": 0,
    "generalAndAdministrativeExpenses": 1791000000,
    "sellingAndMarketingExpenses": 769000000,
    "sellingGeneralAndAdministrativeExpenses": 2560000000,
    "otherExpenses": 0,
    "operatingExpenses": 2560000000,
    "costAndExpenses": 6745000000,
    "interestIncome": 0,
    "interestExpense": 5000000,
    "depreciationAndAmortization": 157000000,
    "ebitda": 1098000000,
    "ebitdaratio": 0.1428571429,
    "operatingIncome": 970000000,
    "operatingIncomeRatio": 0.1262034869,
    "totalOtherIncomeExpensesNet": 29000000,
    "incomeBeforeTax": 970000000,
    "incomeBeforeTaxRatio": 0.1262034869,
    "incomeTaxExpense": 185000000,
    "netIncome": 785000000,
    "netIncomeRatio": 0.1021337497,
    "eps": 0.46,
    "epsdiluted": 0.45,
    "weightedAverageShsOut": 1706600000,
    "weightedAverageShsOutDil": 1751400000,
    "link": "https://www.sec.gov/Archives/edgar/data/320187/000032018716000242/0000320187-16-000242-index.htm",
    "finalLink": "https://www.sec.gov/Archives/edgar/data/320187/000032018716000242/nke-11302015x10q.htm"
  },
  {
    "date": "2015-08-31",
    "symbol": "NKE",
    "reportedCurrency": "USD",
    "cik": "0000320187",
    "fillingDate": "2015-10-06",
    "acceptedDate": "2015-10-06 16:27:58",
    "calendarYear": "2016",
    "period": "Q1",
    "revenue": 8414000000,
    "costOfRevenue": 4419000000,
    "grossProfit": 3995000000,
    "grossProfitRatio": 0.4748038983,
    "researchAndDevelopmentExpenses": 0,
    "generalAndAdministrativeExpenses": 1745000000,
    "sellingAndMarketingExpenses": 832000000,
    "sellingGeneralAndAdministrativeExpenses": 2577000000,
    "otherExpenses": 0,
    "operatingExpenses": 2577000000,
    "costAndExpenses": 6996000000,
    "interestIncome": 0,
    "interestExpense": 4000000,
    "depreciationAndAmortization": 165000000,
    "ebitda": 1583000000,
    "ebitdaratio": 0.1881388163,
    "operatingIncome": 1445000000,
    "operatingIncomeRatio": 0.1717375802,
    "totalOtherIncomeExpensesNet": 27000000,
    "incomeBeforeTax": 1445000000,
    "incomeBeforeTaxRatio": 0.1717375802,
    "incomeTaxExpense": 266000000,
    "netIncome": 1179000000,
    "netIncomeRatio": 0.1401236035,
    "eps": 0.69,
    "epsdiluted": 0.67,
    "weightedAverageShsOut": 1709000000,
    "weightedAverageShsOutDil": 1754600000,
    "link": "https://www.sec.gov/Archives/edgar/data/320187/000032018715000208/0000320187-15-000208-index.htm",
    "finalLink": "https://www.sec.gov/Archives/edgar/data/320187/000032018715000208/nke-8312015x10q.htm"
  },
  {
    "date": "2015-05-31",
    "symbol": "NKE",
    "reportedCurrency": "USD",
    "cik": "0000320187",
    "fillingDate": "2015-07-23",
    "acceptedDate": "2015-07-23 17:26:50",
    "calendarYear": "2015",
    "period": "Q4",
    "revenue": 7779000000,
    "costOfRevenue": 4186000000,
    "grossProfit": 3593000000,
    "grossProfitRatio": 0.461884561,
    "researchAndDevelopmentExpenses": 0,
    "generalAndAdministrativeExpenses": 1776000000,
    "sellingAndMarketingExpenses": 819000000,
    "sellingGeneralAndAdministrativeExpenses": 2595000000,
    "otherExpenses": 0,
    "operatingExpenses": 2595000000,
    "costAndExpenses": 6781000000,
    "interestIncome": 0,
    "interestExpense": 4000000,
    "depreciationAndAmortization": 168000000,
    "ebitda": 1166000000,
    "ebitdaratio": 0.1498907315,
    "operatingIncome": 1052000000,
    "operatingIncomeRatio": 0.1352358915,
    "totalOtherIncomeExpensesNet": 943000000,
    "incomeBeforeTax": 1052000000,
    "incomeBeforeTaxRatio": 0.1352358915,
    "incomeTaxExpense": 187000000,
    "netIncome": 865000000,
    "netIncomeRatio": 0.1111968119,
    "eps": 0.5,
    "epsdiluted": 0.49,
    "weightedAverageShsOut": 1715000000,
    "weightedAverageShsOutDil": 1759600000,
    "link": "https://www.sec.gov/Archives/edgar/data/320187/000032018715000113/0000320187-15-000113-index.htm",
    "finalLink": "https://www.sec.gov/Archives/edgar/data/320187/000032018715000113/nke-5312015x10k.htm"
  },
  {
    "date": "2015-02-28",
    "symbol": "NKE",
    "reportedCurrency": "USD",
    "cik": "0000320187",
    "fillingDate": "2015-04-07",
    "acceptedDate": "2015-04-07 16:33:16",
    "calendarYear": "2015",
    "period": "Q3",
    "revenue": 7460000000,
    "costOfRevenue": 4034000000,
    "grossProfit": 3426000000,
    "grossProfitRatio": 0.4592493298,
    "researchAndDevelopmentExpenses": 0,
    "generalAndAdministrativeExpenses": 1648000000,
    "sellingAndMarketingExpenses": 731000000,
    "sellingGeneralAndAdministrativeExpenses": 2379000000,
    "otherExpenses": 5000000,
    "operatingExpenses": 2379000000,
    "costAndExpenses": 6413000000,
    "interestIncome": 0,
    "interestExpense": 6000000,
    "depreciationAndAmortization": 165000000,
    "ebitda": 1212000000,
    "ebitdaratio": 0.1624664879,
    "operatingIncome": 1046000000,
    "operatingIncomeRatio": 0.1402144772,
    "totalOtherIncomeExpensesNet": -1000000,
    "incomeBeforeTax": 1046000000,
    "incomeBeforeTaxRatio": 0.1402144772,
    "incomeTaxExpense": 255000000,
    "netIncome": 791000000,
    "netIncomeRatio": 0.1060321716,
    "eps": 0.46,
    "epsdiluted": 0.45,
    "weightedAverageShsOut": 1722800000,
    "weightedAverageShsOutDil": 1767600000,
    "link": "https://www.sec.gov/Archives/edgar/data/320187/000032018715000044/0000320187-15-000044-index.htm",
    "finalLink": "https://www.sec.gov/Archives/edgar/data/320187/000032018715000044/nke-2282015x10q.htm"
  },
  {
    "date": "2014-11-30",
    "symbol": "NKE",
    "reportedCurrency": "USD",
    "cik": "0000320187",
    "fillingDate": "2015-01-07",
    "acceptedDate": "2015-01-07 16:56:03",
    "calendarYear": "2015",
    "period": "Q2",
    "revenue": 7380000000,
    "costOfRevenue": 4053000000,
    "grossProfit": 3327000000,
    "grossProfitRatio": 0.4508130081,
    "researchAndDevelopmentExpenses": 0,
    "generalAndAdministrativeExpenses": 1672000000,
    "sellingAndMarketingExpenses": 766000000,
    "sellingGeneralAndAdministrativeExpenses": 2438000000,
    "otherExpenses": -2000000,
    "operatingExpenses": 2438000000,
    "costAndExpenses": 6491000000,
    "interestIncome": 0,
    "interestExpense": 9000000,
    "depreciationAndAmortization": 161000000,
    "ebitda": 1050000000,
    "ebitdaratio": 0.1422764228,
    "operatingIncome": 889000000,
    "operatingIncomeRatio": 0.1204607046,
    "totalOtherIncomeExpensesNet": -11000000,
    "incomeBeforeTax": 878000000,
    "incomeBeforeTaxRatio": 0.1189701897,
    "incomeTaxExpense": 223000000,
    "netIncome": 655000000,
    "netIncomeRatio": 0.0887533875,
    "eps": 0.38,
    "epsdiluted": 0.37,
    "weightedAverageShsOut": 1726200000,
    "weightedAverageShsOutDil": 1769600000,
    "link": "https://www.sec.gov/Archives/edgar/data/320187/000032018715000003/0000320187-15-000003-index.htm",
    "finalLink": "https://www.sec.gov/Archives/edgar/data/320187/000032018715000003/nke-11302014x10q.htm"
  },
  {
    "date": "2014-08-31",
    "symbol": "NKE",
    "reportedCurrency": "USD",
    "cik": "0000320187",
    "fillingDate": "2014-10-07",
    "acceptedDate": "2014-10-07 16:58:23",
    "calendarYear": "2015",
    "period": "Q1",
    "revenue": 7982000000,
    "costOfRevenue": 4261000000,
    "grossProfit": 3721000000,
    "grossProfitRatio": 0.4661738913,
    "researchAndDevelopmentExpenses": 0,
    "generalAndAdministrativeExpenses": 1583000000,
    "sellingAndMarketingExpenses": 897000000,
    "sellingGeneralAndAdministrativeExpenses": 2480000000,
    "otherExpenses": -3000000,
    "operatingExpenses": 2480000000,
    "costAndExpenses": 6741000000,
    "interestIncome": 0,
    "interestExpense": 9000000,
    "depreciationAndAmortization": 155000000,
    "ebitda": 1396000000,
    "ebitdaratio": 0.1748935104,
    "operatingIncome": 1229000000,
    "operatingIncomeRatio": 0.1539714357,
    "totalOtherIncomeExpensesNet": -12000000,
    "incomeBeforeTax": 1229000000,
    "incomeBeforeTaxRatio": 0.1539714357,
    "incomeTaxExpense": 267000000,
    "netIncome": 962000000,
    "netIncomeRatio": 0.1205211726,
    "eps": 0.56,
    "epsdiluted": 0.54,
    "weightedAverageShsOut": 1729800000,
    "weightedAverageShsOutDil": 1772400000,
    "link": "https://www.sec.gov/Archives/edgar/data/320187/000032018714000158/0000320187-14-000158-index.htm",
    "finalLink": "https://www.sec.gov/Archives/edgar/data/320187/000032018714000158/nke-8312014x10q.htm"
  },
  {
    "date": "2014-05-31",
    "symbol": "NKE",
    "reportedCurrency": "USD",
    "cik": "0000320187",
    "fillingDate": "2014-07-25",
    "acceptedDate": "2014-07-25 16:22:20",
    "calendarYear": "2014",
    "period": "Q4",
    "revenue": 7425000000,
    "costOfRevenue": 4040000000,
    "grossProfit": 3385000000,
    "grossProfitRatio": 0.4558922559,
    "researchAndDevelopmentExpenses": 0,
    "generalAndAdministrativeExpenses": 1572000000,
    "sellingAndMarketingExpenses": 876000000,
    "sellingGeneralAndAdministrativeExpenses": 2448000000,
    "otherExpenses": -17000000,
    "operatingExpenses": 2448000000,
    "costAndExpenses": 6488000000,
    "interestIncome": 0,
    "interestExpense": 8000000,
    "depreciationAndAmortization": 152000000,
    "ebitda": 1081000000,
    "ebitdaratio": 0.1455892256,
    "operatingIncome": 904000000,
    "operatingIncomeRatio": 0.1217508418,
    "totalOtherIncomeExpensesNet": -25000000,
    "incomeBeforeTax": 912000000,
    "incomeBeforeTaxRatio": 0.1228282828,
    "incomeTaxExpense": 214000000,
    "netIncome": 698000000,
    "netIncomeRatio": 0.094006734,
    "eps": 0.4,
    "epsdiluted": 0.39,
    "weightedAverageShsOut": 1747400000,
    "weightedAverageShsOutDil": 1790400000,
    "link": "https://www.sec.gov/Archives/edgar/data/320187/000032018714000097/0000320187-14-000097-index.htm",
    "finalLink": "https://www.sec.gov/Archives/edgar/data/320187/000032018714000097/nke-5312014x10k.htm"
  },
  {
    "date": "2014-02-28",
    "symbol": "NKE",
    "reportedCurrency": "USD",
    "cik": "0000320187",
    "fillingDate": "2014-04-07",
    "acceptedDate": "2014-04-04 18:10:26",
    "calendarYear": "2014",
    "period": "Q3",
    "revenue": 6972000000,
    "costOfRevenue": 3869000000,
    "grossProfit": 3103000000,
    "grossProfitRatio": 0.4450659782,
    "researchAndDevelopmentExpenses": 0,
    "generalAndAdministrativeExpenses": 1433000000,
    "sellingAndMarketingExpenses": 733000000,
    "sellingGeneralAndAdministrativeExpenses": 2166000000,
    "otherExpenses": 0,
    "operatingExpenses": 2166000000,
    "costAndExpenses": 6035000000,
    "interestIncome": 0,
    "interestExpense": 9000000,
    "depreciationAndAmortization": 134000000,
    "ebitda": 1068000000,
    "ebitdaratio": 0.1531841652,
    "operatingIncome": 883000000,
    "operatingIncomeRatio": 0.126649455,
    "totalOtherIncomeExpensesNet": -54000000,
    "incomeBeforeTax": 883000000,
    "incomeBeforeTaxRatio": 0.126649455,
    "incomeTaxExpense": 198000000,
    "netIncome": 685000000,
    "netIncomeRatio": 0.0982501434,
    "eps": 0.39,
    "epsdiluted": 0.38,
    "weightedAverageShsOut": 1764600000,
    "weightedAverageShsOutDil": 1809600000,
    "link": "https://www.sec.gov/Archives/edgar/data/320187/000032018714000030/0000320187-14-000030-index.htm",
    "finalLink": "https://www.sec.gov/Archives/edgar/data/320187/000032018714000030/nke-2282014x10q.htm"
  },
  {
    "date": "2013-11-30",
    "symbol": "NKE",
    "reportedCurrency": "USD",
    "cik": "0000320187",
    "fillingDate": "2014-01-07",
    "acceptedDate": "2014-01-07 16:38:02",
    "calendarYear": "2014",
    "period": "Q2",
    "revenue": 6431000000,
    "costOfRevenue": 3605000000,
    "grossProfit": 2826000000,
    "grossProfitRatio": 0.4394339916,
    "researchAndDevelopmentExpenses": 0,
    "generalAndAdministrativeExpenses": 1397000000,
    "sellingAndMarketingExpenses": 691000000,
    "sellingGeneralAndAdministrativeExpenses": 2088000000,
    "otherExpenses": -13000000,
    "operatingExpenses": 2088000000,
    "costAndExpenses": 5693000000,
    "interestIncome": 0,
    "interestExpense": 8000000,
    "depreciationAndAmortization": 145000000,
    "ebitda": 880000000,
    "ebitdaratio": 0.1368371948,
    "operatingIncome": 717000000,
    "operatingIncomeRatio": 0.1114912144,
    "totalOtherIncomeExpensesNet": -21000000,
    "incomeBeforeTax": 717000000,
    "incomeBeforeTaxRatio": 0.1114912144,
    "incomeTaxExpense": 180000000,
    "netIncome": 537000000,
    "netIncomeRatio": 0.0835017882,
    "eps": 0.3,
    "epsdiluted": 0.29,
    "weightedAverageShsOut": 1776000000,
    "weightedAverageShsOutDil": 1821200000,
    "link": "https://www.sec.gov/Archives/edgar/data/320187/000032018714000003/0000320187-14-000003-index.htm",
    "finalLink": "https://www.sec.gov/Archives/edgar/data/320187/000032018714000003/nke-11302013x10q.htm"
  },
  {
    "date": "2013-08-31",
    "symbol": "NKE",
    "reportedCurrency": "USD",
    "cik": "0000320187",
    "fillingDate": "2013-10-07",
    "acceptedDate": "2013-10-07 17:12:00",
    "calendarYear": "2014",
    "period": "Q1",
    "revenue": 6971000000,
    "costOfRevenue": 3839000000,
    "grossProfit": 3132000000,
    "grossProfitRatio": 0.4492899154,
    "researchAndDevelopmentExpenses": 0,
    "generalAndAdministrativeExpenses": 1325000000,
    "sellingAndMarketingExpenses": 731000000,
    "sellingGeneralAndAdministrativeExpenses": 2056000000,
    "otherExpenses": 0,
    "operatingExpenses": 2056000000,
    "costAndExpenses": 5895000000,
    "interestIncome": 0,
    "interestExpense": 8000000,
    "depreciationAndAmortization": 152000000,
    "ebitda": 1226000000,
    "ebitdaratio": 0.1758714675,
    "operatingIncome": 1040000000,
    "operatingIncomeRatio": 0.1491894994,
    "totalOtherIncomeExpensesNet": -36000000,
    "incomeBeforeTax": 1040000000,
    "incomeBeforeTaxRatio": 0.1491894994,
    "incomeTaxExpense": 260000000,
    "netIncome": 780000000,
    "netIncomeRatio": 0.1118921245,
    "eps": 0.44,
    "epsdiluted": 0.43,
    "weightedAverageShsOut": 1778800000,
    "weightedAverageShsOutDil": 1821400000,
    "link": "https://www.sec.gov/Archives/edgar/data/320187/000032018713000183/0000320187-13-000183-index.htm",
    "finalLink": "https://www.sec.gov/Archives/edgar/data/320187/000032018713000183/nke-8312013x10q.htm"
  },
  {
    "date": "2013-05-31",
    "symbol": "NKE",
    "reportedCurrency": "USD",
    "cik": "0000320187",
    "fillingDate": "2013-07-23",
    "acceptedDate": "2013-07-23 16:32:32",
    "calendarYear": "2013",
    "period": "Q4",
    "revenue": 6697000000,
    "costOfRevenue": 3757000000,
    "grossProfit": 2940000000,
    "grossProfitRatio": 0.4390025385,
    "researchAndDevelopmentExpenses": 0,
    "generalAndAdministrativeExpenses": 1380000000,
    "sellingAndMarketingExpenses": 642000000,
    "sellingGeneralAndAdministrativeExpenses": 2022000000,
    "otherExpenses": -13000000,
    "operatingExpenses": 2022000000,
    "costAndExpenses": 5779000000,
    "interestIncome": 0,
    "interestExpense": 3000000,
    "depreciationAndAmortization": 154000000,
    "ebitda": 1072000000,
    "ebitdaratio": 0.1600716739,
    "operatingIncome": 874000000,
    "operatingIncomeRatio": 0.1305061968,
    "totalOtherIncomeExpensesNet": -16000000,
    "incomeBeforeTax": 902000000,
    "incomeBeforeTaxRatio": 0.1346871734,
    "incomeTaxExpense": 206000000,
    "netIncome": 668000000,
    "netIncomeRatio": 0.099746155,
    "eps": 0.37,
    "epsdiluted": 0.37,
    "weightedAverageShsOut": 1785200000,
    "weightedAverageShsOutDil": 1826800000,
    "link": "https://www.sec.gov/Archives/edgar/data/320187/000032018713000092/0000320187-13-000092-index.htm",
    "finalLink": "https://www.sec.gov/Archives/edgar/data/320187/000032018713000092/nke-5312013x10k.htm"
  },
  {
    "date": "2013-02-28",
    "symbol": "NKE",
    "reportedCurrency": "USD",
    "cik": "0000320187",
    "fillingDate": "2013-04-04",
    "acceptedDate": "2013-04-04 16:46:36",
    "calendarYear": "2013",
    "period": "Q3",
    "revenue": 6187000000,
    "costOfRevenue": 3451000000,
    "grossProfit": 2736000000,
    "grossProfitRatio": 0.4422175529,
    "researchAndDevelopmentExpenses": 0,
    "generalAndAdministrativeExpenses": 1244000000,
    "sellingAndMarketingExpenses": 619000000,
    "sellingGeneralAndAdministrativeExpenses": 1863000000,
    "otherExpenses": -17000000,
    "operatingExpenses": 1863000000,
    "costAndExpenses": 5314000000,
    "interestIncome": 0,
    "interestExpense": 0,
    "depreciationAndAmortization": 93000000,
    "ebitda": 966000000,
    "ebitdaratio": 0.156133829,
    "operatingIncome": 1062000000,
    "operatingIncomeRatio": 0.1716502344,
    "totalOtherIncomeExpensesNet": -15000000,
    "incomeBeforeTax": 858000000,
    "incomeBeforeTaxRatio": 0.138677873,
    "incomeTaxExpense": 196000000,
    "netIncome": 866000000,
    "netIncomeRatio": 0.1399709067,
    "eps": 0.48,
    "epsdiluted": 0.47,
    "weightedAverageShsOut": 1787800000,
    "weightedAverageShsOutDil": 1823400000,
    "link": "https://www.sec.gov/Archives/edgar/data/320187/000119312513142156/0001193125-13-142156-index.htm",
    "finalLink": "https://www.sec.gov/Archives/edgar/data/320187/000119312513142156/d481614d10q.htm"
  },
  {
    "date": "2012-11-30",
    "symbol": "NKE",
    "reportedCurrency": "USD",
    "cik": "0000320187",
    "fillingDate": "2013-01-09",
    "acceptedDate": "2013-01-09 16:16:23",
    "calendarYear": "2013",
    "period": "Q2",
    "revenue": 5955000000,
    "costOfRevenue": 3425000000,
    "grossProfit": 2530000000,
    "grossProfitRatio": 0.4248530647,
    "researchAndDevelopmentExpenses": 0,
    "generalAndAdministrativeExpenses": 1836000000,
    "sellingAndMarketingExpenses": 0,
    "sellingGeneralAndAdministrativeExpenses": 1836000000,
    "otherExpenses": 0,
    "operatingExpenses": 1836000000,
    "costAndExpenses": 5261000000,
    "interestIncome": 0,
    "interestExpense": 0,
    "depreciationAndAmortization": 129000000,
    "ebitda": 823000000,
    "ebitdaratio": 0.1382031906,
    "operatingIncome": 694000000,
    "operatingIncomeRatio": 0.1165407221,
    "totalOtherIncomeExpensesNet": 18000000,
    "incomeBeforeTax": 712000000,
    "incomeBeforeTaxRatio": 0.1195633921,
    "incomeTaxExpense": 191000000,
    "netIncome": 384000000,
    "netIncomeRatio": 0.0644836272,
    "eps": 0.21,
    "epsdiluted": 0.21,
    "weightedAverageShsOut": 1794000000,
    "weightedAverageShsOutDil": 1826400000,
    "link": "https://www.sec.gov/Archives/edgar/data/320187/000119312513008172/0001193125-13-008172-index.htm",
    "finalLink": "https://www.sec.gov/Archives/edgar/data/320187/000119312513008172/d433378d10q.htm"
  },
  {
    "date": "2012-08-31",
    "symbol": "NKE",
    "reportedCurrency": "USD",
    "cik": "0000320187",
    "fillingDate": "2012-10-09",
    "acceptedDate": "2012-10-09 16:16:09",
    "calendarYear": "2013",
    "period": "Q1",
    "revenue": 6669000000,
    "costOfRevenue": 3766000000,
    "grossProfit": 2903000000,
    "grossProfitRatio": 0.4352976458,
    "researchAndDevelopmentExpenses": 0,
    "generalAndAdministrativeExpenses": 2153000000,
    "sellingAndMarketingExpenses": 0,
    "sellingGeneralAndAdministrativeExpenses": 2153000000,
    "otherExpenses": 0,
    "operatingExpenses": 2153000000,
    "costAndExpenses": 5919000000,
    "interestIncome": 0,
    "interestExpense": 0,
    "depreciationAndAmortization": 137000000,
    "ebitda": 906000000,
    "ebitdaratio": 0.1358524516,
    "operatingIncome": 782000000,
    "operatingIncomeRatio": 0.1172589594,
    "totalOtherIncomeExpensesNet": 32000000,
    "incomeBeforeTax": 782000000,
    "incomeBeforeTaxRatio": 0.1172589594,
    "incomeTaxExpense": 215000000,
    "netIncome": 567000000,
    "netIncomeRatio": 0.0850202429,
    "eps": 0.31,
    "epsdiluted": 0.31,
    "weightedAverageShsOut": 1811200000,
    "weightedAverageShsOutDil": 1845600000,
    "link": "https://www.sec.gov/Archives/edgar/data/320187/000119312512418554/0001193125-12-418554-index.htm",
    "finalLink": "https://www.sec.gov/Archives/edgar/data/320187/000119312512418554/d400209d10q.htm"
  },
  {
    "date": "2012-05-31",
    "symbol": "NKE",
    "reportedCurrency": "USD",
    "cik": "0000320187",
    "fillingDate": "2012-07-24",
    "acceptedDate": "2012-07-24 16:16:23",
    "calendarYear": "2012",
    "period": "Q4",
    "revenue": 6470000000,
    "costOfRevenue": 3703000000,
    "grossProfit": 2767000000,
    "grossProfitRatio": 0.4276661515,
    "researchAndDevelopmentExpenses": 0,
    "generalAndAdministrativeExpenses": 1986000000,
    "sellingAndMarketingExpenses": 0,
    "sellingGeneralAndAdministrativeExpenses": 1986000000,
    "otherExpenses": 0,
    "operatingExpenses": 1986000000,
    "costAndExpenses": 5689000000,
    "interestIncome": 0,
    "interestExpense": 0,
    "depreciationAndAmortization": 85000000,
    "ebitda": 882000000,
    "ebitdaratio": 0.1363214838,
    "operatingIncome": 743000000,
    "operatingIncomeRatio": 0.1148377125,
    "totalOtherIncomeExpensesNet": -38000000,
    "incomeBeforeTax": 743000000,
    "incomeBeforeTaxRatio": 0.1148377125,
    "incomeTaxExpense": 194000000,
    "netIncome": 549000000,
    "netIncomeRatio": 0.0848531685,
    "eps": 0.3,
    "epsdiluted": 0.29,
    "weightedAverageShsOut": 1832400000,
    "weightedAverageShsOutDil": 1872400000,
    "link": "https://www.sec.gov/Archives/edgar/data/320187/000119312512312306/0001193125-12-312306-index.htm",
    "finalLink": "https://www.sec.gov/Archives/edgar/data/320187/000119312512312306/d341264d10k.htm"
  },
  {
    "date": "2012-02-29",
    "symbol": "NKE",
    "reportedCurrency": "USD",
    "cik": "0000320187",
    "fillingDate": "2012-04-06",
    "acceptedDate": "2012-04-06 16:23:59",
    "calendarYear": "2012",
    "period": "Q3",
    "revenue": 5846000000,
    "costOfRevenue": 3285000000,
    "grossProfit": 2561000000,
    "grossProfitRatio": 0.4380773178,
    "researchAndDevelopmentExpenses": 0,
    "generalAndAdministrativeExpenses": 1802000000,
    "sellingAndMarketingExpenses": 0,
    "sellingGeneralAndAdministrativeExpenses": 1802000000,
    "otherExpenses": 0,
    "operatingExpenses": 1802000000,
    "costAndExpenses": 5087000000,
    "interestIncome": 0,
    "interestExpense": 0,
    "depreciationAndAmortization": 122000000,
    "ebitda": 899000000,
    "ebitdaratio": 0.1537803626,
    "operatingIncome": 770000000,
    "operatingIncomeRatio": 0.1317139925,
    "totalOtherIncomeExpensesNet": 11000000,
    "incomeBeforeTax": 770000000,
    "incomeBeforeTaxRatio": 0.1317139925,
    "incomeTaxExpense": 210000000,
    "netIncome": 560000000,
    "netIncomeRatio": 0.0957919945,
    "eps": 0.31,
    "epsdiluted": 0.3,
    "weightedAverageShsOut": 1830000000,
    "weightedAverageShsOutDil": 1869200000,
    "link": "https://www.sec.gov/Archives/edgar/data/320187/000119312512153669/0001193125-12-153669-index.htm",
    "finalLink": "https://www.sec.gov/Archives/edgar/data/320187/000119312512153669/d299216d10q.htm"
  },
  {
    "date": "2011-11-30",
    "symbol": "NKE",
    "reportedCurrency": "USD",
    "cik": "0000320187",
    "fillingDate": "2012-01-05",
    "acceptedDate": "2012-01-05 16:49:23",
    "calendarYear": "2012",
    "period": "Q2",
    "revenue": 5731000000,
    "costOfRevenue": 3281000000,
    "grossProfit": 2450000000,
    "grossProfitRatio": 0.4274995638,
    "researchAndDevelopmentExpenses": 0,
    "generalAndAdministrativeExpenses": 1820000000,
    "sellingAndMarketingExpenses": 0,
    "sellingGeneralAndAdministrativeExpenses": 1820000000,
    "otherExpenses": 0,
    "operatingExpenses": 1820000000,
    "costAndExpenses": 5101000000,
    "interestIncome": 0,
    "interestExpense": 3000000,
    "depreciationAndAmortization": 87000000,
    "ebitda": 732000000,
    "ebitdaratio": 0.1277264003,
    "operatingIncome": 621000000,
    "operatingIncomeRatio": 0.1083580527,
    "totalOtherIncomeExpensesNet": -12000000,
    "incomeBeforeTax": 618000000,
    "incomeBeforeTaxRatio": 0.1078345838,
    "incomeTaxExpense": 149000000,
    "netIncome": 469000000,
    "netIncomeRatio": 0.0818356308,
    "eps": 0.26,
    "epsdiluted": 0.25,
    "weightedAverageShsOut": 1836800000,
    "weightedAverageShsOutDil": 1874000000,
    "link": "https://www.sec.gov/Archives/edgar/data/320187/000119312512003655/0001193125-12-003655-index.htm",
    "finalLink": "https://www.sec.gov/Archives/edgar/data/320187/000119312512003655/d259313d10q.htm"
  },
  {
    "date": "2011-08-31",
    "symbol": "NKE",
    "reportedCurrency": "USD",
    "cik": "0000320187",
    "fillingDate": "2011-10-06",
    "acceptedDate": "2011-10-06 16:01:53",
    "calendarYear": "2012",
    "period": "Q1",
    "revenue": 6081000000,
    "costOfRevenue": 3388000000,
    "grossProfit": 2693000000,
    "grossProfitRatio": 0.4428547936,
    "researchAndDevelopmentExpenses": 0,
    "generalAndAdministrativeExpenses": 1823000000,
    "sellingAndMarketingExpenses": 0,
    "sellingGeneralAndAdministrativeExpenses": 1823000000,
    "otherExpenses": 0,
    "operatingExpenses": 1823000000,
    "costAndExpenses": 5211000000,
    "interestIncome": 0,
    "interestExpense": 0,
    "depreciationAndAmortization": 111000000,
    "ebitda": 981000000,
    "ebitdaratio": 0.161322151,
    "operatingIncome": 852000000,
    "operatingIncomeRatio": 0.1401085348,
    "totalOtherIncomeExpensesNet": -18000000,
    "incomeBeforeTax": 852000000,
    "incomeBeforeTaxRatio": 0.1401085348,
    "incomeTaxExpense": 207000000,
    "netIncome": 645000000,
    "netIncomeRatio": 0.1060680809,
    "eps": 0.35,
    "epsdiluted": 0.34,
    "weightedAverageShsOut": 1860000000,
    "weightedAverageShsOutDil": 1897200000,
    "link": "https://www.sec.gov/Archives/edgar/data/320187/000119312511265731/0001193125-11-265731-index.htm",
    "finalLink": "https://www.sec.gov/Archives/edgar/data/320187/000119312511265731/d225418d10q.htm"
  },
  {
    "date": "2011-05-31",
    "symbol": "NKE",
    "reportedCurrency": "USD",
    "cik": "0000320187",
    "fillingDate": "2011-07-22",
    "acceptedDate": "2011-07-22 16:16:31",
    "calendarYear": "2011",
    "period": "Q4",
    "revenue": 5766000000,
    "costOfRevenue": 3212000000,
    "grossProfit": 2554000000,
    "grossProfitRatio": 0.4429413805,
    "researchAndDevelopmentExpenses": 0,
    "generalAndAdministrativeExpenses": 1772000000,
    "sellingAndMarketingExpenses": 0,
    "sellingGeneralAndAdministrativeExpenses": 1772000000,
    "otherExpenses": 0,
    "operatingExpenses": 1772000000,
    "costAndExpenses": 4984000000,
    "interestIncome": 0,
    "interestExpense": 4000000,
    "depreciationAndAmortization": 98000000,
    "ebitda": 913000000,
    "ebitdaratio": 0.1583420049,
    "operatingIncome": 782000000,
    "operatingIncomeRatio": 0.1356226153,
    "totalOtherIncomeExpensesNet": -9000000,
    "incomeBeforeTax": 773000000,
    "incomeBeforeTaxRatio": 0.1340617412,
    "incomeTaxExpense": 179000000,
    "netIncome": 594000000,
    "netIncomeRatio": 0.1030176899,
    "eps": 0.32,
    "epsdiluted": 0.32,
    "weightedAverageShsOut": 1860000000,
    "weightedAverageShsOutDil": 1860000000,
    "link": "https://www.sec.gov/Archives/edgar/data/320187/000119312511194791/0001193125-11-194791-index.htm",
    "finalLink": "https://www.sec.gov/Archives/edgar/data/320187/000119312511194791/d10k.htm"
  },
  {
    "date": "2011-02-28",
    "symbol": "NKE",
    "reportedCurrency": "USD",
    "cik": "0000320187",
    "fillingDate": "2011-04-06",
    "acceptedDate": "2011-04-06 16:43:42",
    "calendarYear": "2011",
    "period": "Q3",
    "revenue": 5079000000,
    "costOfRevenue": 2752000000,
    "grossProfit": 2327000000,
    "grossProfitRatio": 0.4581610553,
    "researchAndDevelopmentExpenses": 0,
    "generalAndAdministrativeExpenses": 1637000000,
    "sellingAndMarketingExpenses": 0,
    "sellingGeneralAndAdministrativeExpenses": 1637000000,
    "otherExpenses": 0,
    "operatingExpenses": 1637000000,
    "costAndExpenses": 4389000000,
    "interestIncome": 0,
    "interestExpense": 0,
    "depreciationAndAmortization": 85000000,
    "ebitda": 792000000,
    "ebitdaratio": 0.1559362079,
    "operatingIncome": 707000000,
    "operatingIncomeRatio": 0.13920063,
    "totalOtherIncomeExpensesNet": 0,
    "incomeBeforeTax": 707000000,
    "incomeBeforeTaxRatio": 0.13920063,
    "incomeTaxExpense": 184000000,
    "netIncome": 523000000,
    "netIncomeRatio": 0.1029730262,
    "eps": 0.28,
    "epsdiluted": 0.27,
    "weightedAverageShsOut": 1901200000,
    "weightedAverageShsOutDil": 1942000000,
    "link": "https://www.sec.gov/Archives/edgar/data/320187/000119312511090259/0001193125-11-090259-index.htm",
    "finalLink": "https://www.sec.gov/Archives/edgar/data/320187/000119312511090259/d10q.htm"
  },
  {
    "date": "2010-11-30",
    "symbol": "NKE",
    "reportedCurrency": "USD",
    "cik": "0000320187",
    "fillingDate": "2011-01-06",
    "acceptedDate": "2011-01-06 17:02:58",
    "calendarYear": "2011",
    "period": "Q2",
    "revenue": 4842000000,
    "costOfRevenue": 2649000000,
    "grossProfit": 2193000000,
    "grossProfitRatio": 0.4529120198,
    "researchAndDevelopmentExpenses": 0,
    "generalAndAdministrativeExpenses": 1611000000,
    "sellingAndMarketingExpenses": 0,
    "sellingGeneralAndAdministrativeExpenses": 1611000000,
    "otherExpenses": 0,
    "operatingExpenses": 1611000000,
    "costAndExpenses": 4260000000,
    "interestIncome": 0,
    "interestExpense": 1000000,
    "depreciationAndAmortization": 113000000,
    "ebitda": 723000000,
    "ebitdaratio": 0.1493184634,
    "operatingIncome": 610000000,
    "operatingIncomeRatio": 0.1259809996,
    "totalOtherIncomeExpensesNet": -1000000,
    "incomeBeforeTax": 609000000,
    "incomeBeforeTaxRatio": 0.1257744734,
    "incomeTaxExpense": 152000000,
    "netIncome": 457000000,
    "netIncomeRatio": 0.0943824866,
    "eps": 0.24,
    "epsdiluted": 0.23,
    "weightedAverageShsOut": 1911600000,
    "weightedAverageShsOutDil": 1950400000,
    "link": "https://www.sec.gov/Archives/edgar/data/320187/000119312511002957/0001193125-11-002957-index.htm",
    "finalLink": "https://www.sec.gov/Archives/edgar/data/320187/000119312511002957/d10q.htm"
  },
  {
    "date": "2010-08-31",
    "symbol": "NKE",
    "reportedCurrency": "USD",
    "cik": "0000320187",
    "fillingDate": "2010-10-06",
    "acceptedDate": "2010-10-06 16:05:05",
    "calendarYear": "2011",
    "period": "Q1",
    "revenue": 5175000000,
    "costOfRevenue": 2741000000,
    "grossProfit": 2434000000,
    "grossProfitRatio": 0.4703381643,
    "researchAndDevelopmentExpenses": 0,
    "generalAndAdministrativeExpenses": 1673000000,
    "sellingAndMarketingExpenses": 0,
    "sellingGeneralAndAdministrativeExpenses": 1673000000,
    "otherExpenses": 0,
    "operatingExpenses": 1673000000,
    "costAndExpenses": 4414000000,
    "interestIncome": 0,
    "interestExpense": 0,
    "depreciationAndAmortization": 62000000,
    "ebitda": 823000000,
    "ebitdaratio": 0.1590338164,
    "operatingIncome": 755000000,
    "operatingIncomeRatio": 0.1458937198,
    "totalOtherIncomeExpensesNet": -6000000,
    "incomeBeforeTax": 755000000,
    "incomeBeforeTaxRatio": 0.1458937198,
    "incomeTaxExpense": 196000000,
    "netIncome": 559000000,
    "netIncomeRatio": 0.1080193237,
    "eps": 0.29,
    "epsdiluted": 0.29,
    "weightedAverageShsOut": 1918400000,
    "weightedAverageShsOutDil": 1954400000,
    "link": "https://www.sec.gov/Archives/edgar/data/320187/000119312510224858/0001193125-10-224858-index.htm",
    "finalLink": "https://www.sec.gov/Archives/edgar/data/320187/000119312510224858/d10q.htm"
  },
  {
    "date": "2010-05-31",
    "symbol": "NKE",
    "reportedCurrency": "USD",
    "cik": "0000320187",
    "fillingDate": "2010-07-20",
    "acceptedDate": "2010-07-20 17:18:30",
    "calendarYear": "2010",
    "period": "Q4",
    "revenue": 5076900000,
    "costOfRevenue": 2670700000,
    "grossProfit": 2406200000,
    "grossProfitRatio": 0.4739506392,
    "researchAndDevelopmentExpenses": 0,
    "generalAndAdministrativeExpenses": 1737900000,
    "sellingAndMarketingExpenses": 0,
    "sellingGeneralAndAdministrativeExpenses": 1737900000,
    "otherExpenses": 0,
    "operatingExpenses": 1737900000,
    "costAndExpenses": 4408600000,
    "interestIncome": 0,
    "interestExpense": 8300000,
    "depreciationAndAmortization": 133200000,
    "ebitda": 801500000,
    "ebitdaratio": 0.1578719297,
    "operatingIncome": 682800000,
    "operatingIncomeRatio": 0.1344915204,
    "totalOtherIncomeExpensesNet": 42900000,
    "incomeBeforeTax": 682800000,
    "incomeBeforeTaxRatio": 0.1344915204,
    "incomeTaxExpense": 160900000,
    "netIncome": 521900000,
    "netIncomeRatio": 0.1027989521,
    "eps": 0.27,
    "epsdiluted": 0.27,
    "weightedAverageShsOut": 1918400000,
    "weightedAverageShsOutDil": 1918400000,
    "link": "https://www.sec.gov/Archives/edgar/data/320187/000119312510161874/0001193125-10-161874-index.htm",
    "finalLink": "https://www.sec.gov/Archives/edgar/data/320187/000119312510161874/d10k.htm"
  },
  {
    "date": "2010-02-28",
    "symbol": "NKE",
    "reportedCurrency": "USD",
    "cik": "0000320187",
    "fillingDate": "2010-04-07",
    "acceptedDate": "2010-04-07 17:10:32",
    "calendarYear": "2010",
    "period": "Q3",
    "revenue": 4733000000,
    "costOfRevenue": 2515000000,
    "grossProfit": 2218000000,
    "grossProfitRatio": 0.468624551,
    "researchAndDevelopmentExpenses": 0,
    "generalAndAdministrativeExpenses": 1563800000,
    "sellingAndMarketingExpenses": 0,
    "sellingGeneralAndAdministrativeExpenses": 1563800000,
    "otherExpenses": 0,
    "operatingExpenses": 1563800000,
    "costAndExpenses": 4078800000,
    "interestIncome": -100000,
    "interestExpense": 900000,
    "depreciationAndAmortization": 87000000,
    "ebitda": 742000000,
    "ebitdaratio": 0.1567716036,
    "operatingIncome": 661900000,
    "operatingIncomeRatio": 0.1398478766,
    "totalOtherIncomeExpensesNet": 7700000,
    "incomeBeforeTax": 661900000,
    "incomeBeforeTaxRatio": 0.1398478766,
    "incomeTaxExpense": 165500000,
    "netIncome": 496400000,
    "netIncomeRatio": 0.1048806254,
    "eps": 0.26,
    "epsdiluted": 0.25,
    "weightedAverageShsOut": 1937600000,
    "weightedAverageShsOutDil": 1969200000,
    "link": "https://www.sec.gov/Archives/edgar/data/320187/000119312510078534/0001193125-10-078534-index.htm",
    "finalLink": "https://www.sec.gov/Archives/edgar/data/320187/000119312510078534/d10q.htm"
  },
  {
    "date": "2009-11-30",
    "symbol": "NKE",
    "reportedCurrency": "USD",
    "cik": "0000320187",
    "fillingDate": "2010-01-06",
    "acceptedDate": "2010-01-06 17:17:10",
    "calendarYear": "2010",
    "period": "Q2",
    "revenue": 4405600000,
    "costOfRevenue": 2444900000,
    "grossProfit": 1960700000,
    "grossProfitRatio": 0.4450472126,
    "researchAndDevelopmentExpenses": 0,
    "generalAndAdministrativeExpenses": 1478600000,
    "sellingAndMarketingExpenses": 0,
    "sellingGeneralAndAdministrativeExpenses": 1478600000,
    "otherExpenses": 0,
    "operatingExpenses": 1478600000,
    "costAndExpenses": 3923500000,
    "interestIncome": 0,
    "interestExpense": 2000000,
    "depreciationAndAmortization": 94000000,
    "ebitda": 587000000,
    "ebitdaratio": 0.1332395133,
    "operatingIncome": 491000000,
    "operatingIncomeRatio": 0.1114490648,
    "totalOtherIncomeExpensesNet": 10000000,
    "incomeBeforeTax": 491000000,
    "incomeBeforeTaxRatio": 0.1114490648,
    "incomeTaxExpense": 115600000,
    "netIncome": 375400000,
    "netIncomeRatio": 0.0852097331,
    "eps": 0.19,
    "epsdiluted": 0.19,
    "weightedAverageShsOut": 1948800000,
    "weightedAverageShsOutDil": 1978000000,
    "link": "https://www.sec.gov/Archives/edgar/data/320187/000119312510002092/0001193125-10-002092-index.htm",
    "finalLink": "https://www.sec.gov/Archives/edgar/data/320187/000119312510002092/d10q.htm"
  },
  {
    "date": "2009-08-31",
    "symbol": "NKE",
    "reportedCurrency": "USD",
    "cik": "0000320187",
    "fillingDate": "2009-10-08",
    "acceptedDate": "2009-10-08 17:06:59",
    "calendarYear": "2010",
    "period": "Q1",
    "revenue": 4798500000,
    "costOfRevenue": 2583000000,
    "grossProfit": 2215500000,
    "grossProfitRatio": 0.4617067834,
    "researchAndDevelopmentExpenses": 0,
    "generalAndAdministrativeExpenses": 1546100000,
    "sellingAndMarketingExpenses": 0,
    "sellingGeneralAndAdministrativeExpenses": 1546100000,
    "otherExpenses": 0,
    "operatingExpenses": 1546100000,
    "costAndExpenses": 4129100000,
    "interestIncome": 0,
    "interestExpense": 0,
    "depreciationAndAmortization": 81000000,
    "ebitda": 751000000,
    "ebitdaratio": 0.1565072418,
    "operatingIncome": 681200000,
    "operatingIncomeRatio": 0.1419610295,
    "totalOtherIncomeExpensesNet": 11800000,
    "incomeBeforeTax": 681200000,
    "incomeBeforeTaxRatio": 0.1419610295,
    "incomeTaxExpense": 168200000,
    "netIncome": 513000000,
    "netIncomeRatio": 0.1069084089,
    "eps": 0.26,
    "epsdiluted": 0.26,
    "weightedAverageShsOut": 1943200000,
    "weightedAverageShsOutDil": 1966400000,
    "link": "https://www.sec.gov/Archives/edgar/data/320187/000119312509205690/0001193125-09-205690-index.htm",
    "finalLink": "https://www.sec.gov/Archives/edgar/data/320187/000119312509205690/d10q.htm"
  },
  {
    "date": "2009-05-31",
    "symbol": "NKE",
    "reportedCurrency": "USD",
    "cik": "0000320187",
    "fillingDate": "2009-07-27",
    "acceptedDate": "2009-07-27 17:27:24",
    "calendarYear": "2009",
    "period": "Q4",
    "revenue": 4713000000,
    "costOfRevenue": 2669200000,
    "grossProfit": 2043800000,
    "grossProfitRatio": 0.433651602,
    "researchAndDevelopmentExpenses": 0,
    "generalAndAdministrativeExpenses": 0,
    "sellingAndMarketingExpenses": 0,
    "sellingGeneralAndAdministrativeExpenses": 1394300000,
    "otherExpenses": 0,
    "operatingExpenses": 1394300000,
    "costAndExpenses": 4063500000,
    "interestIncome": 0,
    "interestExpense": 0,
    "depreciationAndAmortization": 128500000,
    "ebitda": 778000000,
    "ebitdaratio": 0.1650753236,
    "operatingIncome": 649500000,
    "operatingIncomeRatio": 0.1378103119,
    "totalOtherIncomeExpensesNet": -163200000,
    "incomeBeforeTax": 486300000,
    "incomeBeforeTaxRatio": 0.1031826862,
    "incomeTaxExpense": 144900000,
    "netIncome": 341400000,
    "netIncomeRatio": 0.0724379376,
    "eps": 0.18,
    "epsdiluted": 0.18,
    "weightedAverageShsOut": 1936000000,
    "weightedAverageShsOutDil": 1936000000,
    "link": "https://www.sec.gov/Archives/edgar/data/320187/000119312509155951/0001193125-09-155951-index.htm",
    "finalLink": "https://www.sec.gov/Archives/edgar/data/320187/000119312509155951/d10k.htm"
  },
  {
    "date": "2009-02-28",
    "symbol": "NKE",
    "reportedCurrency": "USD",
    "cik": "0000320187",
    "fillingDate": "2009-04-09",
    "acceptedDate": "2009-04-08 20:38:09",
    "calendarYear": "2009",
    "period": "Q3",
    "revenue": 4440800000,
    "costOfRevenue": 2492300000,
    "grossProfit": 1948500000,
    "grossProfitRatio": 0.4387722933,
    "researchAndDevelopmentExpenses": 0,
    "generalAndAdministrativeExpenses": 0,
    "sellingAndMarketingExpenses": 0,
    "sellingGeneralAndAdministrativeExpenses": 1352100000,
    "otherExpenses": 0,
    "operatingExpenses": 1352100000,
    "costAndExpenses": 3844400000,
    "interestIncome": 0,
    "interestExpense": 3000000,
    "depreciationAndAmortization": 79900000,
    "ebitda": 676300000,
    "ebitdaratio": 0.1522923798,
    "operatingIncome": 235400000,
    "operatingIncomeRatio": 0.0530084669,
    "totalOtherIncomeExpensesNet": -361000000,
    "incomeBeforeTax": 235400000,
    "incomeBeforeTaxRatio": 0.0530084669,
    "incomeTaxExpense": -8400000,
    "netIncome": 243800000,
    "netIncomeRatio": 0.054900018,
    "eps": 0.13,
    "epsdiluted": 0.12,
    "weightedAverageShsOut": 1936000000,
    "weightedAverageShsOutDil": 1952400000,
    "link": "https://www.sec.gov/Archives/edgar/data/320187/000119312509075826/0001193125-09-075826-index.htm",
    "finalLink": "https://www.sec.gov/Archives/edgar/data/320187/000119312509075826/d10q.htm"
  },
  {
    "date": "2008-11-30",
    "symbol": "NKE",
    "reportedCurrency": "USD",
    "cik": "0000320187",
    "fillingDate": "2009-01-07",
    "acceptedDate": "2009-01-07 17:15:02",
    "calendarYear": "2009",
    "period": "Q2",
    "revenue": 4590100000,
    "costOfRevenue": 2540100000,
    "grossProfit": 2050000000,
    "grossProfitRatio": 0.4466133635,
    "researchAndDevelopmentExpenses": 0,
    "generalAndAdministrativeExpenses": 0,
    "sellingAndMarketingExpenses": 0,
    "sellingGeneralAndAdministrativeExpenses": 1546800000,
    "otherExpenses": 0,
    "operatingExpenses": 1546800000,
    "costAndExpenses": 4086900000,
    "interestIncome": 0,
    "interestExpense": 0,
    "depreciationAndAmortization": 89600000,
    "ebitda": 592800000,
    "ebitdaratio": 0.1291475131,
    "operatingIncome": 520600000,
    "operatingIncomeRatio": 0.1134180083,
    "totalOtherIncomeExpensesNet": 17400000,
    "incomeBeforeTax": 520600000,
    "incomeBeforeTaxRatio": 0.1134180083,
    "incomeTaxExpense": 129600000,
    "netIncome": 391000000,
    "netIncomeRatio": 0.0851833293,
    "eps": 0.2,
    "epsdiluted": 0.2,
    "weightedAverageShsOut": 1934800000,
    "weightedAverageShsOutDil": 1959200000,
    "link": "https://www.sec.gov/Archives/edgar/data/320187/000032018709000006/0000320187-09-000006-index.htm",
    "finalLink": "https://www.sec.gov/Archives/edgar/data/320187/000032018709000006/f10q090107.htm"
  },
  {
    "date": "2008-09-30",
    "symbol": "NKE",
    "reportedCurrency": "USD",
    "cik": "0000320187",
    "fillingDate": "2008-10-06",
    "acceptedDate": "2008-10-03 17:41:19",
    "calendarYear": "2009",
    "period": "Q1",
    "revenue": 5432200000,
    "costOfRevenue": 2870100000,
    "grossProfit": 2562100000,
    "grossProfitRatio": 0.4716505283,
    "researchAndDevelopmentExpenses": 0,
    "generalAndAdministrativeExpenses": 0,
    "sellingAndMarketingExpenses": 0,
    "sellingGeneralAndAdministrativeExpenses": 1856400000,
    "otherExpenses": 0,
    "operatingExpenses": 1856400000,
    "costAndExpenses": 4726500000,
    "interestIncome": 0,
    "interestExpense": 0,
    "depreciationAndAmortization": 85300000,
    "ebitda": 791000000,
    "ebitdaratio": 0.1456131954,
    "operatingIncome": 714200000,
    "operatingIncomeRatio": 0.1314752771,
    "totalOtherIncomeExpensesNet": 8500000,
    "incomeBeforeTax": 714200000,
    "incomeBeforeTaxRatio": 0.1314752771,
    "incomeTaxExpense": 203700000,
    "netIncome": 510500000,
    "netIncomeRatio": 0.0939766577,
    "eps": 0.26,
    "epsdiluted": 0.26,
    "weightedAverageShsOut": 1948800000,
    "weightedAverageShsOutDil": 1979600000,
    "link": "https://www.sec.gov/Archives/edgar/data/320187/000032018708000123/0000320187-08-000123-index.htm",
    "finalLink": "https://www.sec.gov/Archives/edgar/data/320187/000032018708000123/f10q081003.htm"
  },
  {
    "date": "2008-05-31",
    "symbol": "NKE",
    "reportedCurrency": "USD",
    "cik": "0000320187",
    "fillingDate": "2008-07-28",
    "acceptedDate": "2008-07-28 16:08:06",
    "calendarYear": "2008",
    "period": "Q4",
    "revenue": 5088000000,
    "costOfRevenue": 2756600000,
    "grossProfit": 2331400000,
    "grossProfitRatio": 0.4582154088,
    "researchAndDevelopmentExpenses": 0,
    "generalAndAdministrativeExpenses": 1686300000,
    "sellingAndMarketingExpenses": 0,
    "sellingGeneralAndAdministrativeExpenses": 1686300000,
    "otherExpenses": 0,
    "operatingExpenses": 1686300000,
    "costAndExpenses": 4442900000,
    "interestIncome": 0,
    "interestExpense": 0,
    "depreciationAndAmortization": 72600000,
    "ebitda": 717700000,
    "ebitdaratio": 0.1410573899,
    "operatingIncome": 648300000,
    "operatingIncomeRatio": 0.1274174528,
    "totalOtherIncomeExpensesNet": 3200000,
    "incomeBeforeTax": 648300000,
    "incomeBeforeTaxRatio": 0.1274174528,
    "incomeTaxExpense": 157800000,
    "netIncome": 490500000,
    "netIncomeRatio": 0.0964033019,
    "eps": 0.25,
    "epsdiluted": 0.25,
    "weightedAverageShsOut": 1948800000,
    "weightedAverageShsOutDil": 1948800000,
    "link": "https://www.sec.gov/Archives/edgar/data/320187/000119312508159004/0001193125-08-159004-index.htm",
    "finalLink": "https://www.sec.gov/Archives/edgar/data/320187/000119312508159004/d10k.htm"
  },
  {
    "date": "2008-02-29",
    "symbol": "NKE",
    "reportedCurrency": "USD",
    "cik": "0000320187",
    "fillingDate": "2008-02-29",
    "acceptedDate": "2008-02-29 00:00:00",
    "calendarYear": "2008",
    "period": "Q3",
    "revenue": 4544400000,
    "costOfRevenue": 2496500000,
    "grossProfit": 2047900000,
    "grossProfitRatio": 0.4506425491,
    "researchAndDevelopmentExpenses": 0,
    "generalAndAdministrativeExpenses": 0,
    "sellingAndMarketingExpenses": 0,
    "sellingGeneralAndAdministrativeExpenses": 1403200000,
    "otherExpenses": 0,
    "operatingExpenses": 1403200000,
    "costAndExpenses": 3899700000,
    "interestIncome": 0,
    "interestExpense": 0,
    "depreciationAndAmortization": 91500000,
    "ebitda": 736200000,
    "ebitdaratio": 0.1620015844,
    "operatingIncome": 639400000,
    "operatingIncomeRatio": 0.1407006425,
    "totalOtherIncomeExpensesNet": 29300000,
    "incomeBeforeTax": 668700000,
    "incomeBeforeTaxRatio": 0.1471481384,
    "incomeTaxExpense": 204900000,
    "netIncome": 463800000,
    "netIncomeRatio": 0.1020596778,
    "eps": 0.24,
    "epsdiluted": 0.23,
    "weightedAverageShsOut": 1973617021,
    "weightedAverageShsOutDil": 2016521739,
    "link": null,
    "finalLink": null
  },
  {
    "date": "2007-11-30",
    "symbol": "NKE",
    "reportedCurrency": "USD",
    "cik": "0000320187",
    "fillingDate": "2008-01-09",
    "acceptedDate": "2008-01-09 17:11:10",
    "calendarYear": "2008",
    "period": "Q2",
    "revenue": 4339500000,
    "costOfRevenue": 2418400000,
    "grossProfit": 1921100000,
    "grossProfitRatio": 0.442700772,
    "researchAndDevelopmentExpenses": 0,
    "generalAndAdministrativeExpenses": 1403200000,
    "sellingAndMarketingExpenses": 26300000,
    "sellingGeneralAndAdministrativeExpenses": 1429500000,
    "otherExpenses": 0,
    "operatingExpenses": 1429500000,
    "costAndExpenses": 3847900000,
    "interestIncome": 0,
    "interestExpense": 0,
    "depreciationAndAmortization": 85800000,
    "ebitda": 577400000,
    "ebitdaratio": 0.1330568038,
    "operatingIncome": 668700000,
    "operatingIncomeRatio": 0.154096094,
    "totalOtherIncomeExpensesNet": 24000000,
    "incomeBeforeTax": 515600000,
    "incomeBeforeTaxRatio": 0.1188155317,
    "incomeTaxExpense": 156200000,
    "netIncome": 359400000,
    "netIncomeRatio": 0.0828206015,
    "eps": 0.18,
    "epsdiluted": 0.18,
    "weightedAverageShsOut": 1996666667,
    "weightedAverageShsOutDil": 2024788732,
    "link": "",
    "finalLink": ""
  },
  {
    "date": "2007-08-31",
    "symbol": "NKE",
    "reportedCurrency": "USD",
    "cik": "0000320187",
    "fillingDate": "2007-10-04",
    "acceptedDate": "2007-10-03 17:53:43",
    "calendarYear": "2008",
    "period": "Q1",
    "revenue": 4655100000,
    "costOfRevenue": 2568100000,
    "grossProfit": 2087000000,
    "grossProfitRatio": 0.4483254925,
    "researchAndDevelopmentExpenses": 0,
    "generalAndAdministrativeExpenses": 1434700000,
    "sellingAndMarketingExpenses": 0,
    "sellingGeneralAndAdministrativeExpenses": 1434700000,
    "otherExpenses": 0,
    "operatingExpenses": 1434700000,
    "costAndExpenses": 4002800000,
    "interestIncome": 0,
    "interestExpense": 0,
    "depreciationAndAmortization": 71600000,
    "ebitda": 723900000,
    "ebitdaratio": 0.1555068634,
    "operatingIncome": 670300000,
    "operatingIncomeRatio": 0.1439926103,
    "totalOtherIncomeExpensesNet": 18000000,
    "incomeBeforeTax": 670300000,
    "incomeBeforeTaxRatio": 0.1439926103,
    "incomeTaxExpense": 100600000,
    "netIncome": 569700000,
    "netIncomeRatio": 0.1223819037,
    "eps": 0.29,
    "epsdiluted": 0.28,
    "weightedAverageShsOut": 1998947368,
    "weightedAverageShsOutDil": 2034642857,
    "link": "https://www.sec.gov/Archives/edgar/data/320187/000032018707000217/0000320187-07-000217-index.html",
    "finalLink": "https://www.sec.gov/Archives/edgar/data/320187/000032018707000217/qtr10q071003.txt"
  },
  {
    "date": "2007-05-31",
    "symbol": "NKE",
    "reportedCurrency": "USD",
    "cik": "0000320187",
    "fillingDate": "2007-07-27",
    "acceptedDate": "2007-07-27 16:16:21",
    "calendarYear": "2007",
    "period": "Q4",
    "revenue": 4383200000,
    "costOfRevenue": 2464200000,
    "grossProfit": 1919000000,
    "grossProfitRatio": 0.4378079942,
    "researchAndDevelopmentExpenses": 0,
    "generalAndAdministrativeExpenses": 1272000000,
    "sellingAndMarketingExpenses": 0,
    "sellingGeneralAndAdministrativeExpenses": 1272000000,
    "otherExpenses": 0,
    "operatingExpenses": 1272000000,
    "costAndExpenses": 3736200000,
    "interestIncome": 0,
    "interestExpense": 0,
    "depreciationAndAmortization": 81000000,
    "ebitda": 728000000,
    "ebitdaratio": 0.1660887023,
    "operatingIncome": 658800000,
    "operatingIncomeRatio": 0.1503011498,
    "totalOtherIncomeExpensesNet": 11800000,
    "incomeBeforeTax": 658800000,
    "incomeBeforeTaxRatio": 0.1503011498,
    "incomeTaxExpense": 220900000,
    "netIncome": 437900000,
    "netIncomeRatio": 0.0999041796,
    "eps": 0.22,
    "epsdiluted": 0.22,
    "weightedAverageShsOut": 1998947368,
    "weightedAverageShsOutDil": 1998947368,
    "link": "https://www.sec.gov/Archives/edgar/data/320187/000119312507164166/0001193125-07-164166-index.htm",
    "finalLink": "https://www.sec.gov/Archives/edgar/data/320187/000119312507164166/d10k.htm"
  },
  {
    "date": "2007-02-28",
    "symbol": "NKE",
    "reportedCurrency": "USD",
    "cik": "0000320187",
    "fillingDate": "2007-02-28",
    "acceptedDate": "2007-02-28 00:00:00",
    "calendarYear": "2007",
    "period": "Q3",
    "revenue": 3926900000,
    "costOfRevenue": 2191700000,
    "grossProfit": 1735200000,
    "grossProfitRatio": 0.4418752706,
    "researchAndDevelopmentExpenses": 0,
    "generalAndAdministrativeExpenses": 0,
    "sellingAndMarketingExpenses": 0,
    "sellingGeneralAndAdministrativeExpenses": 1243300000,
    "otherExpenses": 0,
    "operatingExpenses": 1243300000,
    "costAndExpenses": 3435000000,
    "interestIncome": 0,
    "interestExpense": 0,
    "depreciationAndAmortization": 46900000,
    "ebitda": 538800000,
    "ebitdaratio": 0.1372074664,
    "operatingIncome": 481600000,
    "operatingIncomeRatio": 0.1226412692,
    "totalOtherIncomeExpensesNet": 36400000,
    "incomeBeforeTax": 518000000,
    "incomeBeforeTaxRatio": 0.1319106674,
    "incomeTaxExpense": 167200000,
    "netIncome": 350800000,
    "netIncomeRatio": 0.0893325524,
    "eps": 0.17,
    "epsdiluted": 0.17,
    "weightedAverageShsOut": 2015197133,
    "weightedAverageShsOutDil": 2037101449,
    "link": null,
    "finalLink": null
  },
  {
    "date": "2006-11-30",
    "symbol": "NKE",
    "reportedCurrency": "USD",
    "cik": "0000320187",
    "fillingDate": "2007-01-04",
    "acceptedDate": "2007-01-04 17:25:15",
    "calendarYear": "2007",
    "period": "Q2",
    "revenue": 3821700000,
    "costOfRevenue": 2164600000,
    "grossProfit": 1657100000,
    "grossProfitRatio": 0.4336028469,
    "researchAndDevelopmentExpenses": 0,
    "generalAndAdministrativeExpenses": 1243300000,
    "sellingAndMarketingExpenses": -19600000,
    "sellingGeneralAndAdministrativeExpenses": 1223700000,
    "otherExpenses": 0,
    "operatingExpenses": 1223700000,
    "costAndExpenses": 3388300000,
    "interestIncome": 0,
    "interestExpense": 0,
    "depreciationAndAmortization": 68300000,
    "ebitda": 501700000,
    "ebitdaratio": 0.131276657,
    "operatingIncome": 518000000,
    "operatingIncomeRatio": 0.1355417746,
    "totalOtherIncomeExpensesNet": 13900000,
    "incomeBeforeTax": 447300000,
    "incomeBeforeTaxRatio": 0.117042154,
    "incomeTaxExpense": 121700000,
    "netIncome": 325600000,
    "netIncomeRatio": 0.0851976869,
    "eps": 0.16,
    "epsdiluted": 0.16,
    "weightedAverageShsOut": 2025234899,
    "weightedAverageShsOutDil": 2052789116,
    "link": "https://www.sec.gov/Archives/edgar/data/320187/000032018706000168/0000320187-06-000168-index.htm",
    "finalLink": "https://www.sec.gov/Archives/edgar/data/320187/000032018706000168/fqtr10710q.txt"
  },
  {
    "date": "2006-08-31",
    "symbol": "NKE",
    "reportedCurrency": "USD",
    "cik": "0000320187",
    "fillingDate": "2006-08-31",
    "acceptedDate": "2006-08-31 00:00:00",
    "calendarYear": "2007",
    "period": "Q1",
    "revenue": 4194100000,
    "costOfRevenue": 2344900000,
    "grossProfit": 1849200000,
    "grossProfitRatio": 0.4409050809,
    "researchAndDevelopmentExpenses": 0,
    "generalAndAdministrativeExpenses": 1223700000,
    "sellingAndMarketingExpenses": 66000000,
    "sellingGeneralAndAdministrativeExpenses": 1289700000,
    "otherExpenses": 0,
    "operatingExpenses": 1289700000,
    "costAndExpenses": 3634600000,
    "interestIncome": 0,
    "interestExpense": 0,
    "depreciationAndAmortization": 74000000,
    "ebitda": 633500000,
    "ebitdaratio": 0.1510455163,
    "operatingIncome": 447300000,
    "operatingIncomeRatio": 0.1066498176,
    "totalOtherIncomeExpensesNet": 16300000,
    "incomeBeforeTax": 575800000,
    "incomeBeforeTaxRatio": 0.1372880952,
    "incomeTaxExpense": 198600000,
    "netIncome": 377200000,
    "netIncomeRatio": 0.0899358623,
    "eps": 0.19,
    "epsdiluted": 0.19,
    "weightedAverageShsOut": 2005650280,
    "weightedAverageShsOutDil": 2005650280,
    "link": null,
    "finalLink": null
  },
  {
    "date": "2006-05-31",
    "symbol": "NKE",
    "reportedCurrency": "USD",
    "cik": "0000320187",
    "fillingDate": "2006-07-28",
    "acceptedDate": "2006-07-28 17:04:57",
    "calendarYear": "2006",
    "period": "Q4",
    "revenue": 4005400000,
    "costOfRevenue": 2252000000,
    "grossProfit": 1753400000,
    "grossProfitRatio": 0.4377590253,
    "researchAndDevelopmentExpenses": 0,
    "generalAndAdministrativeExpenses": 1232100000,
    "sellingAndMarketingExpenses": 0,
    "sellingGeneralAndAdministrativeExpenses": 1232100000,
    "otherExpenses": 0,
    "operatingExpenses": 1232100000,
    "costAndExpenses": 3484100000,
    "interestIncome": 0,
    "interestExpense": 0,
    "depreciationAndAmortization": 57200000,
    "ebitda": 578500000,
    "ebitdaratio": 0.1444300195,
    "operatingIncome": 511200000,
    "operatingIncomeRatio": 0.1276277026,
    "totalOtherIncomeExpensesNet": -10100000,
    "incomeBeforeTax": 511200000,
    "incomeBeforeTaxRatio": 0.1276277026,
    "incomeTaxExpense": 178400000,
    "netIncome": 332800000,
    "netIncomeRatio": 0.0830878314,
    "eps": 0.16,
    "epsdiluted": 0.16,
    "weightedAverageShsOut": 2025234899,
    "weightedAverageShsOutDil": 2025234899,
    "link": "https://www.sec.gov/Archives/edgar/data/320187/000119312506156152/0001193125-06-156152-index.htm",
    "finalLink": "https://www.sec.gov/Archives/edgar/data/320187/000119312506156152/d10k.htm"
  },
  {
    "date": "2006-02-28",
    "symbol": "NKE",
    "reportedCurrency": "USD",
    "cik": "0000320187",
    "fillingDate": "2006-02-28",
    "acceptedDate": "2006-02-28 00:00:00",
    "calendarYear": "2006",
    "period": "Q3",
    "revenue": 3612800000,
    "costOfRevenue": 2038700000,
    "grossProfit": 1574100000,
    "grossProfitRatio": 0.4357008415,
    "researchAndDevelopmentExpenses": 0,
    "generalAndAdministrativeExpenses": 0,
    "sellingAndMarketingExpenses": 0,
    "sellingGeneralAndAdministrativeExpenses": 1086600000,
    "otherExpenses": 0,
    "operatingExpenses": 1086600000,
    "costAndExpenses": 3125300000,
    "interestIncome": 0,
    "interestExpense": 0,
    "depreciationAndAmortization": 90600000,
    "ebitda": 578100000,
    "ebitdaratio": 0.1600143933,
    "operatingIncome": 476800000,
    "operatingIncomeRatio": 0.1319751993,
    "totalOtherIncomeExpensesNet": 29800000,
    "incomeBeforeTax": 506600000,
    "incomeBeforeTaxRatio": 0.1402236492,
    "incomeTaxExpense": 180800000,
    "netIncome": 325800000,
    "netIncomeRatio": 0.0901793623,
    "eps": 0.16,
    "epsdiluted": 0.15,
    "weightedAverageShsOut": 2080567376,
    "weightedAverageShsOutDil": 2118122744,
    "link": null,
    "finalLink": null
  },
  {
    "date": "2005-11-30",
    "symbol": "NKE",
    "reportedCurrency": "USD",
    "cik": "0000320187",
    "fillingDate": "2006-01-06",
    "acceptedDate": "2006-01-06 16:57:47",
    "calendarYear": "2006",
    "period": "Q2",
    "revenue": 3474700000,
    "costOfRevenue": 1963300000,
    "grossProfit": 1511400000,
    "grossProfitRatio": 0.4349728034,
    "researchAndDevelopmentExpenses": 0,
    "generalAndAdministrativeExpenses": 1086600000,
    "sellingAndMarketingExpenses": -31900000,
    "sellingGeneralAndAdministrativeExpenses": 1054700000,
    "otherExpenses": 0,
    "operatingExpenses": 1054700000,
    "costAndExpenses": 3018000000,
    "interestIncome": 0,
    "interestExpense": 0,
    "depreciationAndAmortization": 73500000,
    "ebitda": 530200000,
    "ebitdaratio": 0.1525887127,
    "operatingIncome": 506600000,
    "operatingIncomeRatio": 0.1457967594,
    "totalOtherIncomeExpensesNet": 7100000,
    "incomeBeforeTax": 463800000,
    "incomeBeforeTaxRatio": 0.1334791493,
    "incomeTaxExpense": 162700000,
    "netIncome": 301100000,
    "netIncomeRatio": 0.086654963,
    "eps": 0.15,
    "epsdiluted": 0.14,
    "weightedAverageShsOut": 2076551724,
    "weightedAverageShsOutDil": 2112982456,
    "link": "",
    "finalLink": ""
  },
  {
    "date": "2005-08-31",
    "symbol": "NKE",
    "reportedCurrency": "USD",
    "cik": "0000320187",
    "fillingDate": "2005-10-03",
    "acceptedDate": "2005-10-03 16:54:07",
    "calendarYear": "2006",
    "period": "Q1",
    "revenue": 3862000000,
    "costOfRevenue": 2113900000,
    "grossProfit": 1748100000,
    "grossProfitRatio": 0.4526411186,
    "researchAndDevelopmentExpenses": 0,
    "generalAndAdministrativeExpenses": 1104400000,
    "sellingAndMarketingExpenses": 0,
    "sellingGeneralAndAdministrativeExpenses": 1104400000,
    "otherExpenses": 0,
    "operatingExpenses": 1104400000,
    "costAndExpenses": 3218300000,
    "interestIncome": 0,
    "interestExpense": 0,
    "depreciationAndAmortization": 69600000,
    "ebitda": 713300000,
    "ebitdaratio": 0.1846970482,
    "operatingIncome": 660000000,
    "operatingIncomeRatio": 0.1708959089,
    "totalOtherIncomeExpensesNet": 16300000,
    "incomeBeforeTax": 660000000,
    "incomeBeforeTaxRatio": 0.1708959089,
    "incomeTaxExpense": 227700000,
    "netIncome": 432300000,
    "netIncomeRatio": 0.1119368203,
    "eps": 0.21,
    "epsdiluted": 0.2,
    "weightedAverageShsOut": 2083373494,
    "weightedAverageShsOutDil": 2148074534,
    "link": "",
    "finalLink": ""
  },
  {
    "date": "2005-05-31",
    "symbol": "NKE",
    "reportedCurrency": "USD",
    "cik": "0000320187",
    "fillingDate": "2005-07-29",
    "acceptedDate": "2005-07-29 17:12:55",
    "calendarYear": "2005",
    "period": "Q4",
    "revenue": 3721400000,
    "costOfRevenue": 2038700000,
    "grossProfit": 1682700000,
    "grossProfitRatio": 0.4521685387,
    "researchAndDevelopmentExpenses": 0,
    "generalAndAdministrativeExpenses": 1139200000,
    "sellingAndMarketingExpenses": 0,
    "sellingGeneralAndAdministrativeExpenses": 1139200000,
    "otherExpenses": 0,
    "operatingExpenses": 1139200000,
    "costAndExpenses": 3177900000,
    "interestIncome": 0,
    "interestExpense": 0,
    "depreciationAndAmortization": 68300000,
    "ebitda": 611800000,
    "ebitdaratio": 0.1644004944,
    "operatingIncome": 537900000,
    "operatingIncomeRatio": 0.1445423765,
    "totalOtherIncomeExpensesNet": -5600000,
    "incomeBeforeTax": 537900000,
    "incomeBeforeTaxRatio": 0.1445423765,
    "incomeTaxExpense": 188400000,
    "netIncome": 349500000,
    "netIncomeRatio": 0.0939162681,
    "eps": 0.17,
    "epsdiluted": 0.17,
    "weightedAverageShsOut": 2083373494,
    "weightedAverageShsOutDil": 2083373494,
    "link": "https://www.sec.gov/Archives/edgar/data/320187/000095012405004551/0000950124-05-004551-index.htm",
    "finalLink": "https://www.sec.gov/Archives/edgar/data/320187/000095012405004551/v10583e10vk.htm"
  },
  {
    "date": "2005-02-28",
    "symbol": "NKE",
    "reportedCurrency": "USD",
    "cik": "0000320187",
    "fillingDate": "2005-02-28",
    "acceptedDate": "2005-02-28 00:00:00",
    "calendarYear": "2005",
    "period": "Q3",
    "revenue": 3308200000,
    "costOfRevenue": 1849400000,
    "grossProfit": 1458800000,
    "grossProfitRatio": 0.4409648752,
    "researchAndDevelopmentExpenses": 0,
    "generalAndAdministrativeExpenses": 1035700000,
    "sellingAndMarketingExpenses": 0,
    "sellingGeneralAndAdministrativeExpenses": 1035700000,
    "otherExpenses": 0,
    "operatingExpenses": 1035700000,
    "costAndExpenses": 2885100000,
    "interestIncome": 0,
    "interestExpense": 0,
    "depreciationAndAmortization": 82000000,
    "ebitda": 505100000,
    "ebitdaratio": 0.1526812164,
    "operatingIncome": 413400000,
    "operatingIncomeRatio": 0.1249622151,
    "totalOtherIncomeExpensesNet": -9700000,
    "incomeBeforeTax": 413400000,
    "incomeBeforeTaxRatio": 0.1249622151,
    "incomeTaxExpense": 140000000,
    "netIncome": 273400000,
    "netIncomeRatio": 0.0826431292,
    "eps": 0.13,
    "epsdiluted": 0.13,
    "weightedAverageShsOut": 2103076923,
    "weightedAverageShsOutDil": 2165544554,
    "link": "",
    "finalLink": ""
  },
  {
    "date": "2004-11-30",
    "symbol": "NKE",
    "reportedCurrency": "USD",
    "cik": "0000320187",
    "fillingDate": "2004-12-22",
    "acceptedDate": "2004-12-22 16:52:50",
    "calendarYear": "2005",
    "period": "Q2",
    "revenue": 3148300000,
    "costOfRevenue": 1760200000,
    "grossProfit": 1388100000,
    "grossProfitRatio": 0.4409046152,
    "researchAndDevelopmentExpenses": 0,
    "generalAndAdministrativeExpenses": 973200000,
    "sellingAndMarketingExpenses": 0,
    "sellingGeneralAndAdministrativeExpenses": 973200000,
    "otherExpenses": 0,
    "operatingExpenses": 973200000,
    "costAndExpenses": 2733400000,
    "interestIncome": 0,
    "interestExpense": 0,
    "depreciationAndAmortization": 75800000,
    "ebitda": 490700000,
    "ebitdaratio": 0.1558618937,
    "operatingIncome": 403000000,
    "operatingIncomeRatio": 0.1280055903,
    "totalOtherIncomeExpensesNet": -11900000,
    "incomeBeforeTax": 403000000,
    "incomeBeforeTaxRatio": 0.1280055903,
    "incomeTaxExpense": 141100000,
    "netIncome": 261900000,
    "netIncomeRatio": 0.0831877521,
    "eps": 0.12,
    "epsdiluted": 0.12,
    "weightedAverageShsOut": 2116363636,
    "weightedAverageShsOutDil": 2160000000,
    "link": "",
    "finalLink": ""
  },
  {
    "date": "2004-08-31",
    "symbol": "NKE",
    "reportedCurrency": "USD",
    "cik": "0000320187",
    "fillingDate": "2004-09-30",
    "acceptedDate": "2004-09-30 16:59:17",
    "calendarYear": "2005",
    "period": "Q1",
    "revenue": 3561800000,
    "costOfRevenue": 1976000000,
    "grossProfit": 1585800000,
    "grossProfitRatio": 0.4452243248,
    "researchAndDevelopmentExpenses": 0,
    "generalAndAdministrativeExpenses": 1073600000,
    "sellingAndMarketingExpenses": 0,
    "sellingGeneralAndAdministrativeExpenses": 1073600000,
    "otherExpenses": 0,
    "operatingExpenses": 1073600000,
    "costAndExpenses": 3049600000,
    "interestIncome": 0,
    "interestExpense": 0,
    "depreciationAndAmortization": 61600000,
    "ebitda": 573800000,
    "ebitdaratio": 0.1610983211,
    "operatingIncome": 505500000,
    "operatingIncomeRatio": 0.1419226234,
    "totalOtherIncomeExpensesNet": -6700000,
    "incomeBeforeTax": 505500000,
    "incomeBeforeTaxRatio": 0.1419226234,
    "incomeTaxExpense": 178700000,
    "netIncome": 326800000,
    "netIncomeRatio": 0.0917513617,
    "eps": 0.15,
    "epsdiluted": 0.15,
    "weightedAverageShsOut": 2108387097,
    "weightedAverageShsOutDil": 2160661157,
    "link": "",
    "finalLink": ""
  },
  {
    "date": "2004-05-31",
    "symbol": "NKE",
    "reportedCurrency": "USD",
    "cik": "0000320187",
    "fillingDate": "2004-07-30",
    "acceptedDate": "2004-07-30 17:04:26",
    "calendarYear": "2004",
    "period": "Q4",
    "revenue": 3487100000,
    "costOfRevenue": 1958400000,
    "grossProfit": 1528700000,
    "grossProfitRatio": 0.4383871985,
    "researchAndDevelopmentExpenses": 0,
    "generalAndAdministrativeExpenses": 1037900000,
    "sellingAndMarketingExpenses": 0,
    "sellingGeneralAndAdministrativeExpenses": 1037900000,
    "otherExpenses": 0,
    "operatingExpenses": 1037900000,
    "costAndExpenses": 2996300000,
    "interestIncome": 0,
    "interestExpense": 25000000,
    "depreciationAndAmortization": 74700000,
    "ebitda": 565500000,
    "ebitdaratio": 0.1621691377,
    "operatingIncome": 467500000,
    "operatingIncomeRatio": 0.1340655559,
    "totalOtherIncomeExpensesNet": -23300000,
    "incomeBeforeTax": 467500000,
    "incomeBeforeTaxRatio": 0.1340655559,
    "incomeTaxExpense": 162500000,
    "netIncome": 305000000,
    "netIncomeRatio": 0.087465229,
    "eps": 0.15,
    "epsdiluted": 0.14,
    "weightedAverageShsOut": 2101832938,
    "weightedAverageShsOutDil": 2108387097,
    "link": "https://www.sec.gov/Archives/edgar/data/320187/000119312504128270/0001193125-04-128270-index.htm",
    "finalLink": "https://www.sec.gov/Archives/edgar/data/320187/000119312504128270/d10k.htm"
  },
  {
    "date": "2004-02-29",
    "symbol": "NKE",
    "reportedCurrency": "USD",
    "cik": "0000320187",
    "fillingDate": "2004-02-29",
    "acceptedDate": "2004-02-29 00:00:00",
    "calendarYear": "2004",
    "period": "Q3",
    "revenue": 2904000000,
    "costOfRevenue": 1682100000,
    "grossProfit": 1221900000,
    "grossProfitRatio": 0.4207644628,
    "researchAndDevelopmentExpenses": 0,
    "generalAndAdministrativeExpenses": 892000000,
    "sellingAndMarketingExpenses": 0,
    "sellingGeneralAndAdministrativeExpenses": 892000000,
    "otherExpenses": 0,
    "operatingExpenses": 892000000,
    "costAndExpenses": 2574100000,
    "interestIncome": 0,
    "interestExpense": 0,
    "depreciationAndAmortization": 80400000,
    "ebitda": 410300000,
    "ebitdaratio": 0.1412878788,
    "operatingIncome": 307200000,
    "operatingIncomeRatio": 0.105785124,
    "totalOtherIncomeExpensesNet": -22700000,
    "incomeBeforeTax": 307200000,
    "incomeBeforeTaxRatio": 0.105785124,
    "incomeTaxExpense": 106900000,
    "netIncome": 200300000,
    "netIncomeRatio": 0.0689738292,
    "eps": 0.095,
    "epsdiluted": 0.0925,
    "weightedAverageShsOut": 2108421053,
    "weightedAverageShsOutDil": 2165405405,
    "link": "",
    "finalLink": ""
  },
  {
    "date": "2003-11-30",
    "symbol": "NKE",
    "reportedCurrency": "USD",
    "cik": "0000320187",
    "fillingDate": "2004-01-12",
    "acceptedDate": "2004-01-12 16:47:55",
    "calendarYear": "2004",
    "period": "Q2",
    "revenue": 2837100000,
    "costOfRevenue": 1637500000,
    "grossProfit": 1199600000,
    "grossProfitRatio": 0.4228261253,
    "researchAndDevelopmentExpenses": 0,
    "generalAndAdministrativeExpenses": 902500000,
    "sellingAndMarketingExpenses": 0,
    "sellingGeneralAndAdministrativeExpenses": 902500000,
    "otherExpenses": 0,
    "operatingExpenses": 902500000,
    "costAndExpenses": 2540000000,
    "interestIncome": 0,
    "interestExpense": 0,
    "depreciationAndAmortization": 86600000,
    "ebitda": 383700000,
    "ebitdaratio": 0.1352437348,
    "operatingIncome": 274700000,
    "operatingIncomeRatio": 0.0968242219,
    "totalOtherIncomeExpensesNet": -22400000,
    "incomeBeforeTax": 274700000,
    "incomeBeforeTaxRatio": 0.0968242219,
    "incomeTaxExpense": 95600000,
    "netIncome": 179100000,
    "netIncomeRatio": 0.0631278418,
    "eps": 0.085,
    "epsdiluted": 0.0825,
    "weightedAverageShsOut": 2107058824,
    "weightedAverageShsOutDil": 2170909091,
    "link": "https://www.sec.gov/Archives/edgar/data/320187/000032018704000016/0000320187-04-000016-index.htm",
    "finalLink": "https://www.sec.gov/Archives/edgar/data/320187/000032018704000016/qtr2_0410q.txt"
  },
  {
    "date": "2003-08-31",
    "symbol": "NKE",
    "reportedCurrency": "USD",
    "cik": "0000320187",
    "fillingDate": "2003-10-10",
    "acceptedDate": "2003-10-10 17:12:19",
    "calendarYear": "2004",
    "period": "Q1",
    "revenue": 3024900000,
    "costOfRevenue": 1723400000,
    "grossProfit": 1301500000,
    "grossProfitRatio": 0.4302621574,
    "researchAndDevelopmentExpenses": 0,
    "generalAndAdministrativeExpenses": 869600000,
    "sellingAndMarketingExpenses": 0,
    "sellingGeneralAndAdministrativeExpenses": 869600000,
    "otherExpenses": 0,
    "operatingExpenses": 869600000,
    "costAndExpenses": 2593000000,
    "interestIncome": 0,
    "interestExpense": 0,
    "depreciationAndAmortization": 71800000,
    "ebitda": 503700000,
    "ebitdaratio": 0.1665179014,
    "operatingIncome": 400600000,
    "operatingIncomeRatio": 0.1324341301,
    "totalOtherIncomeExpensesNet": -31300000,
    "incomeBeforeTax": 400600000,
    "incomeBeforeTaxRatio": 0.1324341301,
    "incomeTaxExpense": 139400000,
    "netIncome": 261200000,
    "netIncomeRatio": 0.086349962,
    "eps": 0.12,
    "epsdiluted": 0.12,
    "weightedAverageShsOut": 2110707071,
    "weightedAverageShsOutDil": 2132244898,
    "link": "https://www.sec.gov/Archives/edgar/data/320187/000032018703000170/0000320187-03-000170-index.htm",
    "finalLink": "https://www.sec.gov/Archives/edgar/data/320187/000032018703000170/f1q0410q.txt"
  },
  {
    "date": "2003-05-31",
    "symbol": "NKE",
    "reportedCurrency": "USD",
    "cik": "0000320187",
    "fillingDate": "2003-08-07",
    "acceptedDate": "2003-08-07 17:13:04",
    "calendarYear": "2003",
    "period": "Q4",
    "revenue": 2985100000,
    "costOfRevenue": 1744900000,
    "grossProfit": 1240200000,
    "grossProfitRatio": 0.4154634686,
    "researchAndDevelopmentExpenses": 0,
    "generalAndAdministrativeExpenses": 826000000,
    "sellingAndMarketingExpenses": 0,
    "sellingGeneralAndAdministrativeExpenses": 826000000,
    "otherExpenses": 0,
    "operatingExpenses": 826000000,
    "costAndExpenses": 2570900000,
    "interestIncome": 0,
    "interestExpense": 42900000,
    "depreciationAndAmortization": 76600000,
    "ebitda": 490800000,
    "ebitdaratio": 0.1644166025,
    "operatingIncome": 371900000,
    "operatingIncomeRatio": 0.124585441,
    "totalOtherIncomeExpensesNet": -42300000,
    "incomeBeforeTax": 371900000,
    "incomeBeforeTaxRatio": 0.124585441,
    "incomeTaxExpense": 125700000,
    "netIncome": 246200000,
    "netIncomeRatio": 0.082476299,
    "eps": 0.12,
    "epsdiluted": 0.12,
    "weightedAverageShsOut": 2106790698,
    "weightedAverageShsOutDil": 2110707071,
    "link": "https://www.sec.gov/Archives/edgar/data/320187/000119312503031022/0001193125-03-031022-index.htm",
    "finalLink": "https://www.sec.gov/Archives/edgar/data/320187/000119312503031022/d10k.htm"
  },
  {
    "date": "2003-02-28",
    "symbol": "NKE",
    "reportedCurrency": "USD",
    "cik": "0000320187",
    "fillingDate": "2003-04-14",
    "acceptedDate": "2003-04-14 16:26:45",
    "calendarYear": "2003",
    "period": "Q3",
    "revenue": 2400900000,
    "costOfRevenue": 1424900000,
    "grossProfit": 976000000,
    "grossProfitRatio": 0.4065142238,
    "researchAndDevelopmentExpenses": 0,
    "generalAndAdministrativeExpenses": 753900000,
    "sellingAndMarketingExpenses": 0,
    "sellingGeneralAndAdministrativeExpenses": 753900000,
    "otherExpenses": 0,
    "operatingExpenses": 753900000,
    "costAndExpenses": 2178800000,
    "interestIncome": 0,
    "interestExpense": 0,
    "depreciationAndAmortization": 64000000,
    "ebitda": 286100000,
    "ebitdaratio": 0.119163647,
    "operatingIncome": 187400000,
    "operatingIncomeRatio": 0.0780540631,
    "totalOtherIncomeExpensesNet": -34700000,
    "incomeBeforeTax": 187400000,
    "incomeBeforeTaxRatio": 0.0780540631,
    "incomeTaxExpense": 62700000,
    "netIncome": 124700000,
    "netIncomeRatio": 0.0519388563,
    "eps": 0.0588,
    "epsdiluted": 0.0588,
    "weightedAverageShsOut": 2122553191,
    "weightedAverageShsOutDil": 2122553191,
    "link": "https://www.sec.gov/Archives/edgar/data/320187/000032018703000008/0000320187-03-000008-index.htm",
    "finalLink": "https://www.sec.gov/Archives/edgar/data/320187/000032018703000008/nke10q03030414ver12.txt"
  },
  {
    "date": "2002-11-30",
    "symbol": "NKE",
    "reportedCurrency": "USD",
    "cik": "0000320187",
    "fillingDate": "2003-01-10",
    "acceptedDate": "2003-01-10 17:03:44",
    "calendarYear": "2003",
    "period": "Q2",
    "revenue": 2514700000,
    "costOfRevenue": 1504600000,
    "grossProfit": 1010100000,
    "grossProfitRatio": 0.4016781326,
    "researchAndDevelopmentExpenses": 0,
    "generalAndAdministrativeExpenses": 758700000,
    "sellingAndMarketingExpenses": 0,
    "sellingGeneralAndAdministrativeExpenses": 758700000,
    "otherExpenses": 0,
    "operatingExpenses": 758700000,
    "costAndExpenses": 2263300000,
    "interestIncome": 0,
    "interestExpense": 0,
    "depreciationAndAmortization": 63400000,
    "ebitda": 314800000,
    "ebitdaratio": 0.1251839186,
    "operatingIncome": 229600000,
    "operatingIncomeRatio": 0.0913031376,
    "totalOtherIncomeExpensesNet": -21800000,
    "incomeBeforeTax": 229600000,
    "incomeBeforeTaxRatio": 0.0913031376,
    "incomeTaxExpense": 77600000,
    "netIncome": 152000000,
    "netIncomeRatio": 0.0604445858,
    "eps": 0.0713,
    "epsdiluted": 0.0713,
    "weightedAverageShsOut": 2133333333,
    "weightedAverageShsOutDil": 2133333333,
    "link": "https://www.sec.gov/Archives/edgar/data/320187/000032018703000006/0000320187-03-000006-index.htm",
    "finalLink": "https://www.sec.gov/Archives/edgar/data/320187/000032018703000006/f030210q.txt"
  },
  {
    "date": "2002-08-31",
    "symbol": "NKE",
    "reportedCurrency": "USD",
    "cik": "0000320187",
    "fillingDate": "2002-10-15",
    "acceptedDate": "2002-10-15 17:12:33",
    "calendarYear": "2003",
    "period": "Q1",
    "revenue": 2796300000,
    "costOfRevenue": 1639200000,
    "grossProfit": 1157100000,
    "grossProfitRatio": 0.4137968029,
    "researchAndDevelopmentExpenses": 0,
    "generalAndAdministrativeExpenses": 799000000,
    "sellingAndMarketingExpenses": 0,
    "sellingGeneralAndAdministrativeExpenses": 799000000,
    "otherExpenses": 0,
    "operatingExpenses": 799000000,
    "costAndExpenses": 2438200000,
    "interestIncome": 0,
    "interestExpense": 0,
    "depreciationAndAmortization": 58500000,
    "ebitda": 416600000,
    "ebitdaratio": 0.1489825841,
    "operatingIncome": 68000000,
    "operatingIncomeRatio": 0.0243178486,
    "totalOtherIncomeExpensesNet": -24000000,
    "incomeBeforeTax": 334100000,
    "incomeBeforeTaxRatio": 0.1194793119,
    "incomeTaxExpense": 116900000,
    "netIncome": -48900000,
    "netIncomeRatio": -0.0174873941,
    "eps": -0.0225,
    "epsdiluted": -0.0225,
    "weightedAverageShsOut": 2173333333,
    "weightedAverageShsOutDil": 2173333333,
    "link": "https://www.sec.gov/Archives/edgar/data/320187/000032018702000021/0000320187-02-000021-index.htm",
    "finalLink": "https://www.sec.gov/Archives/edgar/data/320187/000032018702000021/t1q0310q.txt"
  },
  {
    "date": "2002-05-31",
    "symbol": "NKE",
    "reportedCurrency": "USD",
    "cik": "0000320187",
    "fillingDate": "2002-08-14",
    "acceptedDate": "2002-08-14 15:37:26",
    "calendarYear": "2002",
    "period": "Q4",
    "revenue": 2682200000,
    "costOfRevenue": 1601700000,
    "grossProfit": 1080500000,
    "grossProfitRatio": 0.4028409515,
    "researchAndDevelopmentExpenses": 0,
    "generalAndAdministrativeExpenses": 764000000,
    "sellingAndMarketingExpenses": 0,
    "sellingGeneralAndAdministrativeExpenses": 764000000,
    "otherExpenses": 0,
    "operatingExpenses": 764000000,
    "costAndExpenses": 2365700000,
    "interestIncome": 0,
    "interestExpense": 0,
    "depreciationAndAmortization": 66100000,
    "ebitda": 382600000,
    "ebitdaratio": 0.1426440981,
    "operatingIncome": 315100000,
    "operatingIncomeRatio": 0.1174781895,
    "totalOtherIncomeExpensesNet": -1400000,
    "incomeBeforeTax": 315100000,
    "incomeBeforeTaxRatio": 0.1174781895,
    "incomeTaxExpense": 106700000,
    "netIncome": 208400000,
    "netIncomeRatio": 0.0776974126,
    "eps": 0.0979,
    "epsdiluted": 0.0959,
    "weightedAverageShsOut": 2128800000,
    "weightedAverageShsOutDil": 2173333333,
    "link": "https://www.sec.gov/Archives/edgar/data/320187/000089102002001248/0000891020-02-001248-index.htm",
    "finalLink": "https://www.sec.gov/Archives/edgar/data/320187/000089102002001248/v83383ore10vk.htm"
  },
  {
    "date": "2002-02-28",
    "symbol": "NKE",
    "reportedCurrency": "USD",
    "cik": "0000320187",
    "fillingDate": "2002-04-15",
    "acceptedDate": "2002-04-15 00:00:00",
    "calendarYear": "2002",
    "period": "Q3",
    "revenue": 2260300000,
    "costOfRevenue": 1376800000,
    "grossProfit": 883500000,
    "grossProfitRatio": 0.3908773172,
    "researchAndDevelopmentExpenses": 0,
    "generalAndAdministrativeExpenses": 682500000,
    "sellingAndMarketingExpenses": 0,
    "sellingGeneralAndAdministrativeExpenses": 682500000,
    "otherExpenses": 0,
    "operatingExpenses": 682500000,
    "costAndExpenses": 2059300000,
    "interestIncome": 0,
    "interestExpense": 0,
    "depreciationAndAmortization": 50500000,
    "ebitda": 251500000,
    "ebitdaratio": 0.1112684157,
    "operatingIncome": 189000000,
    "operatingIncomeRatio": 0.083617219,
    "totalOtherIncomeExpensesNet": -12000000,
    "incomeBeforeTax": 189000000,
    "incomeBeforeTaxRatio": 0.083617219,
    "incomeTaxExpense": 62700000,
    "netIncome": 126300000,
    "netIncomeRatio": 0.0558775384,
    "eps": 0.0289,
    "epsdiluted": 0.0289,
    "weightedAverageShsOut": 4374400000,
    "weightedAverageShsOutDil": 4374400000,
    "link": "https://www.sec.gov/Archives/edgar/data/320187/000032018702000008/0000320187-02-000008-index.htm",
    "finalLink": "https://www.sec.gov/Archives/edgar/data/320187/000032018702000008/l3q0210q.txt"
  },
  {
    "date": "2001-11-30",
    "symbol": "NKE",
    "reportedCurrency": "USD",
    "cik": "0000320187",
    "fillingDate": "2002-01-14",
    "acceptedDate": "2002-01-14 00:00:00",
    "calendarYear": "2002",
    "period": "Q2",
    "revenue": 2336800000,
    "costOfRevenue": 1441400000,
    "grossProfit": 895400000,
    "grossProfitRatio": 0.3831735707,
    "researchAndDevelopmentExpenses": 0,
    "generalAndAdministrativeExpenses": 677700000,
    "sellingAndMarketingExpenses": 0,
    "sellingGeneralAndAdministrativeExpenses": 677700000,
    "otherExpenses": 0,
    "operatingExpenses": 677700000,
    "costAndExpenses": 2119100000,
    "interestIncome": 0,
    "interestExpense": 0,
    "depreciationAndAmortization": 76600000,
    "ebitda": 294300000,
    "ebitdaratio": 0.1259414584,
    "operatingIncome": 198900000,
    "operatingIncomeRatio": 0.0851163985,
    "totalOtherIncomeExpensesNet": -18800000,
    "incomeBeforeTax": 198900000,
    "incomeBeforeTaxRatio": 0.0851163985,
    "incomeTaxExpense": 69600000,
    "netIncome": 129300000,
    "netIncomeRatio": 0.0553320781,
    "eps": 0.06,
    "epsdiluted": 0.06,
    "weightedAverageShsOut": 2155000000,
    "weightedAverageShsOutDil": 2155000000,
    "link": "https://www.sec.gov/Archives/edgar/data/320187/000032018702000003/0000320187-02-000003-index.htm",
    "finalLink": "https://www.sec.gov/Archives/edgar/data/320187/000032018702000003/f2q0210q.txt"
  },
  {
    "date": "2001-08-31",
    "symbol": "NKE",
    "reportedCurrency": "USD",
    "cik": "0000320187",
    "fillingDate": "2001-10-15",
    "acceptedDate": "2001-10-15 00:00:00",
    "calendarYear": "2002",
    "period": "Q1",
    "revenue": 2613700000,
    "costOfRevenue": 1584800000,
    "grossProfit": 1028900000,
    "grossProfitRatio": 0.3936565023,
    "researchAndDevelopmentExpenses": 0,
    "generalAndAdministrativeExpenses": 696200000,
    "sellingAndMarketingExpenses": 0,
    "sellingGeneralAndAdministrativeExpenses": 696200000,
    "otherExpenses": 0,
    "operatingExpenses": 696200000,
    "costAndExpenses": 2281000000,
    "interestIncome": 0,
    "interestExpense": 0,
    "depreciationAndAmortization": 63100000,
    "ebitda": 395800000,
    "ebitdaratio": 0.1514328347,
    "operatingIncome": 309200000,
    "operatingIncomeRatio": 0.1182997284,
    "totalOtherIncomeExpensesNet": -18500000,
    "incomeBeforeTax": 314200000,
    "incomeBeforeTaxRatio": 0.1202127253,
    "incomeTaxExpense": 110000000,
    "netIncome": 199200000,
    "netIncomeRatio": 0.0762137965,
    "eps": 0.0925,
    "epsdiluted": 0.0925,
    "weightedAverageShsOut": 2154256757,
    "weightedAverageShsOutDil": 2154256757,
    "link": "https://www.sec.gov/Archives/edgar/data/320187/000032018701500032/0000320187-01-500032-index.htm",
    "finalLink": "https://www.sec.gov/Archives/edgar/data/320187/000032018701500032/a1q0210q.txt"
  },
  {
    "date": "2001-05-31",
    "symbol": "NKE",
    "reportedCurrency": "USD",
    "cik": "0000320187",
    "fillingDate": "2001-08-09",
    "acceptedDate": "2001-08-09 00:00:00",
    "calendarYear": "2001",
    "period": "Q4",
    "revenue": 2483300000,
    "costOfRevenue": 1546800000,
    "grossProfit": 936500000,
    "grossProfitRatio": 0.377119156,
    "researchAndDevelopmentExpenses": 0,
    "generalAndAdministrativeExpenses": 655300000,
    "sellingAndMarketingExpenses": 0,
    "sellingGeneralAndAdministrativeExpenses": 655300000,
    "otherExpenses": 0,
    "operatingExpenses": 655300000,
    "costAndExpenses": 2202100000,
    "interestIncome": 0,
    "interestExpense": 0,
    "depreciationAndAmortization": 47100000,
    "ebitda": 328300000,
    "ebitdaratio": 0.1322031168,
    "operatingIncome": 254200000,
    "operatingIncomeRatio": 0.1023637901,
    "totalOtherIncomeExpensesNet": -27000000,
    "incomeBeforeTax": 254200000,
    "incomeBeforeTaxRatio": 0.1023637901,
    "incomeTaxExpense": 91500000,
    "netIncome": 162700000,
    "netIncomeRatio": 0.065517658,
    "eps": 0.0756,
    "epsdiluted": 0.0756,
    "weightedAverageShsOut": 2153513514,
    "weightedAverageShsOutDil": 2153513514,
    "link": "https://www.sec.gov/Archives/edgar/data/320187/000109581101503828/0001095811-01-503828-index.htm",
    "finalLink": "https://www.sec.gov/Archives/edgar/data/320187/000109581101503828/v74223e10-k.txt"
  },
  {
    "date": "2001-02-28",
    "symbol": "NKE",
    "reportedCurrency": "USD",
    "cik": "0000320187",
    "fillingDate": "2001-04-16",
    "acceptedDate": "2001-04-16 00:00:00",
    "calendarYear": "2001",
    "period": "Q3",
    "revenue": 2170100000,
    "costOfRevenue": 1341500000,
    "grossProfit": 828600000,
    "grossProfitRatio": 0.3818257223,
    "researchAndDevelopmentExpenses": 0,
    "generalAndAdministrativeExpenses": 660200000,
    "sellingAndMarketingExpenses": 0,
    "sellingGeneralAndAdministrativeExpenses": 660200000,
    "otherExpenses": 0,
    "operatingExpenses": 660200000,
    "costAndExpenses": 2001700000,
    "interestIncome": 0,
    "interestExpense": 0,
    "depreciationAndAmortization": 59700000,
    "ebitda": 228100000,
    "ebitdaratio": 0.1051103636,
    "operatingIncome": 148200000,
    "operatingIncomeRatio": 0.0682917838,
    "totalOtherIncomeExpensesNet": -20200000,
    "incomeBeforeTax": 148200000,
    "incomeBeforeTaxRatio": 0.0682917838,
    "incomeTaxExpense": 50800000,
    "netIncome": 97400000,
    "netIncomeRatio": 0.0448827243,
    "eps": 0.045,
    "epsdiluted": 0.0438,
    "weightedAverageShsOut": 2164444444,
    "weightedAverageShsOutDil": 2226285714,
    "link": "https://www.sec.gov/Archives/edgar/data/320187/000032018701000007/0000320187-01-000007-index.htm",
    "finalLink": "https://www.sec.gov/Archives/edgar/data/320187/000032018701000007/0000320187-01-000007-0001.txt"
  },
  {
    "date": "2000-11-30",
    "symbol": "NKE",
    "reportedCurrency": "USD",
    "cik": "0000320187",
    "fillingDate": "2001-01-16",
    "acceptedDate": "2001-01-16 00:00:00",
    "calendarYear": "2001",
    "period": "Q2",
    "revenue": 2198700000,
    "costOfRevenue": 1327300000,
    "grossProfit": 871400000,
    "grossProfitRatio": 0.3963251012,
    "researchAndDevelopmentExpenses": 0,
    "generalAndAdministrativeExpenses": 673100000,
    "sellingAndMarketingExpenses": 0,
    "sellingGeneralAndAdministrativeExpenses": 673100000,
    "otherExpenses": 0,
    "operatingExpenses": 673100000,
    "costAndExpenses": 2000400000,
    "interestIncome": 0,
    "interestExpense": 0,
    "depreciationAndAmortization": 54900000,
    "ebitda": 253200000,
    "ebitdaratio": 0.1151589576,
    "operatingIncome": 188000000,
    "operatingIncomeRatio": 0.0855050712,
    "totalOtherIncomeExpensesNet": -10300000,
    "incomeBeforeTax": 188000000,
    "incomeBeforeTaxRatio": 0.0855050712,
    "incomeTaxExpense": 68600000,
    "netIncome": 119400000,
    "netIncomeRatio": 0.0543048165,
    "eps": 0.055,
    "epsdiluted": 0.055,
    "weightedAverageShsOut": 2170909091,
    "weightedAverageShsOutDil": 2170909091,
    "link": "https://www.sec.gov/Archives/edgar/data/320187/000032018701000002/0000320187-01-000002-index.htm",
    "finalLink": "https://www.sec.gov/Archives/edgar/data/320187/000032018701000002/0000320187-01-000002-0001.txt"
  },
  {
    "date": "2000-08-31",
    "symbol": "NKE",
    "reportedCurrency": "USD",
    "cik": "0000320187",
    "fillingDate": "2000-10-16",
    "acceptedDate": "2000-10-16 00:00:00",
    "calendarYear": "2001",
    "period": "Q1",
    "revenue": 2636700000,
    "costOfRevenue": 1569200000,
    "grossProfit": 1067500000,
    "grossProfitRatio": 0.4048621383,
    "researchAndDevelopmentExpenses": 0,
    "generalAndAdministrativeExpenses": 701100000,
    "sellingAndMarketingExpenses": 0,
    "sellingGeneralAndAdministrativeExpenses": 701100000,
    "otherExpenses": 0,
    "operatingExpenses": 701100000,
    "costAndExpenses": 2270300000,
    "interestIncome": 0,
    "interestExpense": 0,
    "depreciationAndAmortization": 52400000,
    "ebitda": 418800000,
    "ebitdaratio": 0.1588349073,
    "operatingIncome": 331000000,
    "operatingIncomeRatio": 0.1255357075,
    "totalOtherIncomeExpensesNet": -35400000,
    "incomeBeforeTax": 331000000,
    "incomeBeforeTaxRatio": 0.1255357075,
    "incomeTaxExpense": 120800000,
    "netIncome": 210200000,
    "netIncomeRatio": 0.0797208632,
    "eps": 0.0975,
    "epsdiluted": 0.0962,
    "weightedAverageShsOut": 2155897436,
    "weightedAverageShsOutDil": 2183896104,
    "link": "https://www.sec.gov/Archives/edgar/data/320187/000032018700000009/0000320187-00-000009-index.htm",
    "finalLink": "https://www.sec.gov/Archives/edgar/data/320187/000032018700000009/0000320187-00-000009-0001.txt"
  },
  {
    "date": "2000-05-31",
    "symbol": "NKE",
    "reportedCurrency": "USD",
    "cik": "0000320187",
    "fillingDate": "2000-08-29",
    "acceptedDate": "2000-08-29 00:00:00",
    "calendarYear": "2000",
    "period": "Q4",
    "revenue": 2272700000,
    "costOfRevenue": 1288600000,
    "grossProfit": 984100000,
    "grossProfitRatio": 0.4330091961,
    "researchAndDevelopmentExpenses": 0,
    "generalAndAdministrativeExpenses": 722600000,
    "sellingAndMarketingExpenses": 0,
    "sellingGeneralAndAdministrativeExpenses": 722600000,
    "otherExpenses": 56200000,
    "operatingExpenses": 778800000,
    "costAndExpenses": 2067400000,
    "interestIncome": 0,
    "interestExpense": 0,
    "depreciationAndAmortization": 56200000,
    "ebitda": 261500000,
    "ebitdaratio": 0.1150613807,
    "operatingIncome": 193700000,
    "operatingIncomeRatio": 0.0852290227,
    "totalOtherIncomeExpensesNet": -11600000,
    "incomeBeforeTax": 193700000,
    "incomeBeforeTaxRatio": 0.0852290227,
    "incomeTaxExpense": 67700000,
    "netIncome": 126000000,
    "netIncomeRatio": 0.0554406653,
    "eps": 0.0584,
    "epsdiluted": 0.0584,
    "weightedAverageShsOut": 2155897436,
    "weightedAverageShsOutDil": 2155897436,
    "link": "https://www.sec.gov/Archives/edgar/data/320187/000091205700039514/0000912057-00-039514-index.htm",
    "finalLink": "https://www.sec.gov/Archives/edgar/data/320187/000091205700039514/a10-k405.txt"
  },
  {
    "date": "2000-02-29",
    "symbol": "NKE",
    "reportedCurrency": "USD",
    "cik": "0000320187",
    "fillingDate": "2000-04-14",
    "acceptedDate": "2000-04-14 00:00:00",
    "calendarYear": "2000",
    "period": "Q3",
    "revenue": 2161600000,
    "costOfRevenue": 1230400000,
    "grossProfit": 931200000,
    "grossProfitRatio": 0.4307920059,
    "researchAndDevelopmentExpenses": 0,
    "generalAndAdministrativeExpenses": 632400000,
    "sellingAndMarketingExpenses": 0,
    "sellingGeneralAndAdministrativeExpenses": 632400000,
    "otherExpenses": 56000000,
    "operatingExpenses": 688400000,
    "costAndExpenses": 1918800000,
    "interestIncome": 0,
    "interestExpense": 0,
    "depreciationAndAmortization": 56000000,
    "ebitda": 298800000,
    "ebitdaratio": 0.13823094,
    "operatingIncome": 229100000,
    "operatingIncomeRatio": 0.1059863064,
    "totalOtherIncomeExpensesNet": -13700000,
    "incomeBeforeTax": 229100000,
    "incomeBeforeTaxRatio": 0.1059863064,
    "incomeTaxExpense": 83800000,
    "netIncome": 145300000,
    "netIncomeRatio": 0.0672187269,
    "eps": 0.0649,
    "epsdiluted": 0.0643,
    "weightedAverageShsOut": 2238545455,
    "weightedAverageShsOutDil": 2259082569,
    "link": "https://www.sec.gov/Archives/edgar/data/320187/000032018700000005/0000320187-00-000005-index.htm",
    "finalLink": "https://www.sec.gov/Archives/edgar/data/320187/000032018700000005/0000320187-00-000005.txt"
  },
  {
    "date": "1999-11-30",
    "symbol": "NKE",
    "reportedCurrency": "USD",
    "cik": "0000320187",
    "fillingDate": "2000-01-14",
    "acceptedDate": "2000-01-14 00:00:00",
    "calendarYear": "2000",
    "period": "Q2",
    "revenue": 2059700000,
    "costOfRevenue": 1147000000,
    "grossProfit": 912700000,
    "grossProfitRatio": 0.4431227849,
    "researchAndDevelopmentExpenses": 0,
    "generalAndAdministrativeExpenses": 624800000,
    "sellingAndMarketingExpenses": 0,
    "sellingGeneralAndAdministrativeExpenses": 624800000,
    "otherExpenses": 91000000,
    "operatingExpenses": 715800000,
    "costAndExpenses": 1862800000,
    "interestIncome": 0,
    "interestExpense": 0,
    "depreciationAndAmortization": 49800000,
    "ebitda": 287900000,
    "ebitdaratio": 0.1397776375,
    "operatingIncome": 173400000,
    "operatingIncomeRatio": 0.0841870175,
    "totalOtherIncomeExpensesNet": -23500000,
    "incomeBeforeTax": 173400000,
    "incomeBeforeTaxRatio": 0.0841870175,
    "incomeTaxExpense": 65900000,
    "netIncome": 107500000,
    "netIncomeRatio": 0.0521920668,
    "eps": 0.0488,
    "epsdiluted": 0.0475,
    "weightedAverageShsOut": 2205128205,
    "weightedAverageShsOutDil": 2263157895,
    "link": "https://www.sec.gov/Archives/edgar/data/320187/000032018700000003/0000320187-00-000003-index.htm",
    "finalLink": "https://www.sec.gov/Archives/edgar/data/320187/000032018700000003/0000320187-00-000003.txt"
  },
  {
    "date": "1999-08-31",
    "symbol": "NKE",
    "reportedCurrency": "USD",
    "cik": "0000320187",
    "fillingDate": "1999-10-15",
    "acceptedDate": "1999-10-15 00:00:00",
    "calendarYear": "2000",
    "period": "Q1",
    "revenue": 2501100000,
    "costOfRevenue": 1473100000,
    "grossProfit": 1028000000,
    "grossProfitRatio": 0.4110191516,
    "researchAndDevelopmentExpenses": 0,
    "generalAndAdministrativeExpenses": 626500000,
    "sellingAndMarketingExpenses": 0,
    "sellingGeneralAndAdministrativeExpenses": 626500000,
    "otherExpenses": 61600000,
    "operatingExpenses": 688100000,
    "costAndExpenses": 2161200000,
    "interestIncome": 0,
    "interestExpense": 0,
    "depreciationAndAmortization": 61600000,
    "ebitda": 401500000,
    "ebitdaratio": 0.1605293671,
    "operatingIncome": 322900000,
    "operatingIncomeRatio": 0.1291031946,
    "totalOtherIncomeExpensesNet": -17000000,
    "incomeBeforeTax": 322900000,
    "incomeBeforeTaxRatio": 0.1291031946,
    "incomeTaxExpense": 122700000,
    "netIncome": 200200000,
    "netIncomeRatio": 0.0800447803,
    "eps": 0.0893,
    "epsdiluted": 0.0893,
    "weightedAverageShsOut": 2240800000,
    "weightedAverageShsOutDil": 2240800000,
    "link": "https://www.sec.gov/Archives/edgar/data/320187/000032018799000012/0000320187-99-000012-index.htm",
    "finalLink": "https://www.sec.gov/Archives/edgar/data/320187/000032018799000012/0000320187-99-000012.txt"
  },
  {
    "date": "1999-05-31",
    "symbol": "NKE",
    "reportedCurrency": "USD",
    "cik": "0000320187",
    "fillingDate": "1999-08-26",
    "acceptedDate": "1999-08-26 00:00:00",
    "calendarYear": "1999",
    "period": "Q4",
    "revenue": 2182300000,
    "costOfRevenue": 1295500000,
    "grossProfit": 886800000,
    "grossProfitRatio": 0.4063602621,
    "researchAndDevelopmentExpenses": 0,
    "generalAndAdministrativeExpenses": 672300000,
    "sellingAndMarketingExpenses": 0,
    "sellingGeneralAndAdministrativeExpenses": 672300000,
    "otherExpenses": 40900000,
    "operatingExpenses": 713200000,
    "costAndExpenses": 2008700000,
    "interestIncome": 0,
    "interestExpense": 0,
    "depreciationAndAmortization": 40900000,
    "ebitda": 214500000,
    "ebitdaratio": 0.0982907941,
    "operatingIncome": 156000000,
    "operatingIncomeRatio": 0.0714842139,
    "totalOtherIncomeExpensesNet": -17600000,
    "incomeBeforeTax": 156000000,
    "incomeBeforeTaxRatio": 0.0714842139,
    "incomeTaxExpense": 61600000,
    "netIncome": 94400000,
    "netIncomeRatio": 0.0432571141,
    "eps": 0.0421,
    "epsdiluted": 0.0421,
    "weightedAverageShsOut": 2240800000,
    "weightedAverageShsOutDil": 2240800000,
    "link": "https://www.sec.gov/Archives/edgar/data/320187/000032018799000010/0000320187-99-000010-index.htm",
    "finalLink": "https://www.sec.gov/Archives/edgar/data/320187/000032018799000010/0000320187-99-000010.txt"
  },
  {
    "date": "1999-02-28",
    "symbol": "NKE",
    "reportedCurrency": "USD",
    "cik": "0000320187",
    "fillingDate": "1999-04-14",
    "acceptedDate": "1999-04-14 00:00:00",
    "calendarYear": "1999",
    "period": "Q3",
    "revenue": 2176800000,
    "costOfRevenue": 1295800000,
    "grossProfit": 881000000,
    "grossProfitRatio": 0.4047225285,
    "researchAndDevelopmentExpenses": 0,
    "generalAndAdministrativeExpenses": 569800000,
    "sellingAndMarketingExpenses": 0,
    "sellingGeneralAndAdministrativeExpenses": 569800000,
    "otherExpenses": 69100000,
    "operatingExpenses": 638900000,
    "costAndExpenses": 1934700000,
    "interestIncome": 0,
    "interestExpense": 0,
    "depreciationAndAmortization": 69100000,
    "ebitda": 311200000,
    "ebitdaratio": 0.1429621463,
    "operatingIncome": 205400000,
    "operatingIncomeRatio": 0.0943586917,
    "totalOtherIncomeExpensesNet": -36700000,
    "incomeBeforeTax": 205400000,
    "incomeBeforeTaxRatio": 0.0943586917,
    "incomeTaxExpense": 81200000,
    "netIncome": 124200000,
    "netIncomeRatio": 0.0570562293,
    "eps": 0.0552,
    "epsdiluted": 0.0552,
    "weightedAverageShsOut": 2250400000,
    "weightedAverageShsOutDil": 2250400000,
    "link": "https://www.sec.gov/Archives/edgar/data/320187/000032018799000006/0000320187-99-000006-index.htm",
    "finalLink": "https://www.sec.gov/Archives/edgar/data/320187/0000320187-99-000006.txt"
  },
  {
    "date": "1998-11-30",
    "symbol": "NKE",
    "reportedCurrency": "USD",
    "cik": "0000320187",
    "fillingDate": "1999-01-14",
    "acceptedDate": "1999-01-14 00:00:00",
    "calendarYear": "1999",
    "period": "Q2",
    "revenue": 1913000000,
    "costOfRevenue": 1168000000,
    "grossProfit": 745000000,
    "grossProfitRatio": 0.3894406691,
    "researchAndDevelopmentExpenses": 0,
    "generalAndAdministrativeExpenses": 531900000,
    "sellingAndMarketingExpenses": 0,
    "sellingGeneralAndAdministrativeExpenses": 531900000,
    "otherExpenses": 61600000,
    "operatingExpenses": 593500000,
    "costAndExpenses": 1761500000,
    "interestIncome": 0,
    "interestExpense": 0,
    "depreciationAndAmortization": 61600000,
    "ebitda": 213100000,
    "ebitdaratio": 0.1113957135,
    "operatingIncome": 113800000,
    "operatingIncomeRatio": 0.0594877156,
    "totalOtherIncomeExpensesNet": -37700000,
    "incomeBeforeTax": 113800000,
    "incomeBeforeTaxRatio": 0.0594877156,
    "incomeTaxExpense": 44900000,
    "netIncome": 68900000,
    "netIncomeRatio": 0.0360167277,
    "eps": 0.0305,
    "epsdiluted": 0.0305,
    "weightedAverageShsOut": 2260608000,
    "weightedAverageShsOutDil": 2260608000,
    "link": "https://www.sec.gov/Archives/edgar/data/320187/000032018799000002/0000320187-99-000002-index.htm",
    "finalLink": "https://www.sec.gov/Archives/edgar/data/320187/0000320187-99-000002.txt"
  },
  {
    "date": "1998-08-31",
    "symbol": "NKE",
    "reportedCurrency": "USD",
    "cik": "0000320187",
    "fillingDate": "1998-10-15",
    "acceptedDate": "1998-10-15 00:00:00",
    "calendarYear": "1999",
    "period": "Q1",
    "revenue": 2504800000,
    "costOfRevenue": 1505400000,
    "grossProfit": 999400000,
    "grossProfitRatio": 0.3989939317,
    "researchAndDevelopmentExpenses": 0,
    "generalAndAdministrativeExpenses": 652600000,
    "sellingAndMarketingExpenses": 0,
    "sellingGeneralAndAdministrativeExpenses": 652600000,
    "otherExpenses": 57200000,
    "operatingExpenses": 709800000,
    "costAndExpenses": 2215200000,
    "interestIncome": 0,
    "interestExpense": 0,
    "depreciationAndAmortization": 57200000,
    "ebitda": 346800000,
    "ebitdaratio": 0.138454168,
    "operatingIncome": 270800000,
    "operatingIncomeRatio": 0.1081124241,
    "totalOtherIncomeExpensesNet": -18800000,
    "incomeBeforeTax": 270800000,
    "incomeBeforeTaxRatio": 0.1081124241,
    "incomeTaxExpense": 107000000,
    "netIncome": 163800000,
    "netIncomeRatio": 0.0653944427,
    "eps": 0.0715,
    "epsdiluted": 0.0715,
    "weightedAverageShsOut": 2290400000,
    "weightedAverageShsOutDil": 2290400000,
    "link": "https://www.sec.gov/Archives/edgar/data/320187/000032018798000022/0000320187-98-000022-index.htm",
    "finalLink": "https://www.sec.gov/Archives/edgar/data/320187/0000320187-98-000022.txt"
  },
  {
    "date": "1998-05-31",
    "symbol": "NKE",
    "reportedCurrency": "USD",
    "cik": "0000320187",
    "fillingDate": "1998-08-26",
    "acceptedDate": "1998-08-26 00:00:00",
    "calendarYear": "1998",
    "period": "Q4",
    "revenue": 2307700000,
    "costOfRevenue": 1461200000,
    "grossProfit": 846500000,
    "grossProfitRatio": 0.3668154439,
    "researchAndDevelopmentExpenses": 0,
    "generalAndAdministrativeExpenses": 720500000,
    "sellingAndMarketingExpenses": 0,
    "sellingGeneralAndAdministrativeExpenses": 720500000,
    "otherExpenses": 100500000,
    "operatingExpenses": 821000000,
    "costAndExpenses": 2282200000,
    "interestIncome": 0,
    "interestExpense": 0,
    "depreciationAndAmortization": 100500000,
    "ebitda": 126000000,
    "ebitdaratio": 0.054599818,
    "operatingIncome": -110500000,
    "operatingIncomeRatio": -0.0478831737,
    "totalOtherIncomeExpensesNet": -136000000,
    "incomeBeforeTax": -110500000,
    "incomeBeforeTaxRatio": -0.0478831737,
    "incomeTaxExpense": -42800000,
    "netIncome": -67700000,
    "netIncomeRatio": -0.0293365689,
    "eps": -0.0296,
    "epsdiluted": -0.0296,
    "weightedAverageShsOut": 2290400000,
    "weightedAverageShsOutDil": 2290400000,
    "link": "https://www.sec.gov/Archives/edgar/data/320187/000032018798000018/0000320187-98-000018-index.htm",
    "finalLink": "https://www.sec.gov/Archives/edgar/data/320187/0000320187-98-000018.txt"
  },
  {
    "date": "1998-02-28",
    "symbol": "NKE",
    "reportedCurrency": "USD",
    "cik": "0000320187",
    "fillingDate": "1998-04-14",
    "acceptedDate": "1998-04-14 00:00:00",
    "calendarYear": "1998",
    "period": "Q3",
    "revenue": 2224000000,
    "costOfRevenue": 1383900000,
    "grossProfit": 840100000,
    "grossProfitRatio": 0.3777428058,
    "researchAndDevelopmentExpenses": 0,
    "generalAndAdministrativeExpenses": 651400000,
    "sellingAndMarketingExpenses": 0,
    "sellingGeneralAndAdministrativeExpenses": 651400000,
    "otherExpenses": 44900000,
    "operatingExpenses": 696300000,
    "costAndExpenses": 2080200000,
    "interestIncome": 0,
    "interestExpense": 0,
    "depreciationAndAmortization": 44900000,
    "ebitda": 188700000,
    "ebitdaratio": 0.0848471223,
    "operatingIncome": 122600000,
    "operatingIncomeRatio": 0.0551258993,
    "totalOtherIncomeExpensesNet": -21200000,
    "incomeBeforeTax": 122600000,
    "incomeBeforeTaxRatio": 0.0551258993,
    "incomeTaxExpense": 49500000,
    "netIncome": 73100000,
    "netIncomeRatio": 0.032868705,
    "eps": 0.0318,
    "epsdiluted": 0.0318,
    "weightedAverageShsOut": 2301816000,
    "weightedAverageShsOutDil": 2301816000,
    "link": "https://www.sec.gov/Archives/edgar/data/320187/000032018798000006/0000320187-98-000006-index.htm",
    "finalLink": "https://www.sec.gov/Archives/edgar/data/320187/0000320187-98-000006.txt"
  },
  {
    "date": "1997-11-30",
    "symbol": "NKE",
    "reportedCurrency": "USD",
    "cik": "0000320187",
    "fillingDate": "1998-01-14",
    "acceptedDate": "1998-01-14 00:00:00",
    "calendarYear": "1998",
    "period": "Q2",
    "revenue": 2255300000,
    "costOfRevenue": 1365200000,
    "grossProfit": 890100000,
    "grossProfitRatio": 0.3946703321,
    "researchAndDevelopmentExpenses": 0,
    "generalAndAdministrativeExpenses": 593000000,
    "sellingAndMarketingExpenses": 0,
    "sellingGeneralAndAdministrativeExpenses": 593000000,
    "otherExpenses": 44300000,
    "operatingExpenses": 637300000,
    "costAndExpenses": 2002500000,
    "interestIncome": 0,
    "interestExpense": 0,
    "depreciationAndAmortization": 44300000,
    "ebitda": 297000000,
    "ebitdaratio": 0.1316897974,
    "operatingIncome": 229200000,
    "operatingIncomeRatio": 0.101627278,
    "totalOtherIncomeExpensesNet": -23400000,
    "incomeBeforeTax": 229200000,
    "incomeBeforeTaxRatio": 0.101627278,
    "incomeTaxExpense": 88200000,
    "netIncome": 141000000,
    "netIncomeRatio": 0.0625193987,
    "eps": 0.0606,
    "epsdiluted": 0.0606,
    "weightedAverageShsOut": 2325224000,
    "weightedAverageShsOutDil": 2325224000,
    "link": "https://www.sec.gov/Archives/edgar/data/320187/000032018798000002/0000320187-98-000002-index.htm",
    "finalLink": "https://www.sec.gov/Archives/edgar/data/320187/0000320187-98-000002.txt"
  },
  {
    "date": "1997-08-31",
    "symbol": "NKE",
    "reportedCurrency": "USD",
    "cik": "0000320187",
    "fillingDate": "1997-10-15",
    "acceptedDate": "1997-10-15 00:00:00",
    "calendarYear": "1998",
    "period": "Q1",
    "revenue": 2766100000,
    "costOfRevenue": 1621700000,
    "grossProfit": 1144400000,
    "grossProfitRatio": 0.4137232927,
    "researchAndDevelopmentExpenses": 0,
    "generalAndAdministrativeExpenses": 658900000,
    "sellingAndMarketingExpenses": 0,
    "sellingGeneralAndAdministrativeExpenses": 658900000,
    "otherExpenses": 43800000,
    "operatingExpenses": 702700000,
    "costAndExpenses": 2324400000,
    "interestIncome": 0,
    "interestExpense": 0,
    "depreciationAndAmortization": 43800000,
    "ebitda": 485500000,
    "ebitdaratio": 0.1755178772,
    "operatingIncome": 411600000,
    "operatingIncomeRatio": 0.1488015618,
    "totalOtherIncomeExpensesNet": -30100000,
    "incomeBeforeTax": 411600000,
    "incomeBeforeTaxRatio": 0.1488015618,
    "incomeTaxExpense": 158500000,
    "netIncome": 253100000,
    "netIncomeRatio": 0.0915006688,
    "eps": 0.11,
    "epsdiluted": 0.11,
    "weightedAverageShsOut": 2325168000,
    "weightedAverageShsOutDil": 2325168000,
    "link": "https://www.sec.gov/Archives/edgar/data/320187/000032018797000009/0000320187-97-000009-index.htm",
    "finalLink": "https://www.sec.gov/Archives/edgar/data/320187/0000320187-97-000009.txt"
  },
  {
    "date": "1997-05-31",
    "symbol": "NKE",
    "reportedCurrency": "USD",
    "cik": "0000320187",
    "fillingDate": "1997-08-29",
    "acceptedDate": "1997-08-29 00:00:00",
    "calendarYear": "1997",
    "period": "Q4",
    "revenue": 2373900000,
    "costOfRevenue": 1354300000,
    "grossProfit": 1019600000,
    "grossProfitRatio": 0.4295041914,
    "researchAndDevelopmentExpenses": 0,
    "generalAndAdministrativeExpenses": 666100000,
    "sellingAndMarketingExpenses": 0,
    "sellingGeneralAndAdministrativeExpenses": 666100000,
    "otherExpenses": 73500000,
    "operatingExpenses": 739600000,
    "costAndExpenses": 2093900000,
    "interestIncome": 0,
    "interestExpense": 0,
    "depreciationAndAmortization": 73500000,
    "ebitda": 353500000,
    "ebitdaratio": 0.1489110746,
    "operatingIncome": 250200000,
    "operatingIncomeRatio": 0.1053961835,
    "totalOtherIncomeExpensesNet": -29800000,
    "incomeBeforeTax": 250200000,
    "incomeBeforeTaxRatio": 0.1053961835,
    "incomeTaxExpense": 94500000,
    "netIncome": 155700000,
    "netIncomeRatio": 0.0655882725,
    "eps": 0.0673,
    "epsdiluted": 0.067,
    "weightedAverageShsOut": 2314160000,
    "weightedAverageShsOutDil": 2325168000,
    "link": "https://www.sec.gov/Archives/edgar/data/320187/000091205797029601/0000912057-97-029601-index.htm",
    "finalLink": "https://www.sec.gov/Archives/edgar/data/320187/0000912057-97-029601.txt"
  },
  {
    "date": "1997-02-28",
    "symbol": "NKE",
    "reportedCurrency": "USD",
    "cik": "0000320187",
    "fillingDate": "1997-04-14",
    "acceptedDate": "1997-04-14 00:00:00",
    "calendarYear": "1997",
    "period": "Q3",
    "revenue": 2423600000,
    "costOfRevenue": 1398800000,
    "grossProfit": 1024800000,
    "grossProfitRatio": 0.4228420531,
    "researchAndDevelopmentExpenses": 0,
    "generalAndAdministrativeExpenses": 577600000,
    "sellingAndMarketingExpenses": 0,
    "sellingGeneralAndAdministrativeExpenses": 577600000,
    "otherExpenses": 36600000,
    "operatingExpenses": 614200000,
    "costAndExpenses": 2013000000,
    "interestIncome": 0,
    "interestExpense": 0,
    "depreciationAndAmortization": 36600000,
    "ebitda": 447200000,
    "ebitdaratio": 0.1845188975,
    "operatingIncome": 387100000,
    "operatingIncomeRatio": 0.1597210761,
    "totalOtherIncomeExpensesNet": -23500000,
    "incomeBeforeTax": 387100000,
    "incomeBeforeTaxRatio": 0.1597210761,
    "incomeTaxExpense": 150000000,
    "netIncome": 237100000,
    "netIncomeRatio": 0.0978296749,
    "eps": 0.1,
    "epsdiluted": 0.1,
    "weightedAverageShsOut": 2309840000,
    "weightedAverageShsOutDil": 2309840000,
    "link": "https://www.sec.gov/Archives/edgar/data/320187/000032018797000003/0000320187-97-000003-index.htm",
    "finalLink": "https://www.sec.gov/Archives/edgar/data/320187/0000320187-97-000003.txt"
  },
  {
    "date": "1996-11-30",
    "symbol": "NKE",
    "reportedCurrency": "USD",
    "cik": "0000320187",
    "fillingDate": "1997-01-14",
    "acceptedDate": "1997-01-14 00:00:00",
    "calendarYear": "1997",
    "period": "Q2",
    "revenue": 2107000000,
    "costOfRevenue": 1246400000,
    "grossProfit": 860600000,
    "grossProfitRatio": 0.4084480304,
    "researchAndDevelopmentExpenses": 0,
    "generalAndAdministrativeExpenses": 530500000,
    "sellingAndMarketingExpenses": 0,
    "sellingGeneralAndAdministrativeExpenses": 530500000,
    "otherExpenses": 31200000,
    "operatingExpenses": 561700000,
    "costAndExpenses": 1808100000,
    "interestIncome": 0,
    "interestExpense": 0,
    "depreciationAndAmortization": 31200000,
    "ebitda": 330100000,
    "ebitdaratio": 0.1566682487,
    "operatingIncome": 288900000,
    "operatingIncomeRatio": 0.1371143806,
    "totalOtherIncomeExpensesNet": -10000000,
    "incomeBeforeTax": 288900000,
    "incomeBeforeTaxRatio": 0.1371143806,
    "incomeTaxExpense": 112000000,
    "netIncome": 176900000,
    "netIncomeRatio": 0.0839582345,
    "eps": 0.0767,
    "epsdiluted": 0.0767,
    "weightedAverageShsOut": 2306920000,
    "weightedAverageShsOutDil": 2306920000,
    "link": "https://www.sec.gov/Archives/edgar/data/320187/000032018797000001/0000320187-97-000001-index.htm",
    "finalLink": "https://www.sec.gov/Archives/edgar/data/320187/0000320187-97-000001.txt"
  },
  {
    "date": "1996-08-31",
    "symbol": "NKE",
    "reportedCurrency": "USD",
    "cik": "0000320187",
    "fillingDate": "1996-10-15",
    "acceptedDate": "1996-10-15 00:00:00",
    "calendarYear": "1997",
    "period": "Q1",
    "revenue": 2281900000,
    "costOfRevenue": 1335100000,
    "grossProfit": 946800000,
    "grossProfitRatio": 0.4149173934,
    "researchAndDevelopmentExpenses": 0,
    "generalAndAdministrativeExpenses": 529500000,
    "sellingAndMarketingExpenses": 0,
    "sellingGeneralAndAdministrativeExpenses": 529500000,
    "otherExpenses": 27000000,
    "operatingExpenses": 556500000,
    "costAndExpenses": 1891600000,
    "interestIncome": 0,
    "interestExpense": 0,
    "depreciationAndAmortization": 27000000,
    "ebitda": 417300000,
    "ebitdaratio": 0.1828739209,
    "operatingIncome": 369000000,
    "operatingIncomeRatio": 0.1617073491,
    "totalOtherIncomeExpensesNet": -21300000,
    "incomeBeforeTax": 369000000,
    "incomeBeforeTaxRatio": 0.1617073491,
    "incomeTaxExpense": 142900000,
    "netIncome": 226100000,
    "netIncomeRatio": 0.0990840966,
    "eps": 0.0981,
    "epsdiluted": 0.0981,
    "weightedAverageShsOut": 2304144000,
    "weightedAverageShsOutDil": 2304144000,
    "link": "https://www.sec.gov/Archives/edgar/data/320187/000032018796000018/0000320187-96-000018-index.htm",
    "finalLink": "https://www.sec.gov/Archives/edgar/data/320187/0000320187-96-000018.txt"
  },
  {
    "date": "1996-05-31",
    "symbol": "NKE",
    "reportedCurrency": "USD",
    "cik": "0000320187",
    "fillingDate": "1996-08-30",
    "acceptedDate": "1996-08-30 00:00:00",
    "calendarYear": "1996",
    "period": "Q4",
    "revenue": 1921300000,
    "costOfRevenue": 1093400000,
    "grossProfit": 827900000,
    "grossProfitRatio": 0.4309061573,
    "researchAndDevelopmentExpenses": 0,
    "generalAndAdministrativeExpenses": 487800000,
    "sellingAndMarketingExpenses": 0,
    "sellingGeneralAndAdministrativeExpenses": 487800000,
    "otherExpenses": 68000000,
    "operatingExpenses": 555800000,
    "costAndExpenses": 1649200000,
    "interestIncome": 0,
    "interestExpense": 0,
    "depreciationAndAmortization": 68000000,
    "ebitda": 340100000,
    "ebitdaratio": 0.1770155624,
    "operatingIncome": 254000000,
    "operatingIncomeRatio": 0.1322021548,
    "totalOtherIncomeExpensesNet": -18100000,
    "incomeBeforeTax": 254000000,
    "incomeBeforeTaxRatio": 0.1322021548,
    "incomeTaxExpense": 97500000,
    "netIncome": 156500000,
    "netIncomeRatio": 0.0814552647,
    "eps": 0.0681,
    "epsdiluted": 0.0679,
    "weightedAverageShsOut": 2298064000,
    "weightedAverageShsOutDil": 2304144000,
    "link": "https://www.sec.gov/Archives/edgar/data/320187/000032018796000014/0000320187-96-000014-index.htm",
    "finalLink": "https://www.sec.gov/Archives/edgar/data/320187/0000320187-96-000014.txt"
  },
  {
    "date": "1996-02-29",
    "symbol": "NKE",
    "reportedCurrency": "USD",
    "cik": "0000320187",
    "fillingDate": "1996-04-15",
    "acceptedDate": "1996-04-15 00:00:00",
    "calendarYear": "1996",
    "period": "Q3",
    "revenue": 1491600000,
    "costOfRevenue": 879000000,
    "grossProfit": 612600000,
    "grossProfitRatio": 0.4106999195,
    "researchAndDevelopmentExpenses": 0,
    "generalAndAdministrativeExpenses": 382700000,
    "sellingAndMarketingExpenses": 0,
    "sellingGeneralAndAdministrativeExpenses": 382700000,
    "otherExpenses": 23400000,
    "operatingExpenses": 406100000,
    "costAndExpenses": 1285100000,
    "interestIncome": 0,
    "interestExpense": 0,
    "depreciationAndAmortization": 23400000,
    "ebitda": 229900000,
    "ebitdaratio": 0.1541297935,
    "operatingIncome": 185000000,
    "operatingIncomeRatio": 0.1240278895,
    "totalOtherIncomeExpensesNet": -21500000,
    "incomeBeforeTax": 185000000,
    "incomeBeforeTaxRatio": 0.1240278895,
    "incomeTaxExpense": 71300000,
    "netIncome": 113700000,
    "netIncomeRatio": 0.0762268705,
    "eps": 0.0496,
    "epsdiluted": 0.0496,
    "weightedAverageShsOut": 2294288000,
    "weightedAverageShsOutDil": 2294288000,
    "link": "https://www.sec.gov/Archives/edgar/data/320187/000032018796000003/0000320187-96-000003-index.htm",
    "finalLink": "https://www.sec.gov/Archives/edgar/data/320187/0000320187-96-000003.txt"
  },
  {
    "date": "1995-11-30",
    "symbol": "NKE",
    "reportedCurrency": "USD",
    "cik": "0000320187",
    "fillingDate": "1996-01-16",
    "acceptedDate": "1996-01-16 00:00:00",
    "calendarYear": "1996",
    "period": "Q2",
    "revenue": 1443000000,
    "costOfRevenue": 854400000,
    "grossProfit": 588600000,
    "grossProfitRatio": 0.4079002079,
    "researchAndDevelopmentExpenses": 0,
    "generalAndAdministrativeExpenses": 358600000,
    "sellingAndMarketingExpenses": 0,
    "sellingGeneralAndAdministrativeExpenses": 358600000,
    "otherExpenses": 21000000,
    "operatingExpenses": 379600000,
    "costAndExpenses": 1234000000,
    "interestIncome": 0,
    "interestExpense": 0,
    "depreciationAndAmortization": 21000000,
    "ebitda": 230000000,
    "ebitdaratio": 0.1593901594,
    "operatingIncome": 192200000,
    "operatingIncomeRatio": 0.1331947332,
    "totalOtherIncomeExpensesNet": -16800000,
    "incomeBeforeTax": 192200000,
    "incomeBeforeTaxRatio": 0.1331947332,
    "incomeTaxExpense": 74000000,
    "netIncome": 118200000,
    "netIncomeRatio": 0.0819126819,
    "eps": 0.0516,
    "epsdiluted": 0.0516,
    "weightedAverageShsOut": 2291840000,
    "weightedAverageShsOutDil": 2291840000,
    "link": "https://www.sec.gov/Archives/edgar/data/320187/000032018796000001/0000320187-96-000001-index.htm",
    "finalLink": "https://www.sec.gov/Archives/edgar/data/320187/0000320187-96-000001.txt"
  }
]