[
  {
    "date": "2025-05-31",
    "symbol": "NKE",
    "reportedCurrency": "USD",
    "cik": "0000320187",
    "fillingDate": "2025-07-17",
    "acceptedDate": "2025-07-17 16:25:25",
    "calendarYear": "2025",
    "period": "FY",
    "revenue": 46402000000,
    "costOfRevenue": 26814000000,
    "grossProfit": 19588000000,
    "grossProfitRatio": 0.4273467361,
    "researchAndDevelopmentExpenses": 0,
    "generalAndAdministrativeExpenses": 11399000000,
    "sellingAndMarketingExpenses": 4689000000,
    "sellingGeneralAndAdministrativeExpenses": 16088000000,
    "otherExpenses": 0,
    "operatingExpenses": 16089000000,
    "costAndExpenses": 42903000000,
    "interestIncome": 404000000,
    "interestExpense": 289000000,
    "depreciationAndAmortization": 775000000,
    "ebitda": 4949000000,
    "ebitdaratio": 0.0966766719,
    "operatingIncome": 3499000000,
    "operatingIncomeRatio": 0.0799412641,
    "totalOtherIncomeExpensesNet": 386000000,
    "incomeBeforeTax": 3885000000,
    "incomeBeforeTaxRatio": 0.0838929798,
    "incomeTaxExpense": 666000000,
    "netIncome": 3219000000,
    "netIncomeRatio": 0.0695113261,
    "eps": 2.17,
    "epsdiluted": 2.16,
    "weightedAverageShsOut": 1484900000,
    "weightedAverageShsOutDil": 1487600000,
    "link": "https://www.sec.gov/Archives/edgar/data/320187/000032018725000047/0000320187-25-000047-index.htm",
    "finalLink": "https://www.sec.gov/Archives/edgar/data/320187/000032018725000047/nke-20250531.htm"
  },
  {
    "date": "2024-05-31",
    "symbol": "NKE",
    "reportedCurrency": "USD",
    "cik": "0000320187",
    "fillingDate": "2024-07-25",
    "acceptedDate": "2024-07-25 16:16:58",
    "calendarYear": "2024",
    "period": "FY",
    "revenue": 51386000000,
    "costOfRevenue": 28769000000,
    "grossProfit": 22617000000,
    "grossProfitRatio": 0.4401393376,
    "researchAndDevelopmentExpenses": 0,
    "generalAndAdministrativeExpenses": 0,
    "sellingAndMarketingExpenses": 0,
    "sellingGeneralAndAdministrativeExpenses": 16574000000,
    "otherExpenses": 0,
    "operatingExpenses": 16574000000,
    "costAndExpenses": 45343000000,
    "interestIncome": 430000000,
    "interestExpense": 261000000,
    "depreciationAndAmortization": 796000000,
    "ebitda": 7757000000,
    "ebitdaratio": 0.1509555132,
    "operatingIncome": 6043000000,
    "operatingIncomeRatio": 0.1176001245,
    "totalOtherIncomeExpensesNet": 657000000,
    "incomeBeforeTax": 6700000000,
    "incomeBeforeTaxRatio": 0.1303857082,
    "incomeTaxExpense": 1000000000,
    "netIncome": 5700000000,
    "netIncomeRatio": 0.1109251547,
    "eps": 3.76,
    "epsdiluted": 3.73,
    "weightedAverageShsOut": 1517600000,
    "weightedAverageShsOutDil": 1529700000,
    "link": "https://www.sec.gov/Archives/edgar/data/320187/000032018724000044/0000320187-24-000044-index.htm",
    "finalLink": "https://www.sec.gov/Archives/edgar/data/320187/000032018724000044/nke-20240531.htm"
  },
  {
    "date": "2023-05-31",
    "symbol": "NKE",
    "reportedCurrency": "USD",
    "cik": "0000320187",
    "fillingDate": "2023-07-20",
    "acceptedDate": "2023-07-20 16:20:36",
    "calendarYear": "2023",
    "period": "FY",
    "revenue": 51191000000,
    "costOfRevenue": 29506000000,
    "grossProfit": 21685000000,
    "grossProfitRatio": 0.4236096189,
    "researchAndDevelopmentExpenses": 0,
    "generalAndAdministrativeExpenses": 0,
    "sellingAndMarketingExpenses": 0,
    "sellingGeneralAndAdministrativeExpenses": 16372000000,
    "otherExpenses": 0,
    "operatingExpenses": 16372000000,
    "costAndExpenses": 45878000000,
    "interestIncome": 297000000,
    "interestExpense": 283000000,
    "depreciationAndAmortization": 703000000,
    "ebitda": 7187000000,
    "ebitdaratio": 0.1403957727,
    "operatingIncome": 5313000000,
    "operatingIncomeRatio": 0.1037877752,
    "totalOtherIncomeExpensesNet": 888000000,
    "incomeBeforeTax": 6201000000,
    "incomeBeforeTaxRatio": 0.1211345744,
    "incomeTaxExpense": 1131000000,
    "netIncome": 5070000000,
    "netIncomeRatio": 0.099040847,
    "eps": 3.27,
    "epsdiluted": 3.23,
    "weightedAverageShsOut": 1551600000,
    "weightedAverageShsOutDil": 1569800000,
    "link": "https://www.sec.gov/Archives/edgar/data/320187/000032018723000039/0000320187-23-000039-index.htm",
    "finalLink": "https://www.sec.gov/Archives/edgar/data/320187/000032018723000039/nke-20230531.htm"
  },
  {
    "date": "2022-05-31",
    "symbol": "NKE",
    "reportedCurrency": "USD",
    "cik": "0000320187",
    "fillingDate": "2022-07-21",
    "acceptedDate": "2022-07-21 16:05:53",
    "calendarYear": "2022",
    "period": "FY",
    "revenue": 46792000000,
    "costOfRevenue": 25208000000,
    "grossProfit": 21584000000,
    "grossProfitRatio": 0.4612754317,
    "researchAndDevelopmentExpenses": 0,
    "generalAndAdministrativeExpenses": 0,
    "sellingAndMarketingExpenses": 0,
    "sellingGeneralAndAdministrativeExpenses": 14805000000,
    "otherExpenses": 0,
    "operatingExpenses": 14805000000,
    "costAndExpenses": 40013000000,
    "interestIncome": 94000000,
    "interestExpense": 292000000,
    "depreciationAndAmortization": 717000000,
    "ebitda": 7660000000,
    "ebitdaratio": 0.1637031971,
    "operatingIncome": 6779000000,
    "operatingIncomeRatio": 0.1448751923,
    "totalOtherIncomeExpensesNet": -128000000,
    "incomeBeforeTax": 6651000000,
    "incomeBeforeTaxRatio": 0.142139682,
    "incomeTaxExpense": 605000000,
    "netIncome": 6046000000,
    "netIncomeRatio": 0.1292101214,
    "eps": 3.83,
    "epsdiluted": 3.75,
    "weightedAverageShsOut": 1578800000,
    "weightedAverageShsOutDil": 1610800000,
    "link": "https://www.sec.gov/Archives/edgar/data/320187/000032018722000038/0000320187-22-000038-index.htm",
    "finalLink": "https://www.sec.gov/Archives/edgar/data/320187/000032018722000038/nke-20220531.htm"
  },
  {
    "date": "2021-05-31",
    "symbol": "NKE",
    "reportedCurrency": "USD",
    "cik": "0000320187",
    "fillingDate": "2021-07-20",
    "acceptedDate": "2021-07-20 16:11:03",
    "calendarYear": "2021",
    "period": "FY",
    "revenue": 44493000000,
    "costOfRevenue": 24588000000,
    "grossProfit": 19905000000,
    "grossProfitRatio": 0.4473737442,
    "researchAndDevelopmentExpenses": 0,
    "generalAndAdministrativeExpenses": 0,
    "sellingAndMarketingExpenses": 0,
    "sellingGeneralAndAdministrativeExpenses": 12773000000,
    "otherExpenses": 0,
    "operatingExpenses": 12773000000,
    "costAndExpenses": 37361000000,
    "interestIncome": 34000000,
    "interestExpense": 289000000,
    "depreciationAndAmortization": 744000000,
    "ebitda": 7694000000,
    "ebitdaratio": 0.1729260783,
    "operatingIncome": 7132000000,
    "operatingIncomeRatio": 0.1602948778,
    "totalOtherIncomeExpensesNet": -471000000,
    "incomeBeforeTax": 6661000000,
    "incomeBeforeTaxRatio": 0.149708943,
    "incomeTaxExpense": 934000000,
    "netIncome": 5727000000,
    "netIncomeRatio": 0.1287168768,
    "eps": 3.64,
    "epsdiluted": 3.56,
    "weightedAverageShsOut": 1573000000,
    "weightedAverageShsOutDil": 1609400000,
    "link": "https://www.sec.gov/Archives/edgar/data/320187/000032018721000028/0000320187-21-000028-index.htm",
    "finalLink": "https://www.sec.gov/Archives/edgar/data/320187/000032018721000028/nke-20210531.htm"
  },
  {
    "date": "2020-05-31",
    "symbol": "NKE",
    "reportedCurrency": "USD",
    "cik": "0000320187",
    "fillingDate": "2020-07-24",
    "acceptedDate": "2020-07-24 16:07:45",
    "calendarYear": "2020",
    "period": "FY",
    "revenue": 37420000000,
    "costOfRevenue": 21526000000,
    "grossProfit": 15894000000,
    "grossProfitRatio": 0.4247461251,
    "researchAndDevelopmentExpenses": 0,
    "generalAndAdministrativeExpenses": 0,
    "sellingAndMarketingExpenses": 0,
    "sellingGeneralAndAdministrativeExpenses": 13124000000,
    "otherExpenses": 0,
    "operatingExpenses": 13124000000,
    "costAndExpenses": 34650000000,
    "interestIncome": 62000000,
    "interestExpense": 144000000,
    "depreciationAndAmortization": 721000000,
    "ebitda": 3752000000,
    "ebitdaratio": 0.1002672368,
    "operatingIncome": 2770000000,
    "operatingIncomeRatio": 0.0740245858,
    "totalOtherIncomeExpensesNet": 117000000,
    "incomeBeforeTax": 2887000000,
    "incomeBeforeTaxRatio": 0.077151256,
    "incomeTaxExpense": 348000000,
    "netIncome": 2539000000,
    "netIncomeRatio": 0.0678514164,
    "eps": 1.63,
    "epsdiluted": 1.6,
    "weightedAverageShsOut": 1558800000,
    "weightedAverageShsOutDil": 1591600000,
    "link": "https://www.sec.gov/Archives/edgar/data/320187/000032018720000047/0000320187-20-000047-index.htm",
    "finalLink": "https://www.sec.gov/Archives/edgar/data/320187/000032018720000047/nke-531202010k.htm"
  },
  {
    "date": "2019-05-31",
    "symbol": "NKE",
    "reportedCurrency": "USD",
    "cik": "0000320187",
    "fillingDate": "2019-07-23",
    "acceptedDate": "2019-07-23 16:13:55",
    "calendarYear": "2019",
    "period": "FY",
    "revenue": 39122000000,
    "costOfRevenue": 21696000000,
    "grossProfit": 17426000000,
    "grossProfitRatio": 0.4454271254,
    "researchAndDevelopmentExpenses": 0,
    "generalAndAdministrativeExpenses": 0,
    "sellingAndMarketingExpenses": 0,
    "sellingGeneralAndAdministrativeExpenses": 12702000000,
    "otherExpenses": 0,
    "operatingExpenses": 12702000000,
    "costAndExpenses": 34398000000,
    "interestIncome": 82000000,
    "interestExpense": 124000000,
    "depreciationAndAmortization": 705000000,
    "ebitda": 5630000000,
    "ebitdaratio": 0.1439087981,
    "operatingIncome": 4724000000,
    "operatingIncomeRatio": 0.1207504729,
    "totalOtherIncomeExpensesNet": 77000000,
    "incomeBeforeTax": 4801000000,
    "incomeBeforeTaxRatio": 0.1227186749,
    "incomeTaxExpense": 772000000,
    "netIncome": 4029000000,
    "netIncomeRatio": 0.1029855324,
    "eps": 2.55,
    "epsdiluted": 2.49,
    "weightedAverageShsOut": 1579700000,
    "weightedAverageShsOutDil": 1618400000,
    "link": "https://www.sec.gov/Archives/edgar/data/320187/000032018719000051/0000320187-19-000051-index.htm",
    "finalLink": "https://www.sec.gov/Archives/edgar/data/320187/000032018719000051/nke-531201910k.htm"
  },
  {
    "date": "2018-05-31",
    "symbol": "NKE",
    "reportedCurrency": "USD",
    "cik": "0000320187",
    "fillingDate": "2018-07-25",
    "acceptedDate": "2018-07-24 18:22:39",
    "calendarYear": "2018",
    "period": "FY",
    "revenue": 36363000000,
    "costOfRevenue": 20351000000,
    "grossProfit": 16012000000,
    "grossProfitRatio": 0.4403377059,
    "researchAndDevelopmentExpenses": 0,
    "generalAndAdministrativeExpenses": 0,
    "sellingAndMarketingExpenses": 0,
    "sellingGeneralAndAdministrativeExpenses": 11512000000,
    "otherExpenses": 0,
    "operatingExpenses": 11512000000,
    "costAndExpenses": 31863000000,
    "interestIncome": 70000000,
    "interestExpense": 117000000,
    "depreciationAndAmortization": 747000000,
    "ebitda": 5189000000,
    "ebitdaratio": 0.1426999972,
    "operatingIncome": 4500000000,
    "operatingIncomeRatio": 0.1237521657,
    "totalOtherIncomeExpensesNet": -175000000,
    "incomeBeforeTax": 4325000000,
    "incomeBeforeTaxRatio": 0.1189395814,
    "incomeTaxExpense": 2392000000,
    "netIncome": 1933000000,
    "netIncomeRatio": 0.0531584303,
    "eps": 1.19,
    "epsdiluted": 1.17,
    "weightedAverageShsOut": 1623800000,
    "weightedAverageShsOutDil": 1659100000,
    "link": "https://www.sec.gov/Archives/edgar/data/320187/000032018718000142/0000320187-18-000142-index.htm",
    "finalLink": "https://www.sec.gov/Archives/edgar/data/320187/000032018718000142/nke-5312018x10k.htm"
  },
  {
    "date": "2017-05-31",
    "symbol": "NKE",
    "reportedCurrency": "USD",
    "cik": "0000320187",
    "fillingDate": "2017-07-20",
    "acceptedDate": "2017-07-20 16:18:16",
    "calendarYear": "2017",
    "period": "FY",
    "revenue": 34254000000,
    "costOfRevenue": 19377000000,
    "grossProfit": 14877000000,
    "grossProfitRatio": 0.4343142407,
    "researchAndDevelopmentExpenses": 0,
    "generalAndAdministrativeExpenses": 0,
    "sellingAndMarketingExpenses": 0,
    "sellingGeneralAndAdministrativeExpenses": 10563000000,
    "otherExpenses": 0,
    "operatingExpenses": 10563000000,
    "costAndExpenses": 29940000000,
    "interestIncome": 27000000,
    "interestExpense": 82000000,
    "depreciationAndAmortization": 706000000,
    "ebitda": 5674000000,
    "ebitdaratio": 0.1656448882,
    "operatingIncome": 4314000000,
    "operatingIncomeRatio": 0.1259414959,
    "totalOtherIncomeExpensesNet": 572000000,
    "incomeBeforeTax": 4886000000,
    "incomeBeforeTaxRatio": 0.1426402756,
    "incomeTaxExpense": 646000000,
    "netIncome": 4240000000,
    "netIncomeRatio": 0.1237811642,
    "eps": 2.56,
    "epsdiluted": 2.51,
    "weightedAverageShsOut": 1657800000,
    "weightedAverageShsOutDil": 1692000000,
    "link": "https://www.sec.gov/Archives/edgar/data/320187/000032018717000090/0000320187-17-000090-index.htm",
    "finalLink": "https://www.sec.gov/Archives/edgar/data/320187/000032018717000090/nke-5312017x10k.htm"
  },
  {
    "date": "2016-05-31",
    "symbol": "NKE",
    "reportedCurrency": "USD",
    "cik": "0000320187",
    "fillingDate": "2016-07-21",
    "acceptedDate": "2016-07-21 16:11:03",
    "calendarYear": "2016",
    "period": "FY",
    "revenue": 32464000000,
    "costOfRevenue": 17991000000,
    "grossProfit": 14473000000,
    "grossProfitRatio": 0.4458169049,
    "researchAndDevelopmentExpenses": 0,
    "generalAndAdministrativeExpenses": 0,
    "sellingAndMarketingExpenses": 0,
    "sellingGeneralAndAdministrativeExpenses": 10469000000,
    "otherExpenses": 0,
    "operatingExpenses": 10469000000,
    "costAndExpenses": 28460000000,
    "interestIncome": 12000000,
    "interestExpense": 33000000,
    "depreciationAndAmortization": 649000000,
    "ebitda": 5305000000,
    "ebitdaratio": 0.1634117792,
    "operatingIncome": 4004000000,
    "operatingIncomeRatio": 0.123336619,
    "totalOtherIncomeExpensesNet": 619000000,
    "incomeBeforeTax": 4623000000,
    "incomeBeforeTaxRatio": 0.1424038935,
    "incomeTaxExpense": 863000000,
    "netIncome": 3760000000,
    "netIncomeRatio": 0.1158206013,
    "eps": 2.21,
    "epsdiluted": 2.16,
    "weightedAverageShsOut": 1697900000,
    "weightedAverageShsOutDil": 1742500000,
    "link": "https://www.sec.gov/Archives/edgar/data/320187/000032018716000336/0000320187-16-000336-index.htm",
    "finalLink": "https://www.sec.gov/Archives/edgar/data/320187/000032018716000336/nke-5312016x10k.htm"
  },
  {
    "date": "2015-05-31",
    "symbol": "NKE",
    "reportedCurrency": "USD",
    "cik": "0000320187",
    "fillingDate": "2015-07-23",
    "acceptedDate": "2015-07-23 17:26:50",
    "calendarYear": "2015",
    "period": "FY",
    "revenue": 30696000000,
    "costOfRevenue": 16754000000,
    "grossProfit": 13942000000,
    "grossProfitRatio": 0.4541959864,
    "researchAndDevelopmentExpenses": 0,
    "generalAndAdministrativeExpenses": 0,
    "sellingAndMarketingExpenses": 0,
    "sellingGeneralAndAdministrativeExpenses": 9892000000,
    "otherExpenses": 0,
    "operatingExpenses": 9892000000,
    "costAndExpenses": 26646000000,
    "interestIncome": 6000000,
    "interestExpense": 39000000,
    "depreciationAndAmortization": 606000000,
    "ebitda": 4850000000,
    "ebitdaratio": 0.1580010425,
    "operatingIncome": 4050000000,
    "operatingIncomeRatio": 0.1319390149,
    "totalOtherIncomeExpensesNet": 155000000,
    "incomeBeforeTax": 4205000000,
    "incomeBeforeTaxRatio": 0.1369885327,
    "incomeTaxExpense": 932000000,
    "netIncome": 3273000000,
    "netIncomeRatio": 0.1066262705,
    "eps": 1.9,
    "epsdiluted": 1.85,
    "weightedAverageShsOut": 1723400000,
    "weightedAverageShsOutDil": 1768800000,
    "link": "https://www.sec.gov/Archives/edgar/data/320187/000032018715000113/0000320187-15-000113-index.htm",
    "finalLink": "https://www.sec.gov/Archives/edgar/data/320187/000032018715000113/nke-5312015x10k.htm"
  },
  {
    "date": "2014-05-31",
    "symbol": "NKE",
    "reportedCurrency": "USD",
    "cik": "0000320187",
    "fillingDate": "2014-07-25",
    "acceptedDate": "2014-07-25 16:22:20",
    "calendarYear": "2014",
    "period": "FY",
    "revenue": 27785000000,
    "costOfRevenue": 15341000000,
    "grossProfit": 12444000000,
    "grossProfitRatio": 0.4478675544,
    "researchAndDevelopmentExpenses": 0,
    "generalAndAdministrativeExpenses": 0,
    "sellingAndMarketingExpenses": 0,
    "sellingGeneralAndAdministrativeExpenses": 8766000000,
    "otherExpenses": 0,
    "operatingExpenses": 8766000000,
    "costAndExpenses": 24107000000,
    "interestIncome": 5000000,
    "interestExpense": 43000000,
    "depreciationAndAmortization": 518000000,
    "ebitda": 4105000000,
    "ebitdaratio": 0.1477415872,
    "operatingIncome": 3678000000,
    "operatingIncomeRatio": 0.1323735829,
    "totalOtherIncomeExpensesNet": -134000000,
    "incomeBeforeTax": 3544000000,
    "incomeBeforeTaxRatio": 0.1275508368,
    "incomeTaxExpense": 851000000,
    "netIncome": 2693000000,
    "netIncomeRatio": 0.0969228001,
    "eps": 1.52,
    "epsdiluted": 1.49,
    "weightedAverageShsOut": 1766800000,
    "weightedAverageShsOutDil": 1811600000,
    "link": "https://www.sec.gov/Archives/edgar/data/320187/000032018714000097/0000320187-14-000097-index.htm",
    "finalLink": "https://www.sec.gov/Archives/edgar/data/320187/000032018714000097/nke-5312014x10k.htm"
  },
  {
    "date": "2013-05-31",
    "symbol": "NKE",
    "reportedCurrency": "USD",
    "cik": "0000320187",
    "fillingDate": "2013-07-23",
    "acceptedDate": "2013-07-23 16:32:32",
    "calendarYear": "2013",
    "period": "FY",
    "revenue": 25332000000,
    "costOfRevenue": 14166000000,
    "grossProfit": 11166000000,
    "grossProfitRatio": 0.4407863572,
    "researchAndDevelopmentExpenses": 0,
    "generalAndAdministrativeExpenses": 0,
    "sellingAndMarketingExpenses": 0,
    "sellingGeneralAndAdministrativeExpenses": 7794000000,
    "otherExpenses": 0,
    "operatingExpenses": 7794000000,
    "costAndExpenses": 21960000000,
    "interestIncome": 4000000,
    "interestExpense": 6000000,
    "depreciationAndAmortization": 438000000,
    "ebitda": 3700000000,
    "ebitdaratio": 0.146060319,
    "operatingIncome": 3372000000,
    "operatingIncomeRatio": 0.1331122691,
    "totalOtherIncomeExpensesNet": -116000000,
    "incomeBeforeTax": 3272000000,
    "incomeBeforeTaxRatio": 0.1291646929,
    "incomeTaxExpense": 808000000,
    "netIncome": 2485000000,
    "netIncomeRatio": 0.0980972683,
    "eps": 1.38,
    "epsdiluted": 1.36,
    "weightedAverageShsOut": 1794600000,
    "weightedAverageShsOutDil": 1832800000,
    "link": "https://www.sec.gov/Archives/edgar/data/320187/000032018713000092/0000320187-13-000092-index.htm",
    "finalLink": "https://www.sec.gov/Archives/edgar/data/320187/000032018713000092/nke-5312013x10k.htm"
  },
  {
    "date": "2012-05-31",
    "symbol": "NKE",
    "reportedCurrency": "USD",
    "cik": "0000320187",
    "fillingDate": "2012-07-24",
    "acceptedDate": "2012-07-24 16:16:23",
    "calendarYear": "2012",
    "period": "FY",
    "revenue": 23326000000,
    "costOfRevenue": 13140000000,
    "grossProfit": 10186000000,
    "grossProfitRatio": 0.4366800995,
    "researchAndDevelopmentExpenses": 0,
    "generalAndAdministrativeExpenses": 0,
    "sellingAndMarketingExpenses": 0,
    "sellingGeneralAndAdministrativeExpenses": 7049000000,
    "otherExpenses": 0,
    "operatingExpenses": 7049000000,
    "costAndExpenses": 20189000000,
    "interestIncome": 27000000,
    "interestExpense": 37000000,
    "depreciationAndAmortization": 387000000,
    "ebitda": 3449000000,
    "ebitdaratio": 0.1478607562,
    "operatingIncome": 3137000000,
    "operatingIncomeRatio": 0.1344851239,
    "totalOtherIncomeExpensesNet": -112000000,
    "incomeBeforeTax": 2983000000,
    "incomeBeforeTaxRatio": 0.127883049,
    "incomeTaxExpense": 760000000,
    "netIncome": 2223000000,
    "netIncomeRatio": 0.0953013804,
    "eps": 1.21,
    "epsdiluted": 1.18,
    "weightedAverageShsOut": 1840000000,
    "weightedAverageShsOutDil": 1879200000,
    "link": "https://www.sec.gov/Archives/edgar/data/320187/000119312512312306/0001193125-12-312306-index.htm",
    "finalLink": "https://www.sec.gov/Archives/edgar/data/320187/000119312512312306/d341264d10k.htm"
  },
  {
    "date": "2011-05-31",
    "symbol": "NKE",
    "reportedCurrency": "USD",
    "cik": "0000320187",
    "fillingDate": "2011-07-22",
    "acceptedDate": "2011-07-22 16:16:31",
    "calendarYear": "2011",
    "period": "FY",
    "revenue": 20892000000,
    "costOfRevenue": 11473000000,
    "grossProfit": 9419000000,
    "grossProfitRatio": 0.4508424277,
    "researchAndDevelopmentExpenses": 0,
    "generalAndAdministrativeExpenses": 0,
    "sellingAndMarketingExpenses": 0,
    "sellingGeneralAndAdministrativeExpenses": 6678000000,
    "otherExpenses": 0,
    "operatingExpenses": 6678000000,
    "costAndExpenses": 18151000000,
    "interestIncome": 30000000,
    "interestExpense": 40000000,
    "depreciationAndAmortization": 351000000,
    "ebitda": 3235000000,
    "ebitdaratio": 0.1548439594,
    "operatingIncome": 2741000000,
    "operatingIncomeRatio": 0.1311985449,
    "totalOtherIncomeExpensesNet": 103000000,
    "incomeBeforeTax": 2844000000,
    "incomeBeforeTaxRatio": 0.1361286617,
    "incomeTaxExpense": 711000000,
    "netIncome": 2133000000,
    "netIncomeRatio": 0.1020964963,
    "eps": 1.12,
    "epsdiluted": 1.1,
    "weightedAverageShsOut": 1902000000,
    "weightedAverageShsOutDil": 1942800000,
    "link": "https://www.sec.gov/Archives/edgar/data/320187/000119312511194791/0001193125-11-194791-index.htm",
    "finalLink": "https://www.sec.gov/Archives/edgar/data/320187/000119312511194791/d10k.htm"
  },
  {
    "date": "2010-05-31",
    "symbol": "NKE",
    "reportedCurrency": "USD",
    "cik": "0000320187",
    "fillingDate": "2010-07-20",
    "acceptedDate": "2010-07-20 17:18:30",
    "calendarYear": "2010",
    "period": "FY",
    "revenue": 18962600000,
    "costOfRevenue": 10287100000,
    "grossProfit": 8675500000,
    "grossProfitRatio": 0.4575058273,
    "researchAndDevelopmentExpenses": 0,
    "generalAndAdministrativeExpenses": 0,
    "sellingAndMarketingExpenses": 0,
    "sellingGeneralAndAdministrativeExpenses": 6313900000,
    "otherExpenses": 0,
    "operatingExpenses": 6313900000,
    "costAndExpenses": 16601000000,
    "interestIncome": 30100000,
    "interestExpense": 43800000,
    "depreciationAndAmortization": 337200000,
    "ebitda": 2897900000,
    "ebitdaratio": 0.1528218704,
    "operatingIncome": 2361600000,
    "operatingIncomeRatio": 0.1245398838,
    "totalOtherIncomeExpensesNet": 155300000,
    "incomeBeforeTax": 2516900000,
    "incomeBeforeTaxRatio": 0.132729689,
    "incomeTaxExpense": 610200000,
    "netIncome": 1906700000,
    "netIncomeRatio": 0.1005505574,
    "eps": 0.98,
    "epsdiluted": 0.97,
    "weightedAverageShsOut": 1942000000,
    "weightedAverageShsOutDil": 1975600000,
    "link": "https://www.sec.gov/Archives/edgar/data/320187/000119312510161874/0001193125-10-161874-index.htm",
    "finalLink": "https://www.sec.gov/Archives/edgar/data/320187/000119312510161874/d10k.htm"
  },
  {
    "date": "2009-05-31",
    "symbol": "NKE",
    "reportedCurrency": "USD",
    "cik": "0000320187",
    "fillingDate": "2009-07-27",
    "acceptedDate": "2009-07-27 17:27:24",
    "calendarYear": "2009",
    "period": "FY",
    "revenue": 19083400000,
    "costOfRevenue": 10570100000,
    "grossProfit": 8513299999,
    "grossProfitRatio": 0.4461102319,
    "researchAndDevelopmentExpenses": 0,
    "generalAndAdministrativeExpenses": 0,
    "sellingAndMarketingExpenses": 0,
    "sellingGeneralAndAdministrativeExpenses": 6138500000,
    "otherExpenses": 0,
    "operatingExpenses": 6138500000,
    "costAndExpenses": 16708599999,
    "interestIncome": 48200000,
    "interestExpense": 40200000,
    "depreciationAndAmortization": 346900000,
    "ebitda": 2343600000,
    "ebitdaratio": 0.1228083046,
    "operatingIncome": 2374800000,
    "operatingIncomeRatio": 0.1244432334,
    "totalOtherIncomeExpensesNet": -418300000,
    "incomeBeforeTax": 1956500000,
    "incomeBeforeTaxRatio": 0.1025236593,
    "incomeTaxExpense": 469800000,
    "netIncome": 1486700000,
    "netIncomeRatio": 0.0779054047,
    "eps": 0.77,
    "epsdiluted": 0.76,
    "weightedAverageShsOut": 1939600000,
    "weightedAverageShsOutDil": 1962800000,
    "link": "https://www.sec.gov/Archives/edgar/data/320187/000119312509155951/0001193125-09-155951-index.htm",
    "finalLink": "https://www.sec.gov/Archives/edgar/data/320187/000119312509155951/d10k.htm"
  },
  {
    "date": "2008-05-31",
    "symbol": "NKE",
    "reportedCurrency": "USD",
    "cik": "0000320187",
    "fillingDate": "2008-07-28",
    "acceptedDate": "2008-07-28 16:08:06",
    "calendarYear": "2008",
    "period": "FY",
    "revenue": 18627000000,
    "costOfRevenue": 10248800000,
    "grossProfit": 8378200000,
    "grossProfitRatio": 0.4497879422,
    "researchAndDevelopmentExpenses": 0,
    "generalAndAdministrativeExpenses": 0,
    "sellingAndMarketingExpenses": 0,
    "sellingGeneralAndAdministrativeExpenses": 5944500000,
    "otherExpenses": 0,
    "operatingExpenses": 5944500000,
    "costAndExpenses": 16193300000,
    "interestIncome": 115800000,
    "interestExpense": 38700000,
    "depreciationAndAmortization": 312800000,
    "ebitda": 2854400000,
    "ebitdaratio": 0.1532399205,
    "operatingIncome": 2433700000,
    "operatingIncomeRatio": 0.1306544264,
    "totalOtherIncomeExpensesNet": 69200000,
    "incomeBeforeTax": 2502900000,
    "incomeBeforeTaxRatio": 0.1343694637,
    "incomeTaxExpense": 619500000,
    "netIncome": 1883400000,
    "netIncomeRatio": 0.1011112901,
    "eps": 0.95,
    "epsdiluted": 0.93,
    "weightedAverageShsOut": 1982400000,
    "weightedAverageShsOutDil": 2016400000,
    "link": "https://www.sec.gov/Archives/edgar/data/320187/000119312508159004/0001193125-08-159004-index.htm",
    "finalLink": "https://www.sec.gov/Archives/edgar/data/320187/000119312508159004/d10k.htm"
  },
  {
    "date": "2007-05-31",
    "symbol": "NKE",
    "reportedCurrency": "USD",
    "cik": "0000320187",
    "fillingDate": "2007-07-27",
    "acceptedDate": "2007-07-27 16:16:21",
    "calendarYear": "2007",
    "period": "FY",
    "revenue": 16325900000,
    "costOfRevenue": 9175300000,
    "grossProfit": 7150600000,
    "grossProfitRatio": 0.4379911674,
    "researchAndDevelopmentExpenses": 0,
    "generalAndAdministrativeExpenses": 0,
    "sellingAndMarketingExpenses": 0,
    "sellingGeneralAndAdministrativeExpenses": 5018800000,
    "otherExpenses": 0,
    "operatingExpenses": 5018800000,
    "costAndExpenses": 14194100000,
    "interestIncome": 116900000,
    "interestExpense": 49700000,
    "depreciationAndAmortization": 279600000,
    "ebitda": 2529200000,
    "ebitdaratio": 0.1549194838,
    "operatingIncome": 2131800000,
    "operatingIncomeRatio": 0.1305777936,
    "totalOtherIncomeExpensesNet": 68099999,
    "incomeBeforeTax": 2199900000,
    "incomeBeforeTaxRatio": 0.1347490797,
    "incomeTaxExpense": 708400000,
    "netIncome": 1491500000,
    "netIncomeRatio": 0.0913579037,
    "eps": 0.74,
    "epsdiluted": 0.73,
    "weightedAverageShsOut": 2015540541,
    "weightedAverageShsOutDil": 2036177474,
    "link": "https://www.sec.gov/Archives/edgar/data/320187/000119312507164166/0001193125-07-164166-index.htm",
    "finalLink": "https://www.sec.gov/Archives/edgar/data/320187/000119312507164166/d10k.htm"
  },
  {
    "date": "2006-05-31",
    "symbol": "NKE",
    "reportedCurrency": "USD",
    "cik": "0000320187",
    "fillingDate": "2006-07-28",
    "acceptedDate": "2006-07-28 17:04:57",
    "calendarYear": "2006",
    "period": "FY",
    "revenue": 14954900000,
    "costOfRevenue": 8377700000,
    "grossProfit": 6577200000,
    "grossProfitRatio": 0.439802339,
    "researchAndDevelopmentExpenses": 0,
    "generalAndAdministrativeExpenses": 0,
    "sellingAndMarketingExpenses": 0,
    "sellingGeneralAndAdministrativeExpenses": 4468000000,
    "otherExpenses": 0,
    "operatingExpenses": 4468000000,
    "costAndExpenses": 12845700000,
    "interestIncome": 87300000,
    "interestExpense": 50500000,
    "depreciationAndAmortization": 291800000,
    "ebitda": 2483900000,
    "ebitdaratio": 0.1660927188,
    "operatingIncome": 2109199999,
    "operatingIncomeRatio": 0.1410373857,
    "totalOtherIncomeExpensesNet": 32400000,
    "incomeBeforeTax": 2141600000,
    "incomeBeforeTaxRatio": 0.1432038997,
    "incomeTaxExpense": 749600000,
    "netIncome": 1392000000,
    "netIncomeRatio": 0.0930798601,
    "eps": 0.67,
    "epsdiluted": 0.66,
    "weightedAverageShsOut": 2073743017,
    "weightedAverageShsOutDil": 2109090909,
    "link": "https://www.sec.gov/Archives/edgar/data/320187/000119312506156152/0001193125-06-156152-index.htm",
    "finalLink": "https://www.sec.gov/Archives/edgar/data/320187/000119312506156152/d10k.htm"
  },
  {
    "date": "2005-05-31",
    "symbol": "NKE",
    "reportedCurrency": "USD",
    "cik": "0000320187",
    "fillingDate": "2005-07-29",
    "acceptedDate": "2005-07-29 17:12:55",
    "calendarYear": "2005",
    "period": "FY",
    "revenue": 13739700000,
    "costOfRevenue": 7633600000,
    "grossProfit": 6106100000,
    "grossProfitRatio": 0.4444129057,
    "researchAndDevelopmentExpenses": 0,
    "generalAndAdministrativeExpenses": 0,
    "sellingAndMarketingExpenses": 0,
    "sellingGeneralAndAdministrativeExpenses": 4212399999,
    "otherExpenses": 0,
    "operatingExpenses": 4212399999,
    "costAndExpenses": 11846000000,
    "interestIncome": 34900000,
    "interestExpense": 39700000,
    "depreciationAndAmortization": 266500000,
    "ebitda": 2166000000,
    "ebitdaratio": 0.1576453634,
    "operatingIncome": 1893700000,
    "operatingIncomeRatio": 0.1378268812,
    "totalOtherIncomeExpensesNet": -33900000,
    "incomeBeforeTax": 1859800000,
    "incomeBeforeTaxRatio": 0.1353595784,
    "incomeTaxExpense": 648200000,
    "netIncome": 1211600000,
    "netIncomeRatio": 0.0881824203,
    "eps": 0.58,
    "epsdiluted": 0.56,
    "weightedAverageShsOut": 2102559653,
    "weightedAverageShsOutDil": 2163571429,
    "link": "https://www.sec.gov/Archives/edgar/data/320187/000095012405004551/0000950124-05-004551-index.htm",
    "finalLink": "https://www.sec.gov/Archives/edgar/data/320187/000095012405004551/v10583e10vk.htm"
  },
  {
    "date": "2004-05-31",
    "symbol": "NKE",
    "reportedCurrency": "USD",
    "cik": "0000320187",
    "fillingDate": "2004-07-30",
    "acceptedDate": "2004-07-30 17:04:26",
    "calendarYear": "2004",
    "period": "FY",
    "revenue": 12253100000,
    "costOfRevenue": 7001400000,
    "grossProfit": 5251700000,
    "grossProfitRatio": 0.4286017416,
    "researchAndDevelopmentExpenses": 0,
    "generalAndAdministrativeExpenses": 3702000000,
    "sellingAndMarketingExpenses": 0,
    "sellingGeneralAndAdministrativeExpenses": 3702000000,
    "otherExpenses": 0,
    "operatingExpenses": 3702000000,
    "costAndExpenses": 10703400000,
    "interestIncome": 0,
    "interestExpense": 25000000,
    "depreciationAndAmortization": 313500000,
    "ebitda": 1863200000,
    "ebitdaratio": 0.1520594788,
    "operatingIncome": 1450000000,
    "operatingIncomeRatio": 0.1183374003,
    "totalOtherIncomeExpensesNet": -99700000,
    "incomeBeforeTax": 1450000000,
    "incomeBeforeTaxRatio": 0.1183374003,
    "incomeTaxExpense": 504400000,
    "netIncome": 945600000,
    "netIncomeRatio": 0.0771723074,
    "eps": 0.45,
    "epsdiluted": 0.44,
    "weightedAverageShsOut": 2107186630,
    "weightedAverageShsOutDil": 2155213675,
    "link": "https://www.sec.gov/Archives/edgar/data/320187/000119312504128270/0001193125-04-128270-index.htm",
    "finalLink": "https://www.sec.gov/Archives/edgar/data/320187/000119312504128270/d10k.htm"
  },
  {
    "date": "2003-05-31",
    "symbol": "NKE",
    "reportedCurrency": "USD",
    "cik": "0000320187",
    "fillingDate": "2003-08-07",
    "acceptedDate": "2003-08-07 17:13:04",
    "calendarYear": "2003",
    "period": "FY",
    "revenue": 10697000000,
    "costOfRevenue": 6313600000,
    "grossProfit": 4383400000,
    "grossProfitRatio": 0.4097784426,
    "researchAndDevelopmentExpenses": 0,
    "generalAndAdministrativeExpenses": 3137600000,
    "sellingAndMarketingExpenses": 0,
    "sellingGeneralAndAdministrativeExpenses": 3137600000,
    "otherExpenses": 0,
    "operatingExpenses": 3137600000,
    "costAndExpenses": 9451200000,
    "interestIncome": 14100000,
    "interestExpense": 42900000,
    "depreciationAndAmortization": 262500000,
    "ebitda": 1491800000,
    "ebitdaratio": 0.1394596616,
    "operatingIncome": 856900000,
    "operatingIncomeRatio": 0.0801065719,
    "totalOtherIncomeExpensesNet": -106300000,
    "incomeBeforeTax": 1123000000,
    "incomeBeforeTaxRatio": 0.1049827054,
    "incomeTaxExpense": 382900000,
    "netIncome": 474000000,
    "netIncomeRatio": 0.0443114892,
    "eps": 0.22,
    "epsdiluted": 0.22,
    "weightedAverageShsOut": 2116000000,
    "weightedAverageShsOutDil": 2140800000,
    "link": "https://www.sec.gov/Archives/edgar/data/320187/000119312503031022/0001193125-03-031022-index.htm",
    "finalLink": "https://www.sec.gov/Archives/edgar/data/320187/000119312503031022/d10k.htm"
  },
  {
    "date": "2002-05-31",
    "symbol": "NKE",
    "reportedCurrency": "USD",
    "cik": "0000320187",
    "fillingDate": "2002-08-14",
    "acceptedDate": "2002-08-14 15:37:26",
    "calendarYear": "2002",
    "period": "FY",
    "revenue": 9893000000,
    "costOfRevenue": 6004700000,
    "grossProfit": 3888300000,
    "grossProfitRatio": 0.3930354796,
    "researchAndDevelopmentExpenses": 0,
    "generalAndAdministrativeExpenses": 2820400000,
    "sellingAndMarketingExpenses": 0,
    "sellingGeneralAndAdministrativeExpenses": 2820400000,
    "otherExpenses": 0,
    "operatingExpenses": 2820400000,
    "costAndExpenses": 8825100000,
    "interestIncome": 13600000,
    "interestExpense": 47600000,
    "depreciationAndAmortization": 271600000,
    "ebitda": 1324100000,
    "ebitdaratio": 0.1338421106,
    "operatingIncome": 1012300000,
    "operatingIncomeRatio": 0.1023248762,
    "totalOtherIncomeExpensesNet": -35200000,
    "incomeBeforeTax": 1017300000,
    "incomeBeforeTaxRatio": 0.102830284,
    "incomeTaxExpense": 349000000,
    "netIncome": 663300000,
    "netIncomeRatio": 0.0670474073,
    "eps": 0.31,
    "epsdiluted": 0.3,
    "weightedAverageShsOut": 2141600000,
    "weightedAverageShsOutDil": 2177600000,
    "link": "https://www.sec.gov/Archives/edgar/data/320187/000089102002001248/0000891020-02-001248-index.htm",
    "finalLink": "https://www.sec.gov/Archives/edgar/data/320187/000089102002001248/v83383ore10vk.htm"
  },
  {
    "date": "2001-05-31",
    "symbol": "NKE",
    "reportedCurrency": "USD",
    "cik": "0000320187",
    "fillingDate": "2001-08-09",
    "acceptedDate": "2001-08-09 00:00:00",
    "calendarYear": "2001",
    "period": "FY",
    "revenue": 9488800000,
    "costOfRevenue": 5784900000,
    "grossProfit": 3703900000,
    "grossProfitRatio": 0.390344406,
    "researchAndDevelopmentExpenses": 0,
    "generalAndAdministrativeExpenses": 2689700000,
    "sellingAndMarketingExpenses": 0,
    "sellingGeneralAndAdministrativeExpenses": 2689700000,
    "otherExpenses": 0,
    "operatingExpenses": 2689700000,
    "costAndExpenses": 8474600000,
    "interestIncome": 0,
    "interestExpense": 0,
    "depreciationAndAmortization": 214100000,
    "ebitda": 1228300000,
    "ebitdaratio": 0.1294473485,
    "operatingIncome": 921400000,
    "operatingIncomeRatio": 0.0971039541,
    "totalOtherIncomeExpensesNet": -92800000,
    "incomeBeforeTax": 921400000,
    "incomeBeforeTaxRatio": 0.0971039541,
    "incomeTaxExpense": 331700000,
    "netIncome": 589700000,
    "netIncomeRatio": 0.0621469522,
    "eps": 0.27,
    "epsdiluted": 0.27,
    "weightedAverageShsOut": 2164036697,
    "weightedAverageShsOutDil": 2184074074,
    "link": "https://www.sec.gov/Archives/edgar/data/320187/000109581101503828/0001095811-01-503828-index.htm",
    "finalLink": "https://www.sec.gov/Archives/edgar/data/320187/000109581101503828/v74223e10-k.txt"
  },
  {
    "date": "2000-05-31",
    "symbol": "NKE",
    "reportedCurrency": "USD",
    "cik": "0000320187",
    "fillingDate": "2000-08-29",
    "acceptedDate": "2000-08-29 00:00:00",
    "calendarYear": "2000",
    "period": "FY",
    "revenue": 8995100000,
    "costOfRevenue": 5180200000,
    "grossProfit": 3814900000,
    "grossProfitRatio": 0.4241086814,
    "researchAndDevelopmentExpenses": 0,
    "generalAndAdministrativeExpenses": 2606400000,
    "sellingAndMarketingExpenses": 0,
    "sellingGeneralAndAdministrativeExpenses": 2606400000,
    "otherExpenses": 223600000,
    "operatingExpenses": 2830000000,
    "costAndExpenses": 8010200000,
    "interestIncome": 0,
    "interestExpense": 0,
    "depreciationAndAmortization": 223600000,
    "ebitda": 1208500000,
    "ebitdaratio": 0.1343509244,
    "operatingIncome": 919200000,
    "operatingIncomeRatio": 0.1021889696,
    "totalOtherIncomeExpensesNet": -65700000,
    "incomeBeforeTax": 919200000,
    "incomeBeforeTaxRatio": 0.1021889696,
    "incomeTaxExpense": 340100000,
    "netIncome": 579100000,
    "netIncomeRatio": 0.0643794955,
    "eps": 0.26,
    "epsdiluted": 0.26,
    "weightedAverageShsOut": 2206095238,
    "weightedAverageShsOutDil": 2238067633,
    "link": "https://www.sec.gov/Archives/edgar/data/320187/000091205700039514/0000912057-00-039514-index.htm",
    "finalLink": "https://www.sec.gov/Archives/edgar/data/320187/000091205700039514/a10-k405.txt"
  },
  {
    "date": "1999-05-31",
    "symbol": "NKE",
    "reportedCurrency": "USD",
    "cik": "0000320187",
    "fillingDate": "1999-08-26",
    "acceptedDate": "1999-08-26 00:00:00",
    "calendarYear": "1999",
    "period": "FY",
    "revenue": 8776900000,
    "costOfRevenue": 5264700000,
    "grossProfit": 3512200000,
    "grossProfitRatio": 0.400164067,
    "researchAndDevelopmentExpenses": 0,
    "generalAndAdministrativeExpenses": 2426600000,
    "sellingAndMarketingExpenses": 0,
    "sellingGeneralAndAdministrativeExpenses": 2426600000,
    "otherExpenses": 228800000,
    "operatingExpenses": 2655400000,
    "costAndExpenses": 7920100000,
    "interestIncome": 0,
    "interestExpense": 0,
    "depreciationAndAmortization": 228800000,
    "ebitda": 1085600000,
    "ebitdaratio": 0.1236883182,
    "operatingIncome": 746100000,
    "operatingIncomeRatio": 0.0850072349,
    "totalOtherIncomeExpensesNet": -110700000,
    "incomeBeforeTax": 746100000,
    "incomeBeforeTaxRatio": 0.0850072349,
    "incomeTaxExpense": 294700000,
    "netIncome": 451400000,
    "netIncomeRatio": 0.0514304595,
    "eps": 0.2,
    "epsdiluted": 0.2,
    "weightedAverageShsOut": 2271194969,
    "weightedAverageShsOutDil": 2300127389,
    "link": "https://www.sec.gov/Archives/edgar/data/320187/000032018799000010/0000320187-99-000010-index.htm",
    "finalLink": "https://www.sec.gov/Archives/edgar/data/320187/000032018799000010/0000320187-99-000010.txt"
  },
  {
    "date": "1998-05-31",
    "symbol": "NKE",
    "reportedCurrency": "USD",
    "cik": "0000320187",
    "fillingDate": "1998-08-26",
    "acceptedDate": "1998-08-26 00:00:00",
    "calendarYear": "1998",
    "period": "FY",
    "revenue": 9553100000,
    "costOfRevenue": 5832000000,
    "grossProfit": 3721100000,
    "grossProfitRatio": 0.3895175388,
    "researchAndDevelopmentExpenses": 0,
    "generalAndAdministrativeExpenses": 2623800000,
    "sellingAndMarketingExpenses": 0,
    "sellingGeneralAndAdministrativeExpenses": 2623800000,
    "otherExpenses": 233500000,
    "operatingExpenses": 2857300000,
    "costAndExpenses": 8689300000,
    "interestIncome": 0,
    "interestExpense": 0,
    "depreciationAndAmortization": 233500000,
    "ebitda": 1097300000,
    "ebitdaratio": 0.1148632381,
    "operatingIncome": 653000000,
    "operatingIncomeRatio": 0.0683547749,
    "totalOtherIncomeExpensesNet": -210800000,
    "incomeBeforeTax": 653000000,
    "incomeBeforeTaxRatio": 0.0683547749,
    "incomeTaxExpense": 253400000,
    "netIncome": 399600000,
    "netIncomeRatio": 0.0418293538,
    "eps": 0.17,
    "epsdiluted": 0.17,
    "weightedAverageShsOut": 2316521739,
    "weightedAverageShsOutDil": 2368000000,
    "link": "https://www.sec.gov/Archives/edgar/data/320187/000032018798000018/0000320187-98-000018-index.htm",
    "finalLink": "https://www.sec.gov/Archives/edgar/data/320187/0000320187-98-000018.txt"
  },
  {
    "date": "1997-05-31",
    "symbol": "NKE",
    "reportedCurrency": "USD",
    "cik": "0000320187",
    "fillingDate": "1997-08-29",
    "acceptedDate": "1997-08-29 00:00:00",
    "calendarYear": "1997",
    "period": "FY",
    "revenue": 9186500000,
    "costOfRevenue": 5334700000,
    "grossProfit": 3851800000,
    "grossProfitRatio": 0.4192891743,
    "researchAndDevelopmentExpenses": 0,
    "generalAndAdministrativeExpenses": 2303700000,
    "sellingAndMarketingExpenses": 0,
    "sellingGeneralAndAdministrativeExpenses": 2303700000,
    "otherExpenses": 168300000,
    "operatingExpenses": 2472000000,
    "costAndExpenses": 7806700000,
    "interestIncome": 0,
    "interestExpense": 0,
    "depreciationAndAmortization": 168300000,
    "ebitda": 1548100000,
    "ebitdaratio": 0.1685190225,
    "operatingIncome": 1295200000,
    "operatingIncomeRatio": 0.1409894955,
    "totalOtherIncomeExpensesNet": -84600000,
    "incomeBeforeTax": 1295200000,
    "incomeBeforeTaxRatio": 0.1409894955,
    "incomeTaxExpense": 499400000,
    "netIncome": 795800000,
    "netIncomeRatio": 0.0866271159,
    "eps": 0.34,
    "epsdiluted": 0.33,
    "weightedAverageShsOut": 2314160000,
    "weightedAverageShsOutDil": 2376000000,
    "link": "https://www.sec.gov/Archives/edgar/data/320187/000091205797029601/0000912057-97-029601-index.htm",
    "finalLink": "https://www.sec.gov/Archives/edgar/data/320187/0000912057-97-029601.txt"
  },
  {
    "date": "1996-05-31",
    "symbol": "NKE",
    "reportedCurrency": "USD",
    "cik": "0000320187",
    "fillingDate": "1996-09-23",
    "acceptedDate": "1996-09-23 00:00:00",
    "calendarYear": "1996",
    "period": "FY",
    "revenue": 6470600000,
    "costOfRevenue": 3774300000,
    "grossProfit": 2696300000,
    "grossProfitRatio": 0.4167001515,
    "researchAndDevelopmentExpenses": 0,
    "generalAndAdministrativeExpenses": 1588600000,
    "sellingAndMarketingExpenses": 0,
    "sellingGeneralAndAdministrativeExpenses": 1588600000,
    "otherExpenses": 132400000,
    "operatingExpenses": 1721000000,
    "costAndExpenses": 5495300000,
    "interestIncome": 0,
    "interestExpense": 0,
    "depreciationAndAmortization": 132400000,
    "ebitda": 1107700000,
    "ebitdaratio": 0.1711896887,
    "operatingIncome": 899100000,
    "operatingIncomeRatio": 0.1389515655,
    "totalOtherIncomeExpensesNet": -76200000,
    "incomeBeforeTax": 899100000,
    "incomeBeforeTaxRatio": 0.1389515655,
    "incomeTaxExpense": 345900000,
    "netIncome": 553200000,
    "netIncomeRatio": 0.08549439,
    "eps": 0.24,
    "epsdiluted": 0.24,
    "weightedAverageShsOut": 2348864000,
    "weightedAverageShsOutDil": 2348864000,
    "link": "https://www.sec.gov/Archives/edgar/data/320187/000032018796000014/0000320187-96-000014-index.htm",
    "finalLink": "https://www.sec.gov/Archives/edgar/data/320187/0000320187-96-000014.txt"
  },
  {
    "date": "1995-05-31",
    "symbol": "NKE",
    "reportedCurrency": "USD",
    "cik": "0000320187",
    "fillingDate": "1995-08-30",
    "acceptedDate": "1995-08-30 00:00:00",
    "calendarYear": "1995",
    "period": "FY",
    "revenue": 4760800000,
    "costOfRevenue": 2775100000,
    "grossProfit": 1985700000,
    "grossProfitRatio": 0.4170937658,
    "researchAndDevelopmentExpenses": 0,
    "generalAndAdministrativeExpenses": 1209800000,
    "sellingAndMarketingExpenses": 0,
    "sellingGeneralAndAdministrativeExpenses": 1209800000,
    "otherExpenses": 90200000,
    "operatingExpenses": 1300000000,
    "costAndExpenses": 4075100000,
    "interestIncome": 0,
    "interestExpense": 0,
    "depreciationAndAmortization": 90200000,
    "ebitda": 775900000,
    "ebitdaratio": 0.1629768106,
    "operatingIncome": 649900000,
    "operatingIncomeRatio": 0.1365106705,
    "totalOtherIncomeExpensesNet": -35800000,
    "incomeBeforeTax": 649900000,
    "incomeBeforeTaxRatio": 0.1365106705,
    "incomeTaxExpense": 250200000,
    "netIncome": 399700000,
    "netIncomeRatio": 0.0839564779,
    "eps": 0.17,
    "epsdiluted": 0.17,
    "weightedAverageShsOut": 2286240000,
    "weightedAverageShsOutDil": 2352096000,
    "link": "https://www.sec.gov/Archives/edgar/data/320187/000032018795000013/0000320187-95-000013-index.htm",
    "finalLink": "https://www.sec.gov/Archives/edgar/data/320187/0000320187-95-000013.txt"
  },
  {
    "date": "1994-05-31",
    "symbol": "NKE",
    "reportedCurrency": "USD",
    "cik": "0000320187",
    "fillingDate": "1994-05-31",
    "acceptedDate": "1994-05-31 00:00:00",
    "calendarYear": "1994",
    "period": "FY",
    "revenue": 3789700000,
    "costOfRevenue": 2236900000,
    "grossProfit": 1552800000,
    "grossProfitRatio": 0.409742196,
    "researchAndDevelopmentExpenses": 0,
    "generalAndAdministrativeExpenses": 0,
    "sellingAndMarketingExpenses": 0,
    "sellingGeneralAndAdministrativeExpenses": 974100000,
    "otherExpenses": 64500000,
    "operatingExpenses": 1038600000,
    "costAndExpenses": 3275500000,
    "interestIncome": 0,
    "interestExpense": 0,
    "depreciationAndAmortization": 64500000,
    "ebitda": 578700000,
    "ebitdaratio": 0.1527033802,
    "operatingIncome": 490600000,
    "operatingIncomeRatio": 0.1294561575,
    "totalOtherIncomeExpensesNet": -23600000,
    "incomeBeforeTax": 490600000,
    "incomeBeforeTaxRatio": 0.1294561575,
    "incomeTaxExpense": 191800000,
    "netIncome": 298800000,
    "netIncomeRatio": 0.0788452912,
    "eps": 0.13,
    "epsdiluted": 0.13,
    "weightedAverageShsOut": 2342400000,
    "weightedAverageShsOutDil": 2342400000,
    "link": null,
    "finalLink": null
  },
  {
    "date": "1993-05-31",
    "symbol": "NKE",
    "reportedCurrency": "USD",
    "cik": "0000320187",
    "fillingDate": "1993-05-31",
    "acceptedDate": "1993-05-31 00:00:00",
    "calendarYear": "1993",
    "period": "FY",
    "revenue": 3931000000,
    "costOfRevenue": 2326600000,
    "grossProfit": 1604400000,
    "grossProfitRatio": 0.4081404223,
    "researchAndDevelopmentExpenses": 0,
    "generalAndAdministrativeExpenses": 0,
    "sellingAndMarketingExpenses": 0,
    "sellingGeneralAndAdministrativeExpenses": 922300000,
    "otherExpenses": 60400000,
    "operatingExpenses": 982700000,
    "costAndExpenses": 3309300000,
    "interestIncome": 0,
    "interestExpense": 0,
    "depreciationAndAmortization": 60400000,
    "ebitda": 682100000,
    "ebitdaratio": 0.1735181888,
    "operatingIncome": 594500000,
    "operatingIncomeRatio": 0.1512337828,
    "totalOtherIncomeExpensesNet": -27200000,
    "incomeBeforeTax": 594500000,
    "incomeBeforeTaxRatio": 0.1512337828,
    "incomeTaxExpense": 229500000,
    "netIncome": 365000000,
    "netIncomeRatio": 0.0928516917,
    "eps": 0.15,
    "epsdiluted": 0.15,
    "weightedAverageShsOut": 2427264000,
    "weightedAverageShsOutDil": 2427264000,
    "link": null,
    "finalLink": null
  },
  {
    "date": "1992-05-31",
    "symbol": "NKE",
    "reportedCurrency": "USD",
    "cik": "0000320187",
    "fillingDate": "1992-05-31",
    "acceptedDate": "1992-05-31 00:00:00",
    "calendarYear": "1992",
    "period": "FY",
    "revenue": 3405200000,
    "costOfRevenue": 2041400000,
    "grossProfit": 1363800000,
    "grossProfitRatio": 0.4005051098,
    "researchAndDevelopmentExpenses": 0,
    "generalAndAdministrativeExpenses": 0,
    "sellingAndMarketingExpenses": 0,
    "sellingGeneralAndAdministrativeExpenses": 761500000,
    "otherExpenses": 47700000,
    "operatingExpenses": 809200000,
    "costAndExpenses": 2850600000,
    "interestIncome": 0,
    "interestExpense": 0,
    "depreciationAndAmortization": 47700000,
    "ebitda": 602300000,
    "ebitdaratio": 0.1768765418,
    "operatingIncome": 521800000,
    "operatingIncomeRatio": 0.1532362269,
    "totalOtherIncomeExpensesNet": -32800000,
    "incomeBeforeTax": 521800000,
    "incomeBeforeTaxRatio": 0.1532362269,
    "incomeTaxExpense": 192600000,
    "netIncome": 329200000,
    "netIncomeRatio": 0.0966756725,
    "eps": 0.14,
    "epsdiluted": 0.14,
    "weightedAverageShsOut": 2416320000,
    "weightedAverageShsOutDil": 2416320000,
    "link": null,
    "finalLink": null
  },
  {
    "date": "1991-05-31",
    "symbol": "NKE",
    "reportedCurrency": "USD",
    "cik": "0000320187",
    "fillingDate": "1991-05-31",
    "acceptedDate": "1991-05-31 00:00:00",
    "calendarYear": "1991",
    "period": "FY",
    "revenue": 3003600000,
    "costOfRevenue": 1816100000,
    "grossProfit": 1187500000,
    "grossProfitRatio": 0.3953589027,
    "researchAndDevelopmentExpenses": 0,
    "generalAndAdministrativeExpenses": 0,
    "sellingAndMarketingExpenses": 0,
    "sellingGeneralAndAdministrativeExpenses": 664100000,
    "otherExpenses": 34500000,
    "operatingExpenses": 698600000,
    "costAndExpenses": 2514700000,
    "interestIncome": 0,
    "interestExpense": 0,
    "depreciationAndAmortization": 34500000,
    "ebitda": 523400000,
    "ebitdaratio": 0.1742575576,
    "operatingIncome": 461700000,
    "operatingIncomeRatio": 0.1537155414,
    "totalOtherIncomeExpensesNet": -27200000,
    "incomeBeforeTax": 461700000,
    "incomeBeforeTaxRatio": 0.1537155414,
    "incomeTaxExpense": 174700000,
    "netIncome": 287000000,
    "netIncomeRatio": 0.0955520043,
    "eps": 0.12,
    "epsdiluted": 0.12,
    "weightedAverageShsOut": 2409472000,
    "weightedAverageShsOutDil": 2409472000,
    "link": null,
    "finalLink": null
  },
  {
    "date": "1990-05-31",
    "symbol": "NKE",
    "reportedCurrency": "USD",
    "cik": "0000320187",
    "fillingDate": "1990-05-31",
    "acceptedDate": "1990-05-31 00:00:00",
    "calendarYear": "1990",
    "period": "FY",
    "revenue": 2235200000,
    "costOfRevenue": 1367000000,
    "grossProfit": 868200000,
    "grossProfitRatio": 0.3884216178,
    "researchAndDevelopmentExpenses": 0,
    "generalAndAdministrativeExpenses": 0,
    "sellingAndMarketingExpenses": 0,
    "sellingGeneralAndAdministrativeExpenses": 454500000,
    "otherExpenses": 17100000,
    "operatingExpenses": 471600000,
    "costAndExpenses": 1838600000,
    "interestIncome": 0,
    "interestExpense": 0,
    "depreciationAndAmortization": 17100000,
    "ebitda": 413700000,
    "ebitdaratio": 0.1850841088,
    "operatingIncome": 393400000,
    "operatingIncomeRatio": 0.1760021475,
    "totalOtherIncomeExpensesNet": -3200000,
    "incomeBeforeTax": 393400000,
    "incomeBeforeTaxRatio": 0.1760021475,
    "incomeTaxExpense": 150400000,
    "netIncome": 243000000,
    "netIncomeRatio": 0.1087151038,
    "eps": 0.1,
    "epsdiluted": 0.1,
    "weightedAverageShsOut": 2387136000,
    "weightedAverageShsOutDil": 2387136000,
    "link": null,
    "finalLink": null
  },
  {
    "date": "1989-05-31",
    "symbol": "NKE",
    "reportedCurrency": "USD",
    "cik": "0000320187",
    "fillingDate": "1989-05-31",
    "acceptedDate": "1989-05-31 00:00:00",
    "calendarYear": "1989",
    "period": "FY",
    "revenue": 1710800000,
    "costOfRevenue": 1060100000,
    "grossProfit": 650700000,
    "grossProfitRatio": 0.380348375,
    "researchAndDevelopmentExpenses": 0,
    "generalAndAdministrativeExpenses": 0,
    "sellingAndMarketingExpenses": 0,
    "sellingGeneralAndAdministrativeExpenses": 354800000,
    "otherExpenses": 14800000,
    "operatingExpenses": 369600000,
    "costAndExpenses": 1429700000,
    "interestIncome": 0,
    "interestExpense": 0,
    "depreciationAndAmortization": 14800000,
    "ebitda": 295900000,
    "ebitdaratio": 0.1729600187,
    "operatingIncome": 270600000,
    "operatingIncomeRatio": 0.1581716156,
    "totalOtherIncomeExpensesNet": -10500000,
    "incomeBeforeTax": 270600000,
    "incomeBeforeTaxRatio": 0.1581716156,
    "incomeTaxExpense": 103600000,
    "netIncome": 167000000,
    "netIncomeRatio": 0.0976151508,
    "eps": 0.07,
    "epsdiluted": 0.07,
    "weightedAverageShsOut": 2387136000,
    "weightedAverageShsOutDil": 2387136000,
    "link": null,
    "finalLink": null
  },
  {
    "date": "1988-05-31",
    "symbol": "NKE",
    "reportedCurrency": "USD",
    "cik": "0000320187",
    "fillingDate": "1988-05-31",
    "acceptedDate": "1988-05-30 20:00:00",
    "calendarYear": "1988",
    "period": "FY",
    "revenue": 1203400000,
    "costOfRevenue": 789400000,
    "grossProfit": 414000000,
    "grossProfitRatio": 0.3440252618,
    "researchAndDevelopmentExpenses": 0,
    "generalAndAdministrativeExpenses": 0,
    "sellingAndMarketingExpenses": 0,
    "sellingGeneralAndAdministrativeExpenses": 246600000,
    "otherExpenses": 14000000,
    "operatingExpenses": 260600000,
    "costAndExpenses": 1050000000,
    "interestIncome": 0,
    "interestExpense": 0,
    "depreciationAndAmortization": 14000000,
    "ebitda": 167400000,
    "ebitdaratio": 0.1391058667,
    "operatingIncome": 152200000,
    "operatingIncomeRatio": 0.1264749875,
    "totalOtherIncomeExpensesNet": 12800000,
    "incomeBeforeTax": 166200000,
    "incomeBeforeTaxRatio": 0.138108692,
    "incomeTaxExpense": 64500000,
    "netIncome": 101700000,
    "netIncomeRatio": 0.0845105534,
    "eps": 0.0428,
    "epsdiluted": 0.0428,
    "weightedAverageShsOut": 2374592000,
    "weightedAverageShsOutDil": 2374592000,
    "link": "",
    "finalLink": ""
  },
  {
    "date": "1987-05-31",
    "symbol": "NKE",
    "reportedCurrency": "USD",
    "cik": "0000320187",
    "fillingDate": "1987-05-31",
    "acceptedDate": "1987-05-30 20:00:00",
    "calendarYear": "1987",
    "period": "FY",
    "revenue": 877400000,
    "costOfRevenue": 584600000,
    "grossProfit": 292800000,
    "grossProfitRatio": 0.3337132437,
    "researchAndDevelopmentExpenses": 0,
    "generalAndAdministrativeExpenses": 0,
    "sellingAndMarketingExpenses": 0,
    "sellingGeneralAndAdministrativeExpenses": 204700000,
    "otherExpenses": 12100000,
    "operatingExpenses": 216800000,
    "costAndExpenses": 801400000,
    "interestIncome": 0,
    "interestExpense": 0,
    "depreciationAndAmortization": 12100000,
    "ebitda": 88100000,
    "ebitdaratio": 0.1004103032,
    "operatingIncome": 61600000,
    "operatingIncomeRatio": 0.070207431,
    "totalOtherIncomeExpensesNet": -2300000,
    "incomeBeforeTax": 73700000,
    "incomeBeforeTaxRatio": 0.0839981764,
    "incomeTaxExpense": 37800000,
    "netIncome": 35900000,
    "netIncomeRatio": 0.0409163437,
    "eps": 0.0148,
    "epsdiluted": 0.0148,
    "weightedAverageShsOut": 2428032000,
    "weightedAverageShsOutDil": 2428032000,
    "link": "",
    "finalLink": ""
  },
  {
    "date": "1986-05-31",
    "symbol": "NKE",
    "reportedCurrency": "USD",
    "cik": "0000320187",
    "fillingDate": "1986-05-31",
    "acceptedDate": "1986-05-30 20:00:00",
    "calendarYear": "1986",
    "period": "FY",
    "revenue": 1069200000,
    "costOfRevenue": 712400000,
    "grossProfit": 356800000,
    "grossProfitRatio": 0.3337074448,
    "researchAndDevelopmentExpenses": 0,
    "generalAndAdministrativeExpenses": 0,
    "sellingAndMarketingExpenses": 0,
    "sellingGeneralAndAdministrativeExpenses": 209200000,
    "otherExpenses": 10500000,
    "operatingExpenses": 219700000,
    "costAndExpenses": 932100000,
    "interestIncome": 0,
    "interestExpense": 0,
    "depreciationAndAmortization": 10500000,
    "ebitda": 147600000,
    "ebitdaratio": 0.138047138,
    "operatingIncome": 106500000,
    "operatingIncomeRatio": 0.0996071829,
    "totalOtherIncomeExpensesNet": -20100000,
    "incomeBeforeTax": 117000000,
    "incomeBeforeTaxRatio": 0.1094276094,
    "incomeTaxExpense": 57800000,
    "netIncome": 59200000,
    "netIncomeRatio": 0.0553684998,
    "eps": 0.0245,
    "epsdiluted": 0.0245,
    "weightedAverageShsOut": 2417408000,
    "weightedAverageShsOutDil": 2417408000,
    "link": "",
    "finalLink": ""
  }
]