[
  {
    "date": "2025-06-30",
    "symbol": "NOC",
    "reportedCurrency": "USD",
    "cik": "0001133421",
    "fillingDate": "2025-07-22",
    "acceptedDate": "2025-07-22 16:02:51",
    "calendarYear": "2025",
    "period": "Q2",
    "revenue": 10351000000,
    "costOfRevenue": 8141000000,
    "grossProfit": 2210000000,
    "grossProfitRatio": 0.2135059415,
    "researchAndDevelopmentExpenses": 0,
    "generalAndAdministrativeExpenses": 0,
    "sellingAndMarketingExpenses": 0,
    "sellingGeneralAndAdministrativeExpenses": 1016000000,
    "otherExpenses": 0,
    "operatingExpenses": 1016000000,
    "costAndExpenses": 9157000000,
    "interestIncome": 0,
    "interestExpense": 173000000,
    "depreciationAndAmortization": 350000000,
    "ebitda": 1950000000,
    "ebitdaratio": 0.1883875954,
    "operatingIncome": 1194000000,
    "operatingIncomeRatio": 0.1153511738,
    "totalOtherIncomeExpensesNet": 233000000,
    "incomeBeforeTax": 1427000000,
    "incomeBeforeTaxRatio": 0.1378610762,
    "incomeTaxExpense": 253000000,
    "netIncome": 1174000000,
    "netIncomeRatio": 0.1134189933,
    "eps": 8.17,
    "epsdiluted": 8.15,
    "weightedAverageShsOut": 143700000,
    "weightedAverageShsOutDil": 144000000,
    "link": "https://www.sec.gov/Archives/edgar/data/1133421/000113342125000049/0001133421-25-000049-index.htm",
    "finalLink": "https://www.sec.gov/Archives/edgar/data/1133421/000113342125000049/noc-20250630.htm"
  },
  {
    "date": "2025-03-31",
    "symbol": "NOC",
    "reportedCurrency": "USD",
    "cik": "0001133421",
    "fillingDate": "2025-04-22",
    "acceptedDate": "2025-04-22 16:02:49",
    "calendarYear": "2025",
    "period": "Q1",
    "revenue": 9468000000,
    "costOfRevenue": 7888000000,
    "grossProfit": 1580000000,
    "grossProfitRatio": 0.1668779045,
    "researchAndDevelopmentExpenses": 0,
    "generalAndAdministrativeExpenses": 1007000000,
    "sellingAndMarketingExpenses": -130000000,
    "sellingGeneralAndAdministrativeExpenses": 877000000,
    "otherExpenses": 130000000,
    "operatingExpenses": 1007000000,
    "costAndExpenses": 8895000000,
    "interestIncome": 0,
    "interestExpense": 156000000,
    "depreciationAndAmortization": 337000000,
    "ebitda": 1071000000,
    "ebitdaratio": 0.1131178707,
    "operatingIncome": 573000000,
    "operatingIncomeRatio": 0.0605196451,
    "totalOtherIncomeExpensesNet": 5000000,
    "incomeBeforeTax": 578000000,
    "incomeBeforeTaxRatio": 0.0610477398,
    "incomeTaxExpense": 97000000,
    "netIncome": 481000000,
    "netIncomeRatio": 0.0508027038,
    "eps": 3.33,
    "epsdiluted": 3.32,
    "weightedAverageShsOut": 144600000,
    "weightedAverageShsOutDil": 144900000,
    "link": "https://www.sec.gov/Archives/edgar/data/1133421/000113342125000023/0001133421-25-000023-index.htm",
    "finalLink": "https://www.sec.gov/Archives/edgar/data/1133421/000113342125000023/noc-20250331.htm"
  },
  {
    "date": "2024-12-31",
    "symbol": "NOC",
    "reportedCurrency": "USD",
    "cik": "0001133421",
    "fillingDate": "2025-01-30",
    "acceptedDate": "2025-01-30 16:11:12",
    "calendarYear": "2024",
    "period": "Q4",
    "revenue": 10686000000,
    "costOfRevenue": 8754000000,
    "grossProfit": 1932000000,
    "grossProfitRatio": 0.1807973049,
    "researchAndDevelopmentExpenses": 1100000000,
    "generalAndAdministrativeExpenses": 843000000,
    "sellingAndMarketingExpenses": -596000000,
    "sellingGeneralAndAdministrativeExpenses": 247000000,
    "otherExpenses": -504000000,
    "operatingExpenses": 843000000,
    "costAndExpenses": 9597000000,
    "interestIncome": 0,
    "interestExpense": 160000000,
    "depreciationAndAmortization": 414000000,
    "ebitda": 2125000000,
    "ebitdaratio": 0.1988583193,
    "operatingIncome": 1089000000,
    "operatingIncomeRatio": 0.1019090399,
    "totalOtherIncomeExpensesNet": 462000000,
    "incomeBeforeTax": 1551000000,
    "incomeBeforeTaxRatio": 0.145143178,
    "incomeTaxExpense": 287000000,
    "netIncome": 1264000000,
    "netIncomeRatio": 0.1182856073,
    "eps": 8.66,
    "epsdiluted": 8.66,
    "weightedAverageShsOut": 147000000,
    "weightedAverageShsOutDil": 147300000,
    "link": "https://www.sec.gov/Archives/edgar/data/1133421/000113342125000006/0001133421-25-000006-index.htm",
    "finalLink": "https://www.sec.gov/Archives/edgar/data/1133421/000113342125000006/noc-20241231.htm"
  },
  {
    "date": "2024-09-30",
    "symbol": "NOC",
    "reportedCurrency": "USD",
    "cik": "0001133421",
    "fillingDate": "2024-10-24",
    "acceptedDate": "2024-10-24 16:07:42",
    "calendarYear": "2024",
    "period": "Q3",
    "revenue": 9996000000,
    "costOfRevenue": 7890000000,
    "grossProfit": 2106000000,
    "grossProfitRatio": 0.2106842737,
    "researchAndDevelopmentExpenses": 0,
    "generalAndAdministrativeExpenses": 986000000,
    "sellingAndMarketingExpenses": -168000000,
    "sellingGeneralAndAdministrativeExpenses": 818000000,
    "otherExpenses": 168000000,
    "operatingExpenses": 986000000,
    "costAndExpenses": 8876000000,
    "interestIncome": 0,
    "interestExpense": 161000000,
    "depreciationAndAmortization": 331000000,
    "ebitda": 1680000000,
    "ebitdaratio": 0.1680672269,
    "operatingIncome": 1120000000,
    "operatingIncomeRatio": 0.1120448179,
    "totalOtherIncomeExpensesNet": 68000000,
    "incomeBeforeTax": 1188000000,
    "incomeBeforeTaxRatio": 0.118847539,
    "incomeTaxExpense": 162000000,
    "netIncome": 1026000000,
    "netIncomeRatio": 0.1026410564,
    "eps": 7.02,
    "epsdiluted": 7,
    "weightedAverageShsOut": 146200000,
    "weightedAverageShsOutDil": 146500000,
    "link": "https://www.sec.gov/Archives/edgar/data/1133421/000113342124000064/0001133421-24-000064-index.htm",
    "finalLink": "https://www.sec.gov/Archives/edgar/data/1133421/000113342124000064/noc-20240930.htm"
  },
  {
    "date": "2024-06-30",
    "symbol": "NOC",
    "reportedCurrency": "USD",
    "cik": "0001133421",
    "fillingDate": "2024-07-25",
    "acceptedDate": "2024-07-25 16:01:36",
    "calendarYear": "2024",
    "period": "Q2",
    "revenue": 10218000000,
    "costOfRevenue": 8027000000,
    "grossProfit": 2191000000,
    "grossProfitRatio": 0.2144255236,
    "researchAndDevelopmentExpenses": 0,
    "generalAndAdministrativeExpenses": 1101000000,
    "sellingAndMarketingExpenses": -167000000,
    "sellingGeneralAndAdministrativeExpenses": 934000000,
    "otherExpenses": 167000000,
    "operatingExpenses": 1101000000,
    "costAndExpenses": 9128000000,
    "interestIncome": 0,
    "interestExpense": 154000000,
    "depreciationAndAmortization": 326000000,
    "ebitda": 1583000000,
    "ebitdaratio": 0.1549226855,
    "operatingIncome": 1090000000,
    "operatingIncomeRatio": 0.106674496,
    "totalOtherIncomeExpensesNet": 56000000,
    "incomeBeforeTax": 1146000000,
    "incomeBeforeTaxRatio": 0.1121550206,
    "incomeTaxExpense": 206000000,
    "netIncome": 940000000,
    "netIncomeRatio": 0.0919945195,
    "eps": 6.37,
    "epsdiluted": 6.36,
    "weightedAverageShsOut": 147500000,
    "weightedAverageShsOutDil": 147700000,
    "link": "https://www.sec.gov/Archives/edgar/data/1133421/000113342124000052/0001133421-24-000052-index.htm",
    "finalLink": "https://www.sec.gov/Archives/edgar/data/1133421/000113342124000052/noc-20240630.htm"
  },
  {
    "date": "2024-03-31",
    "symbol": "NOC",
    "reportedCurrency": "USD",
    "cik": "0001133421",
    "fillingDate": "2024-04-25",
    "acceptedDate": "2024-04-25 16:02:48",
    "calendarYear": "2024",
    "period": "Q1",
    "revenue": 10133000000,
    "costOfRevenue": 8000000000,
    "grossProfit": 2133000000,
    "grossProfitRatio": 0.2105003454,
    "researchAndDevelopmentExpenses": 0,
    "generalAndAdministrativeExpenses": 1062000000,
    "sellingAndMarketingExpenses": -168000000,
    "sellingGeneralAndAdministrativeExpenses": 894000000,
    "otherExpenses": 168000000,
    "operatingExpenses": 1062000000,
    "costAndExpenses": 9062000000,
    "interestIncome": 0,
    "interestExpense": 146000000,
    "depreciationAndAmortization": 299000000,
    "ebitda": 1538000000,
    "ebitdaratio": 0.1517813086,
    "operatingIncome": 1071000000,
    "operatingIncomeRatio": 0.1056942663,
    "totalOtherIncomeExpensesNet": 60000000,
    "incomeBeforeTax": 1131000000,
    "incomeBeforeTaxRatio": 0.1116155137,
    "incomeTaxExpense": 187000000,
    "netIncome": 944000000,
    "netIncomeRatio": 0.0931609592,
    "eps": 6.34,
    "epsdiluted": 6.32,
    "weightedAverageShsOut": 148900000,
    "weightedAverageShsOutDil": 149300000,
    "link": "https://www.sec.gov/Archives/edgar/data/1133421/000113342124000026/0001133421-24-000026-index.htm",
    "finalLink": "https://www.sec.gov/Archives/edgar/data/1133421/000113342124000026/noc-20240331.htm"
  },
  {
    "date": "2023-12-31",
    "symbol": "NOC",
    "reportedCurrency": "USD",
    "cik": "0001133421",
    "fillingDate": "2024-01-25",
    "acceptedDate": "2024-01-25 16:02:51",
    "calendarYear": "2023",
    "period": "Q4",
    "revenue": 10638000000,
    "costOfRevenue": 10153000000,
    "grossProfit": 485000000,
    "grossProfitRatio": 0.0455912766,
    "researchAndDevelopmentExpenses": 1200000000,
    "generalAndAdministrativeExpenses": 878000000,
    "sellingAndMarketingExpenses": 289000000,
    "sellingGeneralAndAdministrativeExpenses": 1167000000,
    "otherExpenses": -1489000000,
    "operatingExpenses": 878000000,
    "costAndExpenses": 11031000000,
    "interestIncome": 0,
    "interestExpense": 128000000,
    "depreciationAndAmortization": 400000000,
    "ebitda": -229000000,
    "ebitdaratio": -0.0215266027,
    "operatingIncome": -393000000,
    "operatingIncomeRatio": -0.0369430344,
    "totalOtherIncomeExpensesNet": -364000000,
    "incomeBeforeTax": -757000000,
    "incomeBeforeTaxRatio": -0.0711599925,
    "incomeTaxExpense": -222000000,
    "netIncome": -535000000,
    "netIncomeRatio": -0.0502914082,
    "eps": -3.54,
    "epsdiluted": -3.54,
    "weightedAverageShsOut": 151100000,
    "weightedAverageShsOutDil": 151100000,
    "link": "https://www.sec.gov/Archives/edgar/data/1133421/000113342124000006/0001133421-24-000006-index.htm",
    "finalLink": "https://www.sec.gov/Archives/edgar/data/1133421/000113342124000006/noc-20231231.htm"
  },
  {
    "date": "2023-09-30",
    "symbol": "NOC",
    "reportedCurrency": "USD",
    "cik": "0001133421",
    "fillingDate": "2023-10-26",
    "acceptedDate": "2023-10-26 08:31:09",
    "calendarYear": "2023",
    "period": "Q3",
    "revenue": 9775000000,
    "costOfRevenue": 7734000000,
    "grossProfit": 2041000000,
    "grossProfitRatio": 0.208797954,
    "researchAndDevelopmentExpenses": 0,
    "generalAndAdministrativeExpenses": 1025000000,
    "sellingAndMarketingExpenses": -132000000,
    "sellingGeneralAndAdministrativeExpenses": 893000000,
    "otherExpenses": 132000000,
    "operatingExpenses": 1025000000,
    "costAndExpenses": 8759000000,
    "interestIncome": 0,
    "interestExpense": 141000000,
    "depreciationAndAmortization": 317000000,
    "ebitda": 1576000000,
    "ebitdaratio": 0.1612276215,
    "operatingIncome": 1016000000,
    "operatingIncomeRatio": 0.1039386189,
    "totalOtherIncomeExpensesNet": 102000000,
    "incomeBeforeTax": 1118000000,
    "incomeBeforeTaxRatio": 0.1143734015,
    "incomeTaxExpense": 181000000,
    "netIncome": 937000000,
    "netIncomeRatio": 0.0958567775,
    "eps": 6.2,
    "epsdiluted": 6.18,
    "weightedAverageShsOut": 151200000,
    "weightedAverageShsOutDil": 151700000,
    "link": "https://www.sec.gov/Archives/edgar/data/1133421/000113342123000053/0001133421-23-000053-index.htm",
    "finalLink": "https://www.sec.gov/Archives/edgar/data/1133421/000113342123000053/noc-20230930.htm"
  },
  {
    "date": "2023-06-30",
    "symbol": "NOC",
    "reportedCurrency": "USD",
    "cik": "0001133421",
    "fillingDate": "2023-07-27",
    "acceptedDate": "2023-07-27 06:44:37",
    "calendarYear": "2023",
    "period": "Q2",
    "revenue": 9576000000,
    "costOfRevenue": 7536000000,
    "grossProfit": 2040000000,
    "grossProfitRatio": 0.2130325815,
    "researchAndDevelopmentExpenses": 0,
    "generalAndAdministrativeExpenses": 1073000000,
    "sellingAndMarketingExpenses": -133000000,
    "sellingGeneralAndAdministrativeExpenses": 940000000,
    "otherExpenses": 133000000,
    "operatingExpenses": 1073000000,
    "costAndExpenses": 8609000000,
    "interestIncome": 0,
    "interestExpense": 147000000,
    "depreciationAndAmortization": 323000000,
    "ebitda": 1457000000,
    "ebitdaratio": 0.1521512114,
    "operatingIncome": 967000000,
    "operatingIncomeRatio": 0.1009816207,
    "totalOtherIncomeExpensesNet": 20000000,
    "incomeBeforeTax": 987000000,
    "incomeBeforeTaxRatio": 0.1030701754,
    "incomeTaxExpense": 175000000,
    "netIncome": 812000000,
    "netIncomeRatio": 0.0847953216,
    "eps": 5.35,
    "epsdiluted": 5.34,
    "weightedAverageShsOut": 151700000,
    "weightedAverageShsOutDil": 152200000,
    "link": "https://www.sec.gov/Archives/edgar/data/1133421/000113342123000045/0001133421-23-000045-index.htm",
    "finalLink": "https://www.sec.gov/Archives/edgar/data/1133421/000113342123000045/noc-20230630.htm"
  },
  {
    "date": "2023-03-31",
    "symbol": "NOC",
    "reportedCurrency": "USD",
    "cik": "0001133421",
    "fillingDate": "2023-04-27",
    "acceptedDate": "2023-04-27 06:40:48",
    "calendarYear": "2023",
    "period": "Q1",
    "revenue": 9301000000,
    "costOfRevenue": 7316000000,
    "grossProfit": 1985000000,
    "grossProfitRatio": 0.2134179121,
    "researchAndDevelopmentExpenses": 0,
    "generalAndAdministrativeExpenses": 1038000000,
    "sellingAndMarketingExpenses": -132000000,
    "sellingGeneralAndAdministrativeExpenses": 906000000,
    "otherExpenses": 132000000,
    "operatingExpenses": 1038000000,
    "costAndExpenses": 8354000000,
    "interestIncome": 0,
    "interestExpense": 129000000,
    "depreciationAndAmortization": 298000000,
    "ebitda": 1425000000,
    "ebitdaratio": 0.1532093323,
    "operatingIncome": 947000000,
    "operatingIncomeRatio": 0.1018170089,
    "totalOtherIncomeExpensesNet": 51000000,
    "incomeBeforeTax": 998000000,
    "incomeBeforeTaxRatio": 0.1073002903,
    "incomeTaxExpense": 156000000,
    "netIncome": 842000000,
    "netIncomeRatio": 0.0905279002,
    "eps": 5.52,
    "epsdiluted": 5.5,
    "weightedAverageShsOut": 152600000,
    "weightedAverageShsOutDil": 153200000,
    "link": "https://www.sec.gov/Archives/edgar/data/1133421/000113342123000027/0001133421-23-000027-index.htm",
    "finalLink": "https://www.sec.gov/Archives/edgar/data/1133421/000113342123000027/noc-20230331.htm"
  },
  {
    "date": "2022-12-31",
    "symbol": "NOC",
    "reportedCurrency": "USD",
    "cik": "0001133421",
    "fillingDate": "2023-01-26",
    "acceptedDate": "2023-01-26 08:32:09",
    "calendarYear": "2022",
    "period": "Q4",
    "revenue": 10033000000,
    "costOfRevenue": 8209000000,
    "grossProfit": 1824000000,
    "grossProfitRatio": 0.1818000598,
    "researchAndDevelopmentExpenses": 1200000000,
    "generalAndAdministrativeExpenses": 918000000,
    "sellingAndMarketingExpenses": -228000000,
    "sellingGeneralAndAdministrativeExpenses": 690000000,
    "otherExpenses": -972000000,
    "operatingExpenses": 918000000,
    "costAndExpenses": 9127000000,
    "interestIncome": 0,
    "interestExpense": 120000000,
    "depreciationAndAmortization": 382000000,
    "ebitda": 2896000000,
    "ebitdaratio": 0.2886474634,
    "operatingIncome": 906000000,
    "operatingIncomeRatio": 0.0903020034,
    "totalOtherIncomeExpensesNet": 1546000000,
    "incomeBeforeTax": 2452000000,
    "incomeBeforeTaxRatio": 0.2443935014,
    "incomeTaxExpense": 372000000,
    "netIncome": 2080000000,
    "netIncomeRatio": 0.2073158577,
    "eps": 13.58,
    "epsdiluted": 13.46,
    "weightedAverageShsOut": 153157924,
    "weightedAverageShsOutDil": 154500000,
    "link": "https://www.sec.gov/Archives/edgar/data/1133421/000113342123000006/0001133421-23-000006-index.htm",
    "finalLink": "https://www.sec.gov/Archives/edgar/data/1133421/000113342123000006/noc-20221231.htm"
  },
  {
    "date": "2022-09-30",
    "symbol": "NOC",
    "reportedCurrency": "USD",
    "cik": "0001133421",
    "fillingDate": "2022-10-27",
    "acceptedDate": "2022-10-27 07:04:21",
    "calendarYear": "2022",
    "period": "Q3",
    "revenue": 8971000000,
    "costOfRevenue": 7153000000,
    "grossProfit": 1818000000,
    "grossProfitRatio": 0.202652993,
    "researchAndDevelopmentExpenses": 0,
    "generalAndAdministrativeExpenses": 974000000,
    "sellingAndMarketingExpenses": -376000000,
    "sellingGeneralAndAdministrativeExpenses": 598000000,
    "otherExpenses": 376000000,
    "operatingExpenses": 974000000,
    "costAndExpenses": 8127000000,
    "interestIncome": 0,
    "interestExpense": 122000000,
    "depreciationAndAmortization": 327000000,
    "ebitda": 1547000000,
    "ebitdaratio": 0.1724445435,
    "operatingIncome": 844000000,
    "operatingIncomeRatio": 0.0940809274,
    "totalOtherIncomeExpensesNet": 246000000,
    "incomeBeforeTax": 1090000000,
    "incomeBeforeTaxRatio": 0.1215026196,
    "incomeTaxExpense": 175000000,
    "netIncome": 915000000,
    "netIncomeRatio": 0.1019953182,
    "eps": 5.92,
    "epsdiluted": 5.89,
    "weightedAverageShsOut": 154600000,
    "weightedAverageShsOutDil": 155300000,
    "link": "https://www.sec.gov/Archives/edgar/data/1133421/000113342122000042/0001133421-22-000042-index.htm",
    "finalLink": "https://www.sec.gov/Archives/edgar/data/1133421/000113342122000042/noc-20220930.htm"
  },
  {
    "date": "2022-06-30",
    "symbol": "NOC",
    "reportedCurrency": "USD",
    "cik": "0001133421",
    "fillingDate": "2022-07-28",
    "acceptedDate": "2022-07-28 06:46:22",
    "calendarYear": "2022",
    "period": "Q2",
    "revenue": 8801000000,
    "costOfRevenue": 6842000000,
    "grossProfit": 1959000000,
    "grossProfitRatio": 0.2225883422,
    "researchAndDevelopmentExpenses": 0,
    "generalAndAdministrativeExpenses": 1005000000,
    "sellingAndMarketingExpenses": -377000000,
    "sellingGeneralAndAdministrativeExpenses": 628000000,
    "otherExpenses": 377000000,
    "operatingExpenses": 1005000000,
    "costAndExpenses": 7847000000,
    "interestIncome": 0,
    "interestExpense": 131000000,
    "depreciationAndAmortization": 330000000,
    "ebitda": 1661000000,
    "ebitdaratio": 0.1887285536,
    "operatingIncome": 954000000,
    "operatingIncomeRatio": 0.1083967731,
    "totalOtherIncomeExpensesNet": 196000000,
    "incomeBeforeTax": 1150000000,
    "incomeBeforeTaxRatio": 0.1306669697,
    "incomeTaxExpense": 204000000,
    "netIncome": 946000000,
    "netIncomeRatio": 0.1074877855,
    "eps": 6.09,
    "epsdiluted": 6.06,
    "weightedAverageShsOut": 155400000,
    "weightedAverageShsOutDil": 156000000,
    "link": "https://www.sec.gov/Archives/edgar/data/1133421/000113342122000031/0001133421-22-000031-index.htm",
    "finalLink": "https://www.sec.gov/Archives/edgar/data/1133421/000113342122000031/noc-20220630.htm"
  },
  {
    "date": "2022-03-31",
    "symbol": "NOC",
    "reportedCurrency": "USD",
    "cik": "0001133421",
    "fillingDate": "2022-04-28",
    "acceptedDate": "2022-04-28 06:48:39",
    "calendarYear": "2022",
    "period": "Q1",
    "revenue": 8797000000,
    "costOfRevenue": 6924000000,
    "grossProfit": 1873000000,
    "grossProfitRatio": 0.2129134932,
    "researchAndDevelopmentExpenses": 0,
    "generalAndAdministrativeExpenses": 976000000,
    "sellingAndMarketingExpenses": -376000000,
    "sellingGeneralAndAdministrativeExpenses": 600000000,
    "otherExpenses": 376000000,
    "operatingExpenses": 976000000,
    "costAndExpenses": 7900000000,
    "interestIncome": 0,
    "interestExpense": 133000000,
    "depreciationAndAmortization": 303000000,
    "ebitda": 1580000000,
    "ebitdaratio": 0.1796066841,
    "operatingIncome": 897000000,
    "operatingIncomeRatio": 0.1019665795,
    "totalOtherIncomeExpensesNet": 247000000,
    "incomeBeforeTax": 1144000000,
    "incomeBeforeTaxRatio": 0.1300443333,
    "incomeTaxExpense": 189000000,
    "netIncome": 955000000,
    "netIncomeRatio": 0.1085597363,
    "eps": 6.12,
    "epsdiluted": 6.1,
    "weightedAverageShsOut": 156000000,
    "weightedAverageShsOutDil": 156600000,
    "link": "https://www.sec.gov/Archives/edgar/data/1133421/000113342122000013/0001133421-22-000013-index.htm",
    "finalLink": "https://www.sec.gov/Archives/edgar/data/1133421/000113342122000013/noc-20220331.htm"
  },
  {
    "date": "2021-12-31",
    "symbol": "NOC",
    "reportedCurrency": "USD",
    "cik": "0001133421",
    "fillingDate": "2022-01-27",
    "acceptedDate": "2022-01-27 06:39:15",
    "calendarYear": "2021",
    "period": "Q4",
    "revenue": 8639000000,
    "costOfRevenue": 7088000000,
    "grossProfit": 1551000000,
    "grossProfitRatio": 0.1795346684,
    "researchAndDevelopmentExpenses": 0,
    "generalAndAdministrativeExpenses": 809000000,
    "sellingAndMarketingExpenses": 1105000000,
    "sellingGeneralAndAdministrativeExpenses": 1914000000,
    "otherExpenses": -1105000000,
    "operatingExpenses": 809000000,
    "costAndExpenses": 7897000000,
    "interestIncome": 0,
    "interestExpense": 133000000,
    "depreciationAndAmortization": 331000000,
    "ebitda": 3809000000,
    "ebitdaratio": 0.4409075124,
    "operatingIncome": 742000000,
    "operatingIncomeRatio": 0.0858895706,
    "totalOtherIncomeExpensesNet": 2603000000,
    "incomeBeforeTax": 3345000000,
    "incomeBeforeTaxRatio": 0.3871975923,
    "incomeTaxExpense": 635000000,
    "netIncome": 2710000000,
    "netIncomeRatio": 0.3136937146,
    "eps": 16.96,
    "epsdiluted": 16.9,
    "weightedAverageShsOut": 159800000,
    "weightedAverageShsOutDil": 160400000,
    "link": "https://www.sec.gov/Archives/edgar/data/1133421/000113342122000004/0001133421-22-000004-index.htm",
    "finalLink": "https://www.sec.gov/Archives/edgar/data/1133421/000113342122000004/noc-20211231.htm"
  },
  {
    "date": "2021-09-30",
    "symbol": "NOC",
    "reportedCurrency": "USD",
    "cik": "0001133421",
    "fillingDate": "2021-10-28",
    "acceptedDate": "2021-10-28 06:39:35",
    "calendarYear": "2021",
    "period": "Q3",
    "revenue": 8720000000,
    "costOfRevenue": 6786000000,
    "grossProfit": 1934000000,
    "grossProfitRatio": 0.2217889908,
    "researchAndDevelopmentExpenses": 0,
    "generalAndAdministrativeExpenses": 891000000,
    "sellingAndMarketingExpenses": -367000000,
    "sellingGeneralAndAdministrativeExpenses": 524000000,
    "otherExpenses": 367000000,
    "operatingExpenses": 891000000,
    "costAndExpenses": 7677000000,
    "interestIncome": 0,
    "interestExpense": 132000000,
    "depreciationAndAmortization": 314000000,
    "ebitda": 1721000000,
    "ebitdaratio": 0.1973623853,
    "operatingIncome": 1043000000,
    "operatingIncomeRatio": 0.1196100917,
    "totalOtherIncomeExpensesNet": 232000000,
    "incomeBeforeTax": 1275000000,
    "incomeBeforeTaxRatio": 0.1462155963,
    "incomeTaxExpense": 212000000,
    "netIncome": 1063000000,
    "netIncomeRatio": 0.1219036697,
    "eps": 6.65,
    "epsdiluted": 6.63,
    "weightedAverageShsOut": 159800000,
    "weightedAverageShsOutDil": 160400000,
    "link": "https://www.sec.gov/Archives/edgar/data/1133421/000113342121000056/0001133421-21-000056-index.htm",
    "finalLink": "https://www.sec.gov/Archives/edgar/data/1133421/000113342121000056/noc-20210930.htm"
  },
  {
    "date": "2021-06-30",
    "symbol": "NOC",
    "reportedCurrency": "USD",
    "cik": "0001133421",
    "fillingDate": "2021-07-29",
    "acceptedDate": "2021-07-29 06:49:28",
    "calendarYear": "2021",
    "period": "Q2",
    "revenue": 9151000000,
    "costOfRevenue": 7108000000,
    "grossProfit": 2043000000,
    "grossProfitRatio": 0.2232542891,
    "researchAndDevelopmentExpenses": 0,
    "generalAndAdministrativeExpenses": 999000000,
    "sellingAndMarketingExpenses": -367000000,
    "sellingGeneralAndAdministrativeExpenses": 632000000,
    "otherExpenses": 367000000,
    "operatingExpenses": 999000000,
    "costAndExpenses": 8107000000,
    "interestIncome": 0,
    "interestExpense": 136000000,
    "depreciationAndAmortization": 300000000,
    "ebitda": 1738000000,
    "ebitdaratio": 0.1899245984,
    "operatingIncome": 1044000000,
    "operatingIncomeRatio": 0.1140858923,
    "totalOtherIncomeExpensesNet": 258000000,
    "incomeBeforeTax": 1302000000,
    "incomeBeforeTaxRatio": 0.1422795323,
    "incomeTaxExpense": 265000000,
    "netIncome": 1037000000,
    "netIncomeRatio": 0.1133209485,
    "eps": 6.44,
    "epsdiluted": 6.42,
    "weightedAverageShsOut": 161000000,
    "weightedAverageShsOutDil": 161500000,
    "link": "https://www.sec.gov/Archives/edgar/data/1133421/000113342121000048/0001133421-21-000048-index.htm",
    "finalLink": "https://www.sec.gov/Archives/edgar/data/1133421/000113342121000048/noc-20210630.htm"
  },
  {
    "date": "2021-03-31",
    "symbol": "NOC",
    "reportedCurrency": "USD",
    "cik": "0001133421",
    "fillingDate": "2021-04-29",
    "acceptedDate": "2021-04-29 06:44:37",
    "calendarYear": "2021",
    "period": "Q1",
    "revenue": 9157000000,
    "costOfRevenue": 7417000000,
    "grossProfit": 1740000000,
    "grossProfitRatio": 0.190018565,
    "researchAndDevelopmentExpenses": 0,
    "generalAndAdministrativeExpenses": 898000000,
    "sellingAndMarketingExpenses": -367000000,
    "sellingGeneralAndAdministrativeExpenses": 531000000,
    "otherExpenses": -1613000000,
    "operatingExpenses": -1082000000,
    "costAndExpenses": 6335000000,
    "interestIncome": 0,
    "interestExpense": 155000000,
    "depreciationAndAmortization": 294000000,
    "ebitda": 1503000000,
    "ebitdaratio": 0.164136726,
    "operatingIncome": 2822000000,
    "operatingIncomeRatio": 0.3081795348,
    "totalOtherIncomeExpensesNet": 194000000,
    "incomeBeforeTax": 3016000000,
    "incomeBeforeTaxRatio": 0.3293655127,
    "incomeTaxExpense": 821000000,
    "netIncome": 2195000000,
    "netIncomeRatio": 0.2397073277,
    "eps": 13.46,
    "epsdiluted": 13.43,
    "weightedAverageShsOut": 163100000,
    "weightedAverageShsOutDil": 163500000,
    "link": "https://www.sec.gov/Archives/edgar/data/1133421/000113342121000029/0001133421-21-000029-index.htm",
    "finalLink": "https://www.sec.gov/Archives/edgar/data/1133421/000113342121000029/noc-20210331.htm"
  },
  {
    "date": "2020-12-31",
    "symbol": "NOC",
    "reportedCurrency": "USD",
    "cik": "0001133421",
    "fillingDate": "2021-01-28",
    "acceptedDate": "2021-01-28 06:36:59",
    "calendarYear": "2020",
    "period": "Q4",
    "revenue": 10212000000,
    "costOfRevenue": 8122000000,
    "grossProfit": 2090000000,
    "grossProfitRatio": 0.2046611829,
    "researchAndDevelopmentExpenses": 1100000000,
    "generalAndAdministrativeExpenses": 938000000,
    "sellingAndMarketingExpenses": 743000000,
    "sellingGeneralAndAdministrativeExpenses": 1681000000,
    "otherExpenses": -1843000000,
    "operatingExpenses": 938000000,
    "costAndExpenses": 9060000000,
    "interestIncome": 0,
    "interestExpense": 160000000,
    "depreciationAndAmortization": 345000000,
    "ebitda": 810000000,
    "ebitdaratio": 0.0793184489,
    "operatingIncome": 1152000000,
    "operatingIncomeRatio": 0.1128084606,
    "totalOtherIncomeExpensesNet": -847000000,
    "incomeBeforeTax": 305000000,
    "incomeBeforeTaxRatio": 0.0298668233,
    "incomeTaxExpense": -25000000,
    "netIncome": 330000000,
    "netIncomeRatio": 0.0323149236,
    "eps": 1.98,
    "epsdiluted": 1.98,
    "weightedAverageShsOut": 166800000,
    "weightedAverageShsOutDil": 166800000,
    "link": "https://www.sec.gov/Archives/edgar/data/1133421/000113342121000006/0001133421-21-000006-index.htm",
    "finalLink": "https://www.sec.gov/Archives/edgar/data/1133421/000113342121000006/noc-20201231.htm"
  },
  {
    "date": "2020-09-30",
    "symbol": "NOC",
    "reportedCurrency": "USD",
    "cik": "0001133421",
    "fillingDate": "2020-10-22",
    "acceptedDate": "2020-10-22 06:40:08",
    "calendarYear": "2020",
    "period": "Q3",
    "revenue": 9083000000,
    "costOfRevenue": 7243000000,
    "grossProfit": 1840000000,
    "grossProfitRatio": 0.2025762413,
    "researchAndDevelopmentExpenses": 0,
    "generalAndAdministrativeExpenses": 855000000,
    "sellingAndMarketingExpenses": -302000000,
    "sellingGeneralAndAdministrativeExpenses": 553000000,
    "otherExpenses": 302000000,
    "operatingExpenses": 855000000,
    "costAndExpenses": 8098000000,
    "interestIncome": 0,
    "interestExpense": 154000000,
    "depreciationAndAmortization": 317000000,
    "ebitda": 1638000000,
    "ebitdaratio": 0.1803368931,
    "operatingIncome": 985000000,
    "operatingIncomeRatio": 0.1084443466,
    "totalOtherIncomeExpensesNet": 182000000,
    "incomeBeforeTax": 1167000000,
    "incomeBeforeTaxRatio": 0.1284817791,
    "incomeTaxExpense": 181000000,
    "netIncome": 986000000,
    "netIncomeRatio": 0.1085544424,
    "eps": 5.91,
    "epsdiluted": 5.89,
    "weightedAverageShsOut": 166800000,
    "weightedAverageShsOutDil": 167300000,
    "link": "https://www.sec.gov/Archives/edgar/data/1133421/000113342120000048/0001133421-20-000048-index.htm",
    "finalLink": "https://www.sec.gov/Archives/edgar/data/1133421/000113342120000048/noc-09302020x10q.htm"
  },
  {
    "date": "2020-06-30",
    "symbol": "NOC",
    "reportedCurrency": "USD",
    "cik": "0001133421",
    "fillingDate": "2020-07-30",
    "acceptedDate": "2020-07-30 06:39:04",
    "calendarYear": "2020",
    "period": "Q2",
    "revenue": 8884000000,
    "costOfRevenue": 7058000000,
    "grossProfit": 1826000000,
    "grossProfitRatio": 0.2055380459,
    "researchAndDevelopmentExpenses": 0,
    "generalAndAdministrativeExpenses": 832000000,
    "sellingAndMarketingExpenses": -303000000,
    "sellingGeneralAndAdministrativeExpenses": 529000000,
    "otherExpenses": 303000000,
    "operatingExpenses": 832000000,
    "costAndExpenses": 7890000000,
    "interestIncome": 0,
    "interestExpense": 154000000,
    "depreciationAndAmortization": 308000000,
    "ebitda": 1665000000,
    "ebitdaratio": 0.1874155786,
    "operatingIncome": 994000000,
    "operatingIncomeRatio": 0.1118865376,
    "totalOtherIncomeExpensesNet": 209000000,
    "incomeBeforeTax": 1203000000,
    "incomeBeforeTaxRatio": 0.1354119766,
    "incomeTaxExpense": 198000000,
    "netIncome": 1005000000,
    "netIncomeRatio": 0.1131247186,
    "eps": 6.02,
    "epsdiluted": 6.01,
    "weightedAverageShsOut": 166900000,
    "weightedAverageShsOutDil": 167300000,
    "link": "https://www.sec.gov/Archives/edgar/data/1133421/000113342120000042/0001133421-20-000042-index.htm",
    "finalLink": "https://www.sec.gov/Archives/edgar/data/1133421/000113342120000042/noc-6302020x10q.htm"
  },
  {
    "date": "2020-03-31",
    "symbol": "NOC",
    "reportedCurrency": "USD",
    "cik": "0001133421",
    "fillingDate": "2020-04-29",
    "acceptedDate": "2020-04-29 06:40:24",
    "calendarYear": "2020",
    "period": "Q1",
    "revenue": 8620000000,
    "costOfRevenue": 6898000000,
    "grossProfit": 1722000000,
    "grossProfitRatio": 0.1997679814,
    "researchAndDevelopmentExpenses": 0,
    "generalAndAdministrativeExpenses": 788000000,
    "sellingAndMarketingExpenses": -302000000,
    "sellingGeneralAndAdministrativeExpenses": 486000000,
    "otherExpenses": 302000000,
    "operatingExpenses": 788000000,
    "costAndExpenses": 7686000000,
    "interestIncome": 0,
    "interestExpense": 125000000,
    "depreciationAndAmortization": 297000000,
    "ebitda": 1475000000,
    "ebitdaratio": 0.1711136891,
    "operatingIncome": 934000000,
    "operatingIncomeRatio": 0.1083526682,
    "totalOtherIncomeExpensesNet": 119000000,
    "incomeBeforeTax": 1053000000,
    "incomeBeforeTaxRatio": 0.1221577726,
    "incomeTaxExpense": 185000000,
    "netIncome": 868000000,
    "netIncomeRatio": 0.1006960557,
    "eps": 5.18,
    "epsdiluted": 5.15,
    "weightedAverageShsOut": 167700000,
    "weightedAverageShsOutDil": 168400000,
    "link": "https://www.sec.gov/Archives/edgar/data/1133421/000113342120000019/0001133421-20-000019-index.htm",
    "finalLink": "https://www.sec.gov/Archives/edgar/data/1133421/000113342120000019/noc-3312020x10q.htm"
  },
  {
    "date": "2019-12-31",
    "symbol": "NOC",
    "reportedCurrency": "USD",
    "cik": "0001133421",
    "fillingDate": "2020-01-30",
    "acceptedDate": "2020-01-30 06:39:26",
    "calendarYear": "2019",
    "period": "Q4",
    "revenue": 8721000000,
    "costOfRevenue": 6615000000,
    "grossProfit": 2106000000,
    "grossProfitRatio": 0.2414860681,
    "researchAndDevelopmentExpenses": 953000000,
    "generalAndAdministrativeExpenses": 970000000,
    "sellingAndMarketingExpenses": 1600000000,
    "sellingGeneralAndAdministrativeExpenses": 2570000000,
    "otherExpenses": -2553000000,
    "operatingExpenses": 970000000,
    "costAndExpenses": 7585000000,
    "interestIncome": 0,
    "interestExpense": 130000000,
    "depreciationAndAmortization": 341000000,
    "ebitda": -98000000,
    "ebitdaratio": -0.0112372434,
    "operatingIncome": 1136000000,
    "operatingIncomeRatio": 0.1302602913,
    "totalOtherIncomeExpensesNet": -1705000000,
    "incomeBeforeTax": -569000000,
    "incomeBeforeTaxRatio": -0.0652448114,
    "incomeTaxExpense": -160000000,
    "netIncome": -409000000,
    "netIncomeRatio": -0.0468982915,
    "eps": -2.44,
    "epsdiluted": -2.44,
    "weightedAverageShsOut": 167700000,
    "weightedAverageShsOutDil": 167700000,
    "link": "https://www.sec.gov/Archives/edgar/data/1133421/000113342120000006/0001133421-20-000006-index.htm",
    "finalLink": "https://www.sec.gov/Archives/edgar/data/1133421/000113342120000006/noc-12312019x10k.htm"
  },
  {
    "date": "2019-09-30",
    "symbol": "NOC",
    "reportedCurrency": "USD",
    "cik": "0001133421",
    "fillingDate": "2019-10-24",
    "acceptedDate": "2019-10-24 06:38:52",
    "calendarYear": "2019",
    "period": "Q3",
    "revenue": 8475000000,
    "costOfRevenue": 6748000000,
    "grossProfit": 1727000000,
    "grossProfitRatio": 0.2037758112,
    "researchAndDevelopmentExpenses": 0,
    "generalAndAdministrativeExpenses": 776000000,
    "sellingAndMarketingExpenses": -200000000,
    "sellingGeneralAndAdministrativeExpenses": 576000000,
    "otherExpenses": 200000000,
    "operatingExpenses": 776000000,
    "costAndExpenses": 7524000000,
    "interestIncome": 0,
    "interestExpense": 123000000,
    "depreciationAndAmortization": 258000000,
    "ebitda": 1436000000,
    "ebitdaratio": 0.169439528,
    "operatingIncome": 951000000,
    "operatingIncomeRatio": 0.1122123894,
    "totalOtherIncomeExpensesNet": 104000000,
    "incomeBeforeTax": 1055000000,
    "incomeBeforeTaxRatio": 0.1244837758,
    "incomeTaxExpense": 122000000,
    "netIncome": 933000000,
    "netIncomeRatio": 0.1100884956,
    "eps": 5.52,
    "epsdiluted": 5.49,
    "weightedAverageShsOut": 169100000,
    "weightedAverageShsOutDil": 169900000,
    "link": "https://www.sec.gov/Archives/edgar/data/1133421/000113342119000055/0001133421-19-000055-index.htm",
    "finalLink": "https://www.sec.gov/Archives/edgar/data/1133421/000113342119000055/noc-9302019x10q.htm"
  },
  {
    "date": "2019-06-30",
    "symbol": "NOC",
    "reportedCurrency": "USD",
    "cik": "0001133421",
    "fillingDate": "2019-07-24",
    "acceptedDate": "2019-07-24 06:37:02",
    "calendarYear": "2019",
    "period": "Q2",
    "revenue": 8456000000,
    "costOfRevenue": 6726000000,
    "grossProfit": 1730000000,
    "grossProfitRatio": 0.2045884579,
    "researchAndDevelopmentExpenses": 0,
    "generalAndAdministrativeExpenses": 784000000,
    "sellingAndMarketingExpenses": -200000000,
    "sellingGeneralAndAdministrativeExpenses": 584000000,
    "otherExpenses": 200000000,
    "operatingExpenses": 784000000,
    "costAndExpenses": 7510000000,
    "interestIncome": 0,
    "interestExpense": 137000000,
    "depreciationAndAmortization": 245000000,
    "ebitda": 1410000000,
    "ebitdaratio": 0.1667455061,
    "operatingIncome": 946000000,
    "operatingIncomeRatio": 0.1118732261,
    "totalOtherIncomeExpensesNet": 82000000,
    "incomeBeforeTax": 1028000000,
    "incomeBeforeTaxRatio": 0.1215704825,
    "incomeTaxExpense": 167000000,
    "netIncome": 861000000,
    "netIncomeRatio": 0.1018211921,
    "eps": 5.07,
    "epsdiluted": 5.06,
    "weightedAverageShsOut": 169700000,
    "weightedAverageShsOutDil": 170300000,
    "link": "https://www.sec.gov/Archives/edgar/data/1133421/000113342119000047/0001133421-19-000047-index.htm",
    "finalLink": "https://www.sec.gov/Archives/edgar/data/1133421/000113342119000047/noc-6302019x10q.htm"
  },
  {
    "date": "2019-03-31",
    "symbol": "NOC",
    "reportedCurrency": "USD",
    "cik": "0001133421",
    "fillingDate": "2019-04-24",
    "acceptedDate": "2019-04-24 06:37:09",
    "calendarYear": "2019",
    "period": "Q1",
    "revenue": 8189000000,
    "costOfRevenue": 6493000000,
    "grossProfit": 1696000000,
    "grossProfitRatio": 0.2071070949,
    "researchAndDevelopmentExpenses": 0,
    "generalAndAdministrativeExpenses": 760000000,
    "sellingAndMarketingExpenses": -200000000,
    "sellingGeneralAndAdministrativeExpenses": 560000000,
    "otherExpenses": 200000000,
    "operatingExpenses": 760000000,
    "costAndExpenses": 7253000000,
    "interestIncome": 0,
    "interestExpense": 138000000,
    "depreciationAndAmortization": 234000000,
    "ebitda": 1406000000,
    "ebitdaratio": 0.1716937355,
    "operatingIncome": 936000000,
    "operatingIncomeRatio": 0.1142996703,
    "totalOtherIncomeExpensesNet": 98000000,
    "incomeBeforeTax": 1034000000,
    "incomeBeforeTaxRatio": 0.1262669435,
    "incomeTaxExpense": 171000000,
    "netIncome": 863000000,
    "netIncomeRatio": 0.1053852729,
    "eps": 5.08,
    "epsdiluted": 5.06,
    "weightedAverageShsOut": 170000000,
    "weightedAverageShsOutDil": 170700000,
    "link": "https://www.sec.gov/Archives/edgar/data/1133421/000113342119000021/0001133421-19-000021-index.htm",
    "finalLink": "https://www.sec.gov/Archives/edgar/data/1133421/000113342119000021/noc-03312019x10q.htm"
  },
  {
    "date": "2018-12-31",
    "symbol": "NOC",
    "reportedCurrency": "USD",
    "cik": "0001133421",
    "fillingDate": "2019-01-31",
    "acceptedDate": "2019-01-31 06:39:46",
    "calendarYear": "2018",
    "period": "Q4",
    "revenue": 8156000000,
    "costOfRevenue": 6487000000,
    "grossProfit": 1669000000,
    "grossProfitRatio": 0.2046346248,
    "researchAndDevelopmentExpenses": 764000000,
    "generalAndAdministrativeExpenses": 744000000,
    "sellingAndMarketingExpenses": 388000000,
    "sellingGeneralAndAdministrativeExpenses": 1132000000,
    "otherExpenses": -1123000000,
    "operatingExpenses": 773000000,
    "costAndExpenses": 7231000000,
    "interestIncome": 0,
    "interestExpense": 142000000,
    "depreciationAndAmortization": 266000000,
    "ebitda": 1193000000,
    "ebitdaratio": 0.1462726827,
    "operatingIncome": 925000000,
    "operatingIncomeRatio": 0.113413438,
    "totalOtherIncomeExpensesNet": -140000000,
    "incomeBeforeTax": 785000000,
    "incomeBeforeTaxRatio": 0.0962481609,
    "incomeTaxExpense": 128000000,
    "netIncome": 657000000,
    "netIncomeRatio": 0.0805541932,
    "eps": 3.86,
    "epsdiluted": 3.86,
    "weightedAverageShsOut": 170000000,
    "weightedAverageShsOutDil": 170000000,
    "link": "https://www.sec.gov/Archives/edgar/data/1133421/000113342119000007/0001133421-19-000007-index.htm",
    "finalLink": "https://www.sec.gov/Archives/edgar/data/1133421/000113342119000007/noc-12312018x10k.htm"
  },
  {
    "date": "2018-09-30",
    "symbol": "NOC",
    "reportedCurrency": "USD",
    "cik": "0001133421",
    "fillingDate": "2018-10-24",
    "acceptedDate": "2018-10-24 06:36:00",
    "calendarYear": "2018",
    "period": "Q3",
    "revenue": 8085000000,
    "costOfRevenue": 6090000000,
    "grossProfit": 1995000000,
    "grossProfitRatio": 0.2467532468,
    "researchAndDevelopmentExpenses": 0,
    "generalAndAdministrativeExpenses": 817000000,
    "sellingAndMarketingExpenses": -270000000,
    "sellingGeneralAndAdministrativeExpenses": 547000000,
    "otherExpenses": 270000000,
    "operatingExpenses": 817000000,
    "costAndExpenses": 6907000000,
    "interestIncome": 0,
    "interestExpense": 133000000,
    "depreciationAndAmortization": 253000000,
    "ebitda": 1695000000,
    "ebitdaratio": 0.2096474954,
    "operatingIncome": 1178000000,
    "operatingIncomeRatio": 0.1457019171,
    "totalOtherIncomeExpensesNet": 59000000,
    "incomeBeforeTax": 1237000000,
    "incomeBeforeTaxRatio": 0.1529993816,
    "incomeTaxExpense": 93000000,
    "netIncome": 1144000000,
    "netIncomeRatio": 0.1414965986,
    "eps": 7.15,
    "epsdiluted": 7.11,
    "weightedAverageShsOut": 174100000,
    "weightedAverageShsOutDil": 174900000,
    "link": "https://www.sec.gov/Archives/edgar/data/1133421/000113342118000048/0001133421-18-000048-index.htm",
    "finalLink": "https://www.sec.gov/Archives/edgar/data/1133421/000113342118000048/noc-09302018x10q.htm"
  },
  {
    "date": "2018-06-30",
    "symbol": "NOC",
    "reportedCurrency": "USD",
    "cik": "0001133421",
    "fillingDate": "2018-07-25",
    "acceptedDate": "2018-07-25 06:42:29",
    "calendarYear": "2018",
    "period": "Q2",
    "revenue": 7119000000,
    "costOfRevenue": 5557000000,
    "grossProfit": 1562000000,
    "grossProfitRatio": 0.2194128389,
    "researchAndDevelopmentExpenses": 0,
    "generalAndAdministrativeExpenses": 739000000,
    "sellingAndMarketingExpenses": -258000000,
    "sellingGeneralAndAdministrativeExpenses": 481000000,
    "otherExpenses": 258000000,
    "operatingExpenses": 739000000,
    "costAndExpenses": 6296000000,
    "interestIncome": 0,
    "interestExpense": 144000000,
    "depreciationAndAmortization": 159000000,
    "ebitda": 1234000000,
    "ebitdaratio": 0.1733389521,
    "operatingIncome": 823000000,
    "operatingIncomeRatio": 0.1156061245,
    "totalOtherIncomeExpensesNet": 26000000,
    "incomeBeforeTax": 849000000,
    "incomeBeforeTaxRatio": 0.1192583228,
    "incomeTaxExpense": 160000000,
    "netIncome": 689000000,
    "netIncomeRatio": 0.0967832561,
    "eps": 4.52,
    "epsdiluted": 4.5,
    "weightedAverageShsOut": 174500000,
    "weightedAverageShsOutDil": 175400000,
    "link": "https://www.sec.gov/Archives/edgar/data/1133421/000113342118000038/0001133421-18-000038-index.htm",
    "finalLink": "https://www.sec.gov/Archives/edgar/data/1133421/000113342118000038/noc-06302018x10q.htm"
  },
  {
    "date": "2018-03-31",
    "symbol": "NOC",
    "reportedCurrency": "USD",
    "cik": "0001133421",
    "fillingDate": "2018-04-25",
    "acceptedDate": "2018-04-25 06:35:20",
    "calendarYear": "2018",
    "period": "Q1",
    "revenue": 6735000000,
    "costOfRevenue": 5170000000,
    "grossProfit": 1565000000,
    "grossProfitRatio": 0.2323682257,
    "researchAndDevelopmentExpenses": 0,
    "generalAndAdministrativeExpenses": 711000000,
    "sellingAndMarketingExpenses": -254000000,
    "sellingGeneralAndAdministrativeExpenses": 457000000,
    "otherExpenses": 254000000,
    "operatingExpenses": 711000000,
    "costAndExpenses": 5881000000,
    "interestIncome": 0,
    "interestExpense": 143000000,
    "depreciationAndAmortization": 122000000,
    "ebitda": 1224000000,
    "ebitdaratio": 0.1817371938,
    "operatingIncome": 854000000,
    "operatingIncomeRatio": 0.126800297,
    "totalOtherIncomeExpensesNet": 17000000,
    "incomeBeforeTax": 871000000,
    "incomeBeforeTaxRatio": 0.1293244246,
    "incomeTaxExpense": 132000000,
    "netIncome": 739000000,
    "netIncomeRatio": 0.1097253155,
    "eps": 4.24,
    "epsdiluted": 4.21,
    "weightedAverageShsOut": 174300000,
    "weightedAverageShsOutDil": 175400000,
    "link": "https://www.sec.gov/Archives/edgar/data/1133421/000113342118000012/0001133421-18-000012-index.htm",
    "finalLink": "https://www.sec.gov/Archives/edgar/data/1133421/000113342118000012/noc-03312018x10q.htm"
  },
  {
    "date": "2017-12-31",
    "symbol": "NOC",
    "reportedCurrency": "USD",
    "cik": "0001133421",
    "fillingDate": "2018-01-29",
    "acceptedDate": "2018-01-29 17:09:25",
    "calendarYear": "2017",
    "period": "Q4",
    "revenue": 6634000000,
    "costOfRevenue": 5221000000,
    "grossProfit": 1413000000,
    "grossProfitRatio": 0.212993669,
    "researchAndDevelopmentExpenses": 639000000,
    "generalAndAdministrativeExpenses": 649000000,
    "sellingAndMarketingExpenses": -30000000,
    "sellingGeneralAndAdministrativeExpenses": 619000000,
    "otherExpenses": -609000000,
    "operatingExpenses": 649000000,
    "costAndExpenses": 5867000000,
    "interestIncome": 0,
    "interestExpense": 136000000,
    "depreciationAndAmortization": 153000000,
    "ebitda": 973000000,
    "ebitdaratio": 0.1466686765,
    "operatingIncome": 767000000,
    "operatingIncomeRatio": 0.115616521,
    "totalOtherIncomeExpensesNet": -83000000,
    "incomeBeforeTax": 684000000,
    "incomeBeforeTaxRatio": 0.1031052156,
    "incomeTaxExpense": 506000000,
    "netIncome": 178000000,
    "netIncomeRatio": 0.0268314742,
    "eps": 1.02,
    "epsdiluted": 1.02,
    "weightedAverageShsOut": 174100000,
    "weightedAverageShsOutDil": 174300000,
    "link": "https://www.sec.gov/Archives/edgar/data/1133421/000113342118000005/0001133421-18-000005-index.htm",
    "finalLink": "https://www.sec.gov/Archives/edgar/data/1133421/000113342118000005/noc-12312017x10k.htm"
  },
  {
    "date": "2017-09-30",
    "symbol": "NOC",
    "reportedCurrency": "USD",
    "cik": "0001133421",
    "fillingDate": "2017-10-25",
    "acceptedDate": "2017-10-25 06:38:10",
    "calendarYear": "2017",
    "period": "Q3",
    "revenue": 6527000000,
    "costOfRevenue": 5016000000,
    "grossProfit": 1511000000,
    "grossProfitRatio": 0.2314999234,
    "researchAndDevelopmentExpenses": 0,
    "generalAndAdministrativeExpenses": 679000000,
    "sellingAndMarketingExpenses": -2000000,
    "sellingGeneralAndAdministrativeExpenses": 677000000,
    "otherExpenses": 2000000,
    "operatingExpenses": 679000000,
    "costAndExpenses": 5682000000,
    "interestIncome": 0,
    "interestExpense": 73000000,
    "depreciationAndAmortization": 111000000,
    "ebitda": 969000000,
    "ebitdaratio": 0.1484602421,
    "operatingIncome": 845000000,
    "operatingIncomeRatio": 0.1294622338,
    "totalOtherIncomeExpensesNet": -60000000,
    "incomeBeforeTax": 785000000,
    "incomeBeforeTaxRatio": 0.1202696491,
    "incomeTaxExpense": 140000000,
    "netIncome": 645000000,
    "netIncomeRatio": 0.098820285,
    "eps": 3.69,
    "epsdiluted": 3.67,
    "weightedAverageShsOut": 174200000,
    "weightedAverageShsOutDil": 175300000,
    "link": "https://www.sec.gov/Archives/edgar/data/1133421/000113342117000045/0001133421-17-000045-index.htm",
    "finalLink": "https://www.sec.gov/Archives/edgar/data/1133421/000113342117000045/noc-09302017x10q.htm"
  },
  {
    "date": "2017-06-30",
    "symbol": "NOC",
    "reportedCurrency": "USD",
    "cik": "0001133421",
    "fillingDate": "2017-07-26",
    "acceptedDate": "2017-07-26 06:39:01",
    "calendarYear": "2017",
    "period": "Q2",
    "revenue": 6375000000,
    "costOfRevenue": 4854000000,
    "grossProfit": 1521000000,
    "grossProfitRatio": 0.2385882353,
    "researchAndDevelopmentExpenses": 0,
    "generalAndAdministrativeExpenses": 686000000,
    "sellingAndMarketingExpenses": 17000000,
    "sellingGeneralAndAdministrativeExpenses": 703000000,
    "otherExpenses": -17000000,
    "operatingExpenses": 686000000,
    "costAndExpenses": 5520000000,
    "interestIncome": 0,
    "interestExpense": 76000000,
    "depreciationAndAmortization": 107000000,
    "ebitda": 990000000,
    "ebitdaratio": 0.1552941176,
    "operatingIncome": 855000000,
    "operatingIncomeRatio": 0.1341176471,
    "totalOtherIncomeExpensesNet": -48000000,
    "incomeBeforeTax": 807000000,
    "incomeBeforeTaxRatio": 0.1265882353,
    "incomeTaxExpense": 255000000,
    "netIncome": 552000000,
    "netIncomeRatio": 0.0865882353,
    "eps": 3.16,
    "epsdiluted": 3.15,
    "weightedAverageShsOut": 174500000,
    "weightedAverageShsOutDil": 175500000,
    "link": "https://www.sec.gov/Archives/edgar/data/1133421/000113342117000038/0001133421-17-000038-index.htm",
    "finalLink": "https://www.sec.gov/Archives/edgar/data/1133421/000113342117000038/noc-06302017x10q.htm"
  },
  {
    "date": "2017-03-31",
    "symbol": "NOC",
    "reportedCurrency": "USD",
    "cik": "0001133421",
    "fillingDate": "2017-04-26",
    "acceptedDate": "2017-04-26 06:35:33",
    "calendarYear": "2017",
    "period": "Q1",
    "revenue": 6267000000,
    "costOfRevenue": 4758000000,
    "grossProfit": 1509000000,
    "grossProfitRatio": 0.2407850646,
    "researchAndDevelopmentExpenses": 0,
    "generalAndAdministrativeExpenses": 698000000,
    "sellingAndMarketingExpenses": 18000000,
    "sellingGeneralAndAdministrativeExpenses": 716000000,
    "otherExpenses": -18000000,
    "operatingExpenses": 698000000,
    "costAndExpenses": 5435000000,
    "interestIncome": 0,
    "interestExpense": 75000000,
    "depreciationAndAmortization": 104000000,
    "ebitda": 948000000,
    "ebitdaratio": 0.1512685495,
    "operatingIncome": 832000000,
    "operatingIncomeRatio": 0.1327588958,
    "totalOtherIncomeExpensesNet": -59000000,
    "incomeBeforeTax": 773000000,
    "incomeBeforeTaxRatio": 0.123344503,
    "incomeTaxExpense": 133000000,
    "netIncome": 640000000,
    "netIncomeRatio": 0.1021222275,
    "eps": 3.72,
    "epsdiluted": 3.69,
    "weightedAverageShsOut": 174800000,
    "weightedAverageShsOutDil": 176100000,
    "link": "https://www.sec.gov/Archives/edgar/data/1133421/000113342117000020/0001133421-17-000020-index.htm",
    "finalLink": "https://www.sec.gov/Archives/edgar/data/1133421/000113342117000020/noc-03312017x10q.htm"
  },
  {
    "date": "2016-12-31",
    "symbol": "NOC",
    "reportedCurrency": "USD",
    "cik": "0001133421",
    "fillingDate": "2017-01-30",
    "acceptedDate": "2017-01-30 16:16:57",
    "calendarYear": "2016",
    "period": "Q4",
    "revenue": 6397000000,
    "costOfRevenue": 4920000000,
    "grossProfit": 1477000000,
    "grossProfitRatio": 0.2308894794,
    "researchAndDevelopmentExpenses": 705000000,
    "generalAndAdministrativeExpenses": 646000000,
    "sellingAndMarketingExpenses": 0,
    "sellingGeneralAndAdministrativeExpenses": 646000000,
    "otherExpenses": -705000000,
    "operatingExpenses": 646000000,
    "costAndExpenses": 5566000000,
    "interestIncome": 0,
    "interestExpense": 77000000,
    "depreciationAndAmortization": 134000000,
    "ebitda": 959000000,
    "ebitdaratio": 0.1499140222,
    "operatingIncome": 831000000,
    "operatingIncomeRatio": 0.1299046428,
    "totalOtherIncomeExpensesNet": -83000000,
    "incomeBeforeTax": 748000000,
    "incomeBeforeTaxRatio": 0.1169298108,
    "incomeTaxExpense": 223000000,
    "netIncome": 525000000,
    "netIncomeRatio": 0.0820697202,
    "eps": 3,
    "epsdiluted": 3,
    "weightedAverageShsOut": 174800000,
    "weightedAverageShsOutDil": 174800000,
    "link": "https://www.sec.gov/Archives/edgar/data/1133421/000113342117000008/0001133421-17-000008-index.htm",
    "finalLink": "https://www.sec.gov/Archives/edgar/data/1133421/000113342117000008/noc-12312016x10k.htm"
  },
  {
    "date": "2016-09-30",
    "symbol": "NOC",
    "reportedCurrency": "USD",
    "cik": "0001133421",
    "fillingDate": "2016-10-26",
    "acceptedDate": "2016-10-26 06:35:11",
    "calendarYear": "2016",
    "period": "Q3",
    "revenue": 6155000000,
    "costOfRevenue": 4667000000,
    "grossProfit": 1488000000,
    "grossProfitRatio": 0.241754671,
    "researchAndDevelopmentExpenses": 0,
    "generalAndAdministrativeExpenses": 662000000,
    "sellingAndMarketingExpenses": 0,
    "sellingGeneralAndAdministrativeExpenses": 662000000,
    "otherExpenses": 0,
    "operatingExpenses": 662000000,
    "costAndExpenses": 5329000000,
    "interestIncome": 0,
    "interestExpense": 74000000,
    "depreciationAndAmortization": 113000000,
    "ebitda": 956000000,
    "ebitdaratio": 0.1553208773,
    "operatingIncome": 826000000,
    "operatingIncomeRatio": 0.1341998375,
    "totalOtherIncomeExpensesNet": -57000000,
    "incomeBeforeTax": 769000000,
    "incomeBeforeTaxRatio": 0.1249390739,
    "incomeTaxExpense": 167000000,
    "netIncome": 602000000,
    "netIncomeRatio": 0.0978066613,
    "eps": 3.38,
    "epsdiluted": 3.35,
    "weightedAverageShsOut": 178100000,
    "weightedAverageShsOutDil": 179600000,
    "link": "https://www.sec.gov/Archives/edgar/data/1133421/000113342116000109/0001133421-16-000109-index.htm",
    "finalLink": "https://www.sec.gov/Archives/edgar/data/1133421/000113342116000109/noc-09302016x10q.htm"
  },
  {
    "date": "2016-06-30",
    "symbol": "NOC",
    "reportedCurrency": "USD",
    "cik": "0001133421",
    "fillingDate": "2016-07-27",
    "acceptedDate": "2016-07-27 06:09:10",
    "calendarYear": "2016",
    "period": "Q2",
    "revenue": 6000000000,
    "costOfRevenue": 4583000000,
    "grossProfit": 1417000000,
    "grossProfitRatio": 0.2361666667,
    "researchAndDevelopmentExpenses": 0,
    "generalAndAdministrativeExpenses": 620000000,
    "sellingAndMarketingExpenses": 0,
    "sellingGeneralAndAdministrativeExpenses": 620000000,
    "otherExpenses": 0,
    "operatingExpenses": 620000000,
    "costAndExpenses": 5203000000,
    "interestIncome": 0,
    "interestExpense": 74000000,
    "depreciationAndAmortization": 106000000,
    "ebitda": 903000000,
    "ebitdaratio": 0.1505,
    "operatingIncome": 797000000,
    "operatingIncomeRatio": 0.1328333333,
    "totalOtherIncomeExpensesNet": -67000000,
    "incomeBeforeTax": 730000000,
    "incomeBeforeTaxRatio": 0.1216666667,
    "incomeTaxExpense": 213000000,
    "netIncome": 517000000,
    "netIncomeRatio": 0.0861666667,
    "eps": 2.87,
    "epsdiluted": 2.85,
    "weightedAverageShsOut": 180100000,
    "weightedAverageShsOutDil": 181500000,
    "link": "https://www.sec.gov/Archives/edgar/data/1133421/000113342116000103/0001133421-16-000103-index.htm",
    "finalLink": "https://www.sec.gov/Archives/edgar/data/1133421/000113342116000103/noc-06302016x10q.htm"
  },
  {
    "date": "2016-03-31",
    "symbol": "NOC",
    "reportedCurrency": "USD",
    "cik": "0001133421",
    "fillingDate": "2016-04-27",
    "acceptedDate": "2016-04-27 06:10:37",
    "calendarYear": "2016",
    "period": "Q1",
    "revenue": 5956000000,
    "costOfRevenue": 4561000000,
    "grossProfit": 1395000000,
    "grossProfitRatio": 0.2342175957,
    "researchAndDevelopmentExpenses": 0,
    "generalAndAdministrativeExpenses": 656000000,
    "sellingAndMarketingExpenses": 0,
    "sellingGeneralAndAdministrativeExpenses": 656000000,
    "otherExpenses": 0,
    "operatingExpenses": 656000000,
    "costAndExpenses": 5217000000,
    "interestIncome": 0,
    "interestExpense": 76000000,
    "depreciationAndAmortization": 103000000,
    "ebitda": 842000000,
    "ebitdaratio": 0.141370047,
    "operatingIncome": 739000000,
    "operatingIncomeRatio": 0.1240765615,
    "totalOtherIncomeExpensesNet": -63000000,
    "incomeBeforeTax": 676000000,
    "incomeBeforeTaxRatio": 0.1134989926,
    "incomeTaxExpense": 120000000,
    "netIncome": 556000000,
    "netIncomeRatio": 0.0933512424,
    "eps": 3.07,
    "epsdiluted": 3.03,
    "weightedAverageShsOut": 181300000,
    "weightedAverageShsOutDil": 183400000,
    "link": "https://www.sec.gov/Archives/edgar/data/1133421/000113342116000080/0001133421-16-000080-index.htm",
    "finalLink": "https://www.sec.gov/Archives/edgar/data/1133421/000113342116000080/noc-03312016x10q.htm"
  },
  {
    "date": "2015-12-31",
    "symbol": "NOC",
    "reportedCurrency": "USD",
    "cik": "0001133421",
    "fillingDate": "2016-02-01",
    "acceptedDate": "2016-02-01 17:14:57",
    "calendarYear": "2015",
    "period": "Q4",
    "revenue": 5694000000,
    "costOfRevenue": 4378000000,
    "grossProfit": 1316000000,
    "grossProfitRatio": 0.2311204777,
    "researchAndDevelopmentExpenses": 712000000,
    "generalAndAdministrativeExpenses": 627000000,
    "sellingAndMarketingExpenses": 0,
    "sellingGeneralAndAdministrativeExpenses": 627000000,
    "otherExpenses": -712000000,
    "operatingExpenses": 627000000,
    "costAndExpenses": 5005000000,
    "interestIncome": 0,
    "interestExpense": 75000000,
    "depreciationAndAmortization": 138000000,
    "ebitda": 827000000,
    "ebitdaratio": 0.1452406041,
    "operatingIncome": 689000000,
    "operatingIncomeRatio": 0.1210045662,
    "totalOtherIncomeExpensesNet": -68000000,
    "incomeBeforeTax": 621000000,
    "incomeBeforeTaxRatio": 0.1090621707,
    "incomeTaxExpense": 162000000,
    "netIncome": 459000000,
    "netIncomeRatio": 0.0806111697,
    "eps": 2.53,
    "epsdiluted": 2.53,
    "weightedAverageShsOut": 181300000,
    "weightedAverageShsOutDil": 181300000,
    "link": "https://www.sec.gov/Archives/edgar/data/1133421/000113342116000065/0001133421-16-000065-index.htm",
    "finalLink": "https://www.sec.gov/Archives/edgar/data/1133421/000113342116000065/noc-12312015x10k.htm"
  },
  {
    "date": "2015-09-30",
    "symbol": "NOC",
    "reportedCurrency": "USD",
    "cik": "0001133421",
    "fillingDate": "2015-10-28",
    "acceptedDate": "2015-10-28 06:10:29",
    "calendarYear": "2015",
    "period": "Q3",
    "revenue": 5979000000,
    "costOfRevenue": 4522000000,
    "grossProfit": 1457000000,
    "grossProfitRatio": 0.2436862352,
    "researchAndDevelopmentExpenses": 0,
    "generalAndAdministrativeExpenses": 663000000,
    "sellingAndMarketingExpenses": 0,
    "sellingGeneralAndAdministrativeExpenses": 663000000,
    "otherExpenses": 0,
    "operatingExpenses": 663000000,
    "costAndExpenses": 5185000000,
    "interestIncome": 0,
    "interestExpense": 75000000,
    "depreciationAndAmortization": 113000000,
    "ebitda": 907000000,
    "ebitdaratio": 0.1516976083,
    "operatingIncome": 794000000,
    "operatingIncomeRatio": 0.1327981268,
    "totalOtherIncomeExpensesNet": -65000000,
    "incomeBeforeTax": 729000000,
    "incomeBeforeTaxRatio": 0.1219267436,
    "incomeTaxExpense": 213000000,
    "netIncome": 516000000,
    "netIncomeRatio": 0.0863020572,
    "eps": 2.78,
    "epsdiluted": 2.75,
    "weightedAverageShsOut": 185800000,
    "weightedAverageShsOutDil": 187900000,
    "link": "https://www.sec.gov/Archives/edgar/data/1133421/000113342115000057/0001133421-15-000057-index.htm",
    "finalLink": "https://www.sec.gov/Archives/edgar/data/1133421/000113342115000057/noc-9302015x10q.htm"
  },
  {
    "date": "2015-06-30",
    "symbol": "NOC",
    "reportedCurrency": "USD",
    "cik": "0001133421",
    "fillingDate": "2015-07-29",
    "acceptedDate": "2015-07-29 07:04:42",
    "calendarYear": "2015",
    "period": "Q2",
    "revenue": 5896000000,
    "costOfRevenue": 4442000000,
    "grossProfit": 1454000000,
    "grossProfitRatio": 0.2466078697,
    "researchAndDevelopmentExpenses": 0,
    "generalAndAdministrativeExpenses": 641000000,
    "sellingAndMarketingExpenses": 0,
    "sellingGeneralAndAdministrativeExpenses": 641000000,
    "otherExpenses": 0,
    "operatingExpenses": 641000000,
    "costAndExpenses": 5083000000,
    "interestIncome": 0,
    "interestExpense": 75000000,
    "depreciationAndAmortization": 117000000,
    "ebitda": 930000000,
    "ebitdaratio": 0.157734057,
    "operatingIncome": 813000000,
    "operatingIncomeRatio": 0.137890095,
    "totalOtherIncomeExpensesNet": -77000000,
    "incomeBeforeTax": 736000000,
    "incomeBeforeTaxRatio": 0.1248303935,
    "incomeTaxExpense": 205000000,
    "netIncome": 531000000,
    "netIncomeRatio": 0.0900610583,
    "eps": 2.77,
    "epsdiluted": 2.74,
    "weightedAverageShsOut": 191800000,
    "weightedAverageShsOutDil": 193700000,
    "link": "https://www.sec.gov/Archives/edgar/data/1133421/000113342115000048/0001133421-15-000048-index.htm",
    "finalLink": "https://www.sec.gov/Archives/edgar/data/1133421/000113342115000048/noc-6302015x10q.htm"
  },
  {
    "date": "2015-03-31",
    "symbol": "NOC",
    "reportedCurrency": "USD",
    "cik": "0001133421",
    "fillingDate": "2015-04-29",
    "acceptedDate": "2015-04-29 07:08:52",
    "calendarYear": "2015",
    "period": "Q1",
    "revenue": 5957000000,
    "costOfRevenue": 4542000000,
    "grossProfit": 1415000000,
    "grossProfitRatio": 0.2375356723,
    "researchAndDevelopmentExpenses": 0,
    "generalAndAdministrativeExpenses": 635000000,
    "sellingAndMarketingExpenses": 0,
    "sellingGeneralAndAdministrativeExpenses": 635000000,
    "otherExpenses": 0,
    "operatingExpenses": 635000000,
    "costAndExpenses": 5177000000,
    "interestIncome": 0,
    "interestExpense": 76000000,
    "depreciationAndAmortization": 99000000,
    "ebitda": 879000000,
    "ebitdaratio": 0.1475574954,
    "operatingIncome": 780000000,
    "operatingIncomeRatio": 0.1309383918,
    "totalOtherIncomeExpensesNet": -76000000,
    "incomeBeforeTax": 704000000,
    "incomeBeforeTaxRatio": 0.1181802921,
    "incomeTaxExpense": 220000000,
    "netIncome": 484000000,
    "netIncomeRatio": 0.0812489508,
    "eps": 2.45,
    "epsdiluted": 2.41,
    "weightedAverageShsOut": 197700000,
    "weightedAverageShsOutDil": 200500000,
    "link": "https://www.sec.gov/Archives/edgar/data/1133421/000113342115000026/0001133421-15-000026-index.htm",
    "finalLink": "https://www.sec.gov/Archives/edgar/data/1133421/000113342115000026/noc-3312015x10q.htm"
  },
  {
    "date": "2014-12-31",
    "symbol": "NOC",
    "reportedCurrency": "USD",
    "cik": "0001133421",
    "fillingDate": "2015-02-02",
    "acceptedDate": "2015-02-02 17:09:25",
    "calendarYear": "2014",
    "period": "Q4",
    "revenue": 6108000000,
    "costOfRevenue": 4653000000,
    "grossProfit": 1455000000,
    "grossProfitRatio": 0.2382121807,
    "researchAndDevelopmentExpenses": 569000000,
    "generalAndAdministrativeExpenses": 693000000,
    "sellingAndMarketingExpenses": 0,
    "sellingGeneralAndAdministrativeExpenses": 693000000,
    "otherExpenses": -569000000,
    "operatingExpenses": 693000000,
    "costAndExpenses": 5346000000,
    "interestIncome": 0,
    "interestExpense": 74000000,
    "depreciationAndAmortization": 140000000,
    "ebitda": 902000000,
    "ebitdaratio": 0.1476751801,
    "operatingIncome": 762000000,
    "operatingIncomeRatio": 0.1247544204,
    "totalOtherIncomeExpensesNet": -61000000,
    "incomeBeforeTax": 701000000,
    "incomeBeforeTaxRatio": 0.114767518,
    "incomeTaxExpense": 195000000,
    "netIncome": 506000000,
    "netIncomeRatio": 0.0828421742,
    "eps": 2.56,
    "epsdiluted": 2.56,
    "weightedAverageShsOut": 197700000,
    "weightedAverageShsOutDil": 197700000,
    "link": "https://www.sec.gov/Archives/edgar/data/1133421/000113342115000008/0001133421-15-000008-index.htm",
    "finalLink": "https://www.sec.gov/Archives/edgar/data/1133421/000113342115000008/noc-12312014x10k.htm"
  },
  {
    "date": "2014-09-30",
    "symbol": "NOC",
    "reportedCurrency": "USD",
    "cik": "0001133421",
    "fillingDate": "2014-10-22",
    "acceptedDate": "2014-10-22 07:06:12",
    "calendarYear": "2014",
    "period": "Q3",
    "revenue": 5984000000,
    "costOfRevenue": 4635000000,
    "grossProfit": 1349000000,
    "grossProfitRatio": 0.225434492,
    "researchAndDevelopmentExpenses": 0,
    "generalAndAdministrativeExpenses": 580000000,
    "sellingAndMarketingExpenses": 0,
    "sellingGeneralAndAdministrativeExpenses": 580000000,
    "otherExpenses": 0,
    "operatingExpenses": 580000000,
    "costAndExpenses": 5215000000,
    "interestIncome": 0,
    "interestExpense": 69000000,
    "depreciationAndAmortization": 105000000,
    "ebitda": 874000000,
    "ebitdaratio": 0.1460561497,
    "operatingIncome": 769000000,
    "operatingIncomeRatio": 0.1285093583,
    "totalOtherIncomeExpensesNet": -75000000,
    "incomeBeforeTax": 694000000,
    "incomeBeforeTaxRatio": 0.1159759358,
    "incomeTaxExpense": 221000000,
    "netIncome": 473000000,
    "netIncomeRatio": 0.0790441176,
    "eps": 2.29,
    "epsdiluted": 2.26,
    "weightedAverageShsOut": 206200000,
    "weightedAverageShsOutDil": 209200000,
    "link": "https://www.sec.gov/Archives/edgar/data/1133421/000113342114000056/0001133421-14-000056-index.htm",
    "finalLink": "https://www.sec.gov/Archives/edgar/data/1133421/000113342114000056/noc-09302014x10q.htm"
  },
  {
    "date": "2014-06-30",
    "symbol": "NOC",
    "reportedCurrency": "USD",
    "cik": "0001133421",
    "fillingDate": "2014-07-23",
    "acceptedDate": "2014-07-23 07:11:55",
    "calendarYear": "2014",
    "period": "Q2",
    "revenue": 6039000000,
    "costOfRevenue": 4629000000,
    "grossProfit": 1410000000,
    "grossProfitRatio": 0.2334823646,
    "researchAndDevelopmentExpenses": 0,
    "generalAndAdministrativeExpenses": 590000000,
    "sellingAndMarketingExpenses": 0,
    "sellingGeneralAndAdministrativeExpenses": 590000000,
    "otherExpenses": 0,
    "operatingExpenses": 590000000,
    "costAndExpenses": 5219000000,
    "interestIncome": 0,
    "interestExpense": 70000000,
    "depreciationAndAmortization": 108000000,
    "ebitda": 928000000,
    "ebitdaratio": 0.1536678258,
    "operatingIncome": 820000000,
    "operatingIncomeRatio": 0.1357840702,
    "totalOtherIncomeExpensesNet": -64000000,
    "incomeBeforeTax": 756000000,
    "incomeBeforeTaxRatio": 0.1251862891,
    "incomeTaxExpense": 245000000,
    "netIncome": 511000000,
    "netIncomeRatio": 0.0846166584,
    "eps": 2.41,
    "epsdiluted": 2.37,
    "weightedAverageShsOut": 212400000,
    "weightedAverageShsOutDil": 215200000,
    "link": "https://www.sec.gov/Archives/edgar/data/1133421/000113342114000049/0001133421-14-000049-index.htm",
    "finalLink": "https://www.sec.gov/Archives/edgar/data/1133421/000113342114000049/noc-06302014x10q.htm"
  },
  {
    "date": "2014-03-31",
    "symbol": "NOC",
    "reportedCurrency": "USD",
    "cik": "0001133421",
    "fillingDate": "2014-04-23",
    "acceptedDate": "2014-04-23 07:05:05",
    "calendarYear": "2014",
    "period": "Q1",
    "revenue": 5848000000,
    "costOfRevenue": 4461000000,
    "grossProfit": 1387000000,
    "grossProfitRatio": 0.2371751026,
    "researchAndDevelopmentExpenses": 0,
    "generalAndAdministrativeExpenses": 542000000,
    "sellingAndMarketingExpenses": 0,
    "sellingGeneralAndAdministrativeExpenses": 542000000,
    "otherExpenses": 0,
    "operatingExpenses": 542000000,
    "costAndExpenses": 5003000000,
    "interestIncome": 0,
    "interestExpense": 69000000,
    "depreciationAndAmortization": 109000000,
    "ebitda": 954000000,
    "ebitdaratio": 0.1631326949,
    "operatingIncome": 845000000,
    "operatingIncomeRatio": 0.144493844,
    "totalOtherIncomeExpensesNet": -59000000,
    "incomeBeforeTax": 786000000,
    "incomeBeforeTaxRatio": 0.1344049248,
    "incomeTaxExpense": 207000000,
    "netIncome": 579000000,
    "netIncomeRatio": 0.0990082079,
    "eps": 2.68,
    "epsdiluted": 2.63,
    "weightedAverageShsOut": 216300000,
    "weightedAverageShsOutDil": 220400000,
    "link": "https://www.sec.gov/Archives/edgar/data/1133421/000113342114000021/0001133421-14-000021-index.htm",
    "finalLink": "https://www.sec.gov/Archives/edgar/data/1133421/000113342114000021/noc-3312014x10q.htm"
  },
  {
    "date": "2013-12-31",
    "symbol": "NOC",
    "reportedCurrency": "USD",
    "cik": "0001133421",
    "fillingDate": "2014-02-03",
    "acceptedDate": "2014-02-03 16:43:05",
    "calendarYear": "2013",
    "period": "Q4",
    "revenue": 6157000000,
    "costOfRevenue": 4828000000,
    "grossProfit": 1329000000,
    "grossProfitRatio": 0.2158518759,
    "researchAndDevelopmentExpenses": 507000000,
    "generalAndAdministrativeExpenses": 561000000,
    "sellingAndMarketingExpenses": 0,
    "sellingGeneralAndAdministrativeExpenses": 561000000,
    "otherExpenses": -507000000,
    "operatingExpenses": 561000000,
    "costAndExpenses": 5389000000,
    "interestIncome": 0,
    "interestExpense": 74000000,
    "depreciationAndAmortization": 150000000,
    "ebitda": 918000000,
    "ebitdaratio": 0.149098587,
    "operatingIncome": 768000000,
    "operatingIncomeRatio": 0.1247360728,
    "totalOtherIncomeExpensesNet": -61000000,
    "incomeBeforeTax": 707000000,
    "incomeBeforeTaxRatio": 0.1148286503,
    "incomeTaxExpense": 229000000,
    "netIncome": 478000000,
    "netIncomeRatio": 0.077635212,
    "eps": 2.21,
    "epsdiluted": 2.21,
    "weightedAverageShsOut": 216300000,
    "weightedAverageShsOutDil": 216300000,
    "link": "https://www.sec.gov/Archives/edgar/data/1133421/000113342114000006/0001133421-14-000006-index.htm",
    "finalLink": "https://www.sec.gov/Archives/edgar/data/1133421/000113342114000006/noc-12312013x10k.htm"
  },
  {
    "date": "2013-09-30",
    "symbol": "NOC",
    "reportedCurrency": "USD",
    "cik": "0001133421",
    "fillingDate": "2013-10-23",
    "acceptedDate": "2013-10-23 07:08:05",
    "calendarYear": "2013",
    "period": "Q3",
    "revenue": 6106000000,
    "costOfRevenue": 4761000000,
    "grossProfit": 1345000000,
    "grossProfitRatio": 0.2202751392,
    "researchAndDevelopmentExpenses": 0,
    "generalAndAdministrativeExpenses": 555000000,
    "sellingAndMarketingExpenses": 0,
    "sellingGeneralAndAdministrativeExpenses": 555000000,
    "otherExpenses": 0,
    "operatingExpenses": 555000000,
    "costAndExpenses": 5316000000,
    "interestIncome": 0,
    "interestExpense": 70000000,
    "depreciationAndAmortization": 120000000,
    "ebitda": 910000000,
    "ebitdaratio": 0.1490337373,
    "operatingIncome": 790000000,
    "operatingIncomeRatio": 0.1293809368,
    "totalOtherIncomeExpensesNet": -70000000,
    "incomeBeforeTax": 720000000,
    "incomeBeforeTaxRatio": 0.1179168031,
    "incomeTaxExpense": 223000000,
    "netIncome": 497000000,
    "netIncomeRatio": 0.0813953488,
    "eps": 2.18,
    "epsdiluted": 2.14,
    "weightedAverageShsOut": 228200000,
    "weightedAverageShsOutDil": 232600000,
    "link": "https://www.sec.gov/Archives/edgar/data/1133421/000113342113000076/0001133421-13-000076-index.htm",
    "finalLink": "https://www.sec.gov/Archives/edgar/data/1133421/000113342113000076/noc-9302013x10q.htm"
  },
  {
    "date": "2013-06-30",
    "symbol": "NOC",
    "reportedCurrency": "USD",
    "cik": "0001133421",
    "fillingDate": "2013-07-24",
    "acceptedDate": "2013-07-24 07:09:23",
    "calendarYear": "2013",
    "period": "Q2",
    "revenue": 6294000000,
    "costOfRevenue": 4906000000,
    "grossProfit": 1388000000,
    "grossProfitRatio": 0.2205274865,
    "researchAndDevelopmentExpenses": 0,
    "generalAndAdministrativeExpenses": 582000000,
    "sellingAndMarketingExpenses": 0,
    "sellingGeneralAndAdministrativeExpenses": 582000000,
    "otherExpenses": 0,
    "operatingExpenses": 604000000,
    "costAndExpenses": 5488000000,
    "interestIncome": 0,
    "interestExpense": 60000000,
    "depreciationAndAmortization": 115000000,
    "ebitda": 899000000,
    "ebitdaratio": 0.1428344455,
    "operatingIncome": 806000000,
    "operatingIncomeRatio": 0.1280584684,
    "totalOtherIncomeExpensesNet": -82000000,
    "incomeBeforeTax": 724000000,
    "incomeBeforeTaxRatio": 0.1150301875,
    "incomeTaxExpense": 236000000,
    "netIncome": 488000000,
    "netIncomeRatio": 0.0775341595,
    "eps": 2.09,
    "epsdiluted": 2.05,
    "weightedAverageShsOut": 234000000,
    "weightedAverageShsOutDil": 237500000,
    "link": "https://www.sec.gov/Archives/edgar/data/1133421/000113342113000061/0001133421-13-000061-index.htm",
    "finalLink": "https://www.sec.gov/Archives/edgar/data/1133421/000113342113000061/noc-6302013x10q.htm"
  },
  {
    "date": "2013-03-31",
    "symbol": "NOC",
    "reportedCurrency": "USD",
    "cik": "0001133421",
    "fillingDate": "2013-04-24",
    "acceptedDate": "2013-04-24 07:03:06",
    "calendarYear": "2013",
    "period": "Q1",
    "revenue": 6104000000,
    "costOfRevenue": 4787000000,
    "grossProfit": 1317000000,
    "grossProfitRatio": 0.2157601573,
    "researchAndDevelopmentExpenses": 0,
    "generalAndAdministrativeExpenses": 558000000,
    "sellingAndMarketingExpenses": 0,
    "sellingGeneralAndAdministrativeExpenses": 558000000,
    "otherExpenses": 0,
    "operatingExpenses": 552000000,
    "costAndExpenses": 5345000000,
    "interestIncome": 0,
    "interestExpense": 53000000,
    "depreciationAndAmortization": 110000000,
    "ebitda": 875000000,
    "ebitdaratio": 0.1433486239,
    "operatingIncome": 759000000,
    "operatingIncomeRatio": 0.124344692,
    "totalOtherIncomeExpensesNet": -47000000,
    "incomeBeforeTax": 712000000,
    "incomeBeforeTaxRatio": 0.1166448231,
    "incomeTaxExpense": 223000000,
    "netIncome": 489000000,
    "netIncomeRatio": 0.0801114024,
    "eps": 2.07,
    "epsdiluted": 2.03,
    "weightedAverageShsOut": 236400000,
    "weightedAverageShsOutDil": 241000000,
    "link": "https://www.sec.gov/Archives/edgar/data/1133421/000113342113000027/0001133421-13-000027-index.htm",
    "finalLink": "https://www.sec.gov/Archives/edgar/data/1133421/000113342113000027/noc-3312013x10q.htm"
  },
  {
    "date": "2012-12-31",
    "symbol": "NOC",
    "reportedCurrency": "USD",
    "cik": "0001133421",
    "fillingDate": "2013-02-05",
    "acceptedDate": "2013-02-04 17:42:40",
    "calendarYear": "2012",
    "period": "Q4",
    "revenue": 6476000000,
    "costOfRevenue": 4915000000,
    "grossProfit": 1561000000,
    "grossProfitRatio": 0.2410438542,
    "researchAndDevelopmentExpenses": 520000000,
    "generalAndAdministrativeExpenses": 737000000,
    "sellingAndMarketingExpenses": 0,
    "sellingGeneralAndAdministrativeExpenses": 737000000,
    "otherExpenses": 0,
    "operatingExpenses": 720000000,
    "costAndExpenses": 5652000000,
    "interestIncome": 0,
    "interestExpense": 54000000,
    "depreciationAndAmortization": 139000000,
    "ebitda": 980000000,
    "ebitdaratio": 0.1513279802,
    "operatingIncome": 824000000,
    "operatingIncomeRatio": 0.1272390364,
    "totalOtherIncomeExpensesNet": -37000000,
    "incomeBeforeTax": 787000000,
    "incomeBeforeTaxRatio": 0.1215256331,
    "incomeTaxExpense": 254000000,
    "netIncome": 533000000,
    "netIncomeRatio": 0.0823038913,
    "eps": 2.25,
    "epsdiluted": 2.25,
    "weightedAverageShsOut": 236400000,
    "weightedAverageShsOutDil": 236400000,
    "link": "https://www.sec.gov/Archives/edgar/data/1133421/000113342113000007/0001133421-13-000007-index.htm",
    "finalLink": "https://www.sec.gov/Archives/edgar/data/1133421/000113342113000007/noc-12312012x10k.htm"
  },
  {
    "date": "2012-09-30",
    "symbol": "NOC",
    "reportedCurrency": "USD",
    "cik": "0001133421",
    "fillingDate": "2012-10-24",
    "acceptedDate": "2012-10-24 11:26:38",
    "calendarYear": "2012",
    "period": "Q3",
    "revenue": 6270000000,
    "costOfRevenue": 4962000000,
    "grossProfit": 1308000000,
    "grossProfitRatio": 0.2086124402,
    "researchAndDevelopmentExpenses": 0,
    "generalAndAdministrativeExpenses": 572000000,
    "sellingAndMarketingExpenses": 0,
    "sellingGeneralAndAdministrativeExpenses": 572000000,
    "otherExpenses": 0,
    "operatingExpenses": 572000000,
    "costAndExpenses": 5534000000,
    "interestIncome": 0,
    "interestExpense": 53000000,
    "depreciationAndAmortization": 128000000,
    "ebitda": 876000000,
    "ebitdaratio": 0.1397129187,
    "operatingIncome": 736000000,
    "operatingIncomeRatio": 0.11738437,
    "totalOtherIncomeExpensesNet": -41000000,
    "incomeBeforeTax": 695000000,
    "incomeBeforeTaxRatio": 0.1108452951,
    "incomeTaxExpense": 236000000,
    "netIncome": 459000000,
    "netIncomeRatio": 0.0732057416,
    "eps": 1.86,
    "epsdiluted": 1.82,
    "weightedAverageShsOut": 247200000,
    "weightedAverageShsOutDil": 252100000,
    "link": "https://www.sec.gov/Archives/edgar/data/1133421/000113342112000046/0001133421-12-000046-index.htm",
    "finalLink": "https://www.sec.gov/Archives/edgar/data/1133421/000113342112000046/noc-9302012x10q.htm"
  },
  {
    "date": "2012-06-30",
    "symbol": "NOC",
    "reportedCurrency": "USD",
    "cik": "0001133421",
    "fillingDate": "2012-07-25",
    "acceptedDate": "2012-07-25 13:53:38",
    "calendarYear": "2012",
    "period": "Q2",
    "revenue": 6274000000,
    "costOfRevenue": 4920000000,
    "grossProfit": 1354000000,
    "grossProfitRatio": 0.2158112847,
    "researchAndDevelopmentExpenses": 0,
    "generalAndAdministrativeExpenses": 580000000,
    "sellingAndMarketingExpenses": 0,
    "sellingGeneralAndAdministrativeExpenses": 580000000,
    "otherExpenses": 0,
    "operatingExpenses": 580000000,
    "costAndExpenses": 5500000000,
    "interestIncome": 0,
    "interestExpense": 52000000,
    "depreciationAndAmortization": 123000000,
    "ebitda": 902000000,
    "ebitdaratio": 0.1437679311,
    "operatingIncome": 774000000,
    "operatingIncomeRatio": 0.1233662735,
    "totalOtherIncomeExpensesNet": -47000000,
    "incomeBeforeTax": 727000000,
    "incomeBeforeTaxRatio": 0.1158750398,
    "incomeTaxExpense": 247000000,
    "netIncome": 480000000,
    "netIncomeRatio": 0.0765062161,
    "eps": 1.91,
    "epsdiluted": 1.88,
    "weightedAverageShsOut": 250800000,
    "weightedAverageShsOutDil": 254700000,
    "link": "https://www.sec.gov/Archives/edgar/data/1133421/000113342112000033/0001133421-12-000033-index.htm",
    "finalLink": "https://www.sec.gov/Archives/edgar/data/1133421/000113342112000033/noc-6302012x10q.htm"
  },
  {
    "date": "2012-03-31",
    "symbol": "NOC",
    "reportedCurrency": "USD",
    "cik": "0001133421",
    "fillingDate": "2012-04-25",
    "acceptedDate": "2012-04-25 15:55:39",
    "calendarYear": "2012",
    "period": "Q1",
    "revenue": 6198000000,
    "costOfRevenue": 4841000000,
    "grossProfit": 1357000000,
    "grossProfitRatio": 0.2189415941,
    "researchAndDevelopmentExpenses": 0,
    "generalAndAdministrativeExpenses": 561000000,
    "sellingAndMarketingExpenses": 0,
    "sellingGeneralAndAdministrativeExpenses": 561000000,
    "otherExpenses": 0,
    "operatingExpenses": 561000000,
    "costAndExpenses": 5402000000,
    "interestIncome": 0,
    "interestExpense": 53000000,
    "depreciationAndAmortization": 120000000,
    "ebitda": 929000000,
    "ebitdaratio": 0.1498870603,
    "operatingIncome": 796000000,
    "operatingIncomeRatio": 0.1284285253,
    "totalOtherIncomeExpensesNet": -40000000,
    "incomeBeforeTax": 756000000,
    "incomeBeforeTaxRatio": 0.1219748306,
    "incomeTaxExpense": 250000000,
    "netIncome": 506000000,
    "netIncomeRatio": 0.0816392385,
    "eps": 2,
    "epsdiluted": 1.96,
    "weightedAverageShsOut": 253100000,
    "weightedAverageShsOutDil": 258000000,
    "link": "https://www.sec.gov/Archives/edgar/data/1133421/000113342112000015/0001133421-12-000015-index.htm",
    "finalLink": "https://www.sec.gov/Archives/edgar/data/1133421/000113342112000015/noc-3312012x10q.htm"
  },
  {
    "date": "2011-12-31",
    "symbol": "NOC",
    "reportedCurrency": "USD",
    "cik": "0001133421",
    "fillingDate": "2012-02-08",
    "acceptedDate": "2012-02-08 09:01:52",
    "calendarYear": "2011",
    "period": "Q4",
    "revenue": 6506000000,
    "costOfRevenue": 5070000000,
    "grossProfit": 1436000000,
    "grossProfitRatio": 0.220719336,
    "researchAndDevelopmentExpenses": 0,
    "generalAndAdministrativeExpenses": 637000000,
    "sellingAndMarketingExpenses": 0,
    "sellingGeneralAndAdministrativeExpenses": 637000000,
    "otherExpenses": 0,
    "operatingExpenses": 637000000,
    "costAndExpenses": 5707000000,
    "interestIncome": 0,
    "interestExpense": 53000000,
    "depreciationAndAmortization": 157000000,
    "ebitda": 992000000,
    "ebitdaratio": 0.1524746388,
    "operatingIncome": 799000000,
    "operatingIncomeRatio": 0.1228097141,
    "totalOtherIncomeExpensesNet": -17000000,
    "incomeBeforeTax": 782000000,
    "incomeBeforeTaxRatio": 0.1201967415,
    "incomeTaxExpense": 232000000,
    "netIncome": 548000000,
    "netIncomeRatio": 0.0842299416,
    "eps": 2.17,
    "epsdiluted": 2.17,
    "weightedAverageShsOut": 253100000,
    "weightedAverageShsOutDil": 253100000,
    "link": "https://www.sec.gov/Archives/edgar/data/1133421/000119312512045323/0001193125-12-045323-index.htm",
    "finalLink": "https://www.sec.gov/Archives/edgar/data/1133421/000119312512045323/d250683d10k.htm"
  },
  {
    "date": "2011-09-30",
    "symbol": "NOC",
    "reportedCurrency": "USD",
    "cik": "0001133421",
    "fillingDate": "2011-10-26",
    "acceptedDate": "2011-10-26 12:01:09",
    "calendarYear": "2011",
    "period": "Q3",
    "revenue": 6612000000,
    "costOfRevenue": 5198000000,
    "grossProfit": 1414000000,
    "grossProfitRatio": 0.2138535995,
    "researchAndDevelopmentExpenses": 0,
    "generalAndAdministrativeExpenses": 589000000,
    "sellingAndMarketingExpenses": 0,
    "sellingGeneralAndAdministrativeExpenses": 589000000,
    "otherExpenses": 0,
    "operatingExpenses": 589000000,
    "costAndExpenses": 5787000000,
    "interestIncome": 0,
    "interestExpense": 57000000,
    "depreciationAndAmortization": 132000000,
    "ebitda": 944000000,
    "ebitdaratio": 0.1427707199,
    "operatingIncome": 825000000,
    "operatingIncomeRatio": 0.1247731397,
    "totalOtherIncomeExpensesNet": -70000000,
    "incomeBeforeTax": 755000000,
    "incomeBeforeTaxRatio": 0.1141863279,
    "incomeTaxExpense": 235000000,
    "netIncome": 520000000,
    "netIncomeRatio": 0.0786448881,
    "eps": 1.89,
    "epsdiluted": 1.86,
    "weightedAverageShsOut": 274900000,
    "weightedAverageShsOutDil": 279300000,
    "link": "https://www.sec.gov/Archives/edgar/data/1133421/000119312511281569/0001193125-11-281569-index.htm",
    "finalLink": "https://www.sec.gov/Archives/edgar/data/1133421/000119312511281569/d241577d10q.htm"
  },
  {
    "date": "2011-06-30",
    "symbol": "NOC",
    "reportedCurrency": "USD",
    "cik": "0001133421",
    "fillingDate": "2011-07-27",
    "acceptedDate": "2011-07-27 12:01:39",
    "calendarYear": "2011",
    "period": "Q2",
    "revenue": 6560000000,
    "costOfRevenue": 5163000000,
    "grossProfit": 1397000000,
    "grossProfitRatio": 0.2129573171,
    "researchAndDevelopmentExpenses": 0,
    "generalAndAdministrativeExpenses": 556000000,
    "sellingAndMarketingExpenses": 0,
    "sellingGeneralAndAdministrativeExpenses": 556000000,
    "otherExpenses": 0,
    "operatingExpenses": 556000000,
    "costAndExpenses": 5719000000,
    "interestIncome": 0,
    "interestExpense": 53000000,
    "depreciationAndAmortization": 134000000,
    "ebitda": 841000000,
    "ebitdaratio": 0.1282012195,
    "operatingIncome": 841000000,
    "operatingIncomeRatio": 0.1282012195,
    "totalOtherIncomeExpensesNet": -53000000,
    "incomeBeforeTax": 788000000,
    "incomeBeforeTaxRatio": 0.1201219512,
    "incomeTaxExpense": 268000000,
    "netIncome": 520000000,
    "netIncomeRatio": 0.0792682927,
    "eps": 1.84,
    "epsdiluted": 1.81,
    "weightedAverageShsOut": 282600000,
    "weightedAverageShsOutDil": 287200000,
    "link": "https://www.sec.gov/Archives/edgar/data/1133421/000095012311068777/0000950123-11-068777-index.htm",
    "finalLink": "https://www.sec.gov/Archives/edgar/data/1133421/000095012311068777/v59597e10vq.htm"
  },
  {
    "date": "2011-03-31",
    "symbol": "NOC",
    "reportedCurrency": "USD",
    "cik": "0001133421",
    "fillingDate": "2011-04-27",
    "acceptedDate": "2011-04-27 11:53:33",
    "calendarYear": "2011",
    "period": "Q1",
    "revenue": 6734000000,
    "costOfRevenue": 5355000000,
    "grossProfit": 1379000000,
    "grossProfitRatio": 0.2047817048,
    "researchAndDevelopmentExpenses": 0,
    "generalAndAdministrativeExpenses": 568000000,
    "sellingAndMarketingExpenses": 0,
    "sellingGeneralAndAdministrativeExpenses": 568000000,
    "otherExpenses": 0,
    "operatingExpenses": 568000000,
    "costAndExpenses": 5923000000,
    "interestIncome": 0,
    "interestExpense": 58000000,
    "depreciationAndAmortization": 121000000,
    "ebitda": 937000000,
    "ebitdaratio": 0.1391446391,
    "operatingIncome": 811000000,
    "operatingIncomeRatio": 0.1204336204,
    "totalOtherIncomeExpensesNet": -53000000,
    "incomeBeforeTax": 758000000,
    "incomeBeforeTaxRatio": 0.1125631126,
    "incomeTaxExpense": 262000000,
    "netIncome": 530000000,
    "netIncomeRatio": 0.0787050787,
    "eps": 1.82,
    "epsdiluted": 1.79,
    "weightedAverageShsOut": 291800000,
    "weightedAverageShsOutDil": 296900000,
    "link": "https://www.sec.gov/Archives/edgar/data/1133421/000095012311039852/0000950123-11-039852-index.htm",
    "finalLink": "https://www.sec.gov/Archives/edgar/data/1133421/000095012311039852/v58707e10vq.htm"
  },
  {
    "date": "2010-12-31",
    "symbol": "NOC",
    "reportedCurrency": "USD",
    "cik": "0001133421",
    "fillingDate": "2011-02-09",
    "acceptedDate": "2011-02-09 12:07:10",
    "calendarYear": "2010",
    "period": "Q4",
    "revenue": 8607000000,
    "costOfRevenue": 7004000000,
    "grossProfit": 1603000000,
    "grossProfitRatio": 0.1862437551,
    "researchAndDevelopmentExpenses": 0,
    "generalAndAdministrativeExpenses": 815000000,
    "sellingAndMarketingExpenses": 0,
    "sellingGeneralAndAdministrativeExpenses": 815000000,
    "otherExpenses": 0,
    "operatingExpenses": 815000000,
    "costAndExpenses": 7819000000,
    "interestIncome": 0,
    "interestExpense": 65000000,
    "depreciationAndAmortization": 201000000,
    "ebitda": 785000000,
    "ebitdaratio": 0.0912048333,
    "operatingIncome": 788000000,
    "operatingIncomeRatio": 0.0915533868,
    "totalOtherIncomeExpensesNet": -269000000,
    "incomeBeforeTax": 519000000,
    "incomeBeforeTaxRatio": 0.060299756,
    "incomeTaxExpense": 143000000,
    "netIncome": 376000000,
    "netIncomeRatio": 0.0436853724,
    "eps": 1.29,
    "epsdiluted": 1.29,
    "weightedAverageShsOut": 291800000,
    "weightedAverageShsOutDil": 291800000,
    "link": "https://www.sec.gov/Archives/edgar/data/1133421/000095012311010835/0000950123-11-010835-index.htm",
    "finalLink": "https://www.sec.gov/Archives/edgar/data/1133421/000095012311010835/v57435e10vk.htm"
  },
  {
    "date": "2010-09-30",
    "symbol": "NOC",
    "reportedCurrency": "USD",
    "cik": "0001133421",
    "fillingDate": "2010-10-27",
    "acceptedDate": "2010-10-27 10:46:40",
    "calendarYear": "2010",
    "period": "Q3",
    "revenue": 8714000000,
    "costOfRevenue": 7188000000,
    "grossProfit": 1526000000,
    "grossProfitRatio": 0.1751204958,
    "researchAndDevelopmentExpenses": 0,
    "generalAndAdministrativeExpenses": 725000000,
    "sellingAndMarketingExpenses": 0,
    "sellingGeneralAndAdministrativeExpenses": 725000000,
    "otherExpenses": 0,
    "operatingExpenses": 725000000,
    "costAndExpenses": 7913000000,
    "interestIncome": 0,
    "interestExpense": 68000000,
    "depreciationAndAmortization": 183000000,
    "ebitda": 872000000,
    "ebitdaratio": 0.1000688547,
    "operatingIncome": 801000000,
    "operatingIncomeRatio": 0.0919210466,
    "totalOtherIncomeExpensesNet": -55000000,
    "incomeBeforeTax": 746000000,
    "incomeBeforeTaxRatio": 0.0856093642,
    "incomeTaxExpense": 257000000,
    "netIncome": 497000000,
    "netIncomeRatio": 0.0570346569,
    "eps": 1.69,
    "epsdiluted": 1.67,
    "weightedAverageShsOut": 293500000,
    "weightedAverageShsOutDil": 297600000,
    "link": "https://www.sec.gov/Archives/edgar/data/1133421/000095012310096434/0000950123-10-096434-index.htm",
    "finalLink": "https://www.sec.gov/Archives/edgar/data/1133421/000095012310096434/v57127e10vq.htm"
  },
  {
    "date": "2010-06-30",
    "symbol": "NOC",
    "reportedCurrency": "USD",
    "cik": "0001133421",
    "fillingDate": "2010-07-29",
    "acceptedDate": "2010-07-29 10:48:25",
    "calendarYear": "2010",
    "period": "Q2",
    "revenue": 8826000000,
    "costOfRevenue": 7340000000,
    "grossProfit": 1486000000,
    "grossProfitRatio": 0.1683661908,
    "researchAndDevelopmentExpenses": 0,
    "generalAndAdministrativeExpenses": 770000000,
    "sellingAndMarketingExpenses": 0,
    "sellingGeneralAndAdministrativeExpenses": 770000000,
    "otherExpenses": 0,
    "operatingExpenses": 770000000,
    "costAndExpenses": 8110000000,
    "interestIncome": 0,
    "interestExpense": 68000000,
    "depreciationAndAmortization": 175000000,
    "ebitda": 870000000,
    "ebitdaratio": 0.0985723997,
    "operatingIncome": 716000000,
    "operatingIncomeRatio": 0.081123952,
    "totalOtherIncomeExpensesNet": -41000000,
    "incomeBeforeTax": 638000000,
    "incomeBeforeTaxRatio": 0.0722864265,
    "incomeTaxExpense": -73000000,
    "netIncome": 711000000,
    "netIncomeRatio": 0.0805574439,
    "eps": 2.37,
    "epsdiluted": 2.34,
    "weightedAverageShsOut": 299600000,
    "weightedAverageShsOutDil": 303800000,
    "link": "https://www.sec.gov/Archives/edgar/data/1133421/000095012310069539/0000950123-10-069539-index.htm",
    "finalLink": "https://www.sec.gov/Archives/edgar/data/1133421/000095012310069539/v56414e10vq.htm"
  },
  {
    "date": "2010-03-31",
    "symbol": "NOC",
    "reportedCurrency": "USD",
    "cik": "0001133421",
    "fillingDate": "2010-04-28",
    "acceptedDate": "2010-04-28 10:51:01",
    "calendarYear": "2010",
    "period": "Q1",
    "revenue": 8610000000,
    "costOfRevenue": 7077000000,
    "grossProfit": 1533000000,
    "grossProfitRatio": 0.1780487805,
    "researchAndDevelopmentExpenses": 0,
    "generalAndAdministrativeExpenses": 768000000,
    "sellingAndMarketingExpenses": 0,
    "sellingGeneralAndAdministrativeExpenses": 768000000,
    "otherExpenses": 0,
    "operatingExpenses": 768000000,
    "costAndExpenses": 7845000000,
    "interestIncome": 0,
    "interestExpense": 80000000,
    "depreciationAndAmortization": 179000000,
    "ebitda": 815000000,
    "ebitdaratio": 0.0946573751,
    "operatingIncome": 765000000,
    "operatingIncomeRatio": 0.0888501742,
    "totalOtherIncomeExpensesNet": -73000000,
    "incomeBeforeTax": 692000000,
    "incomeBeforeTaxRatio": 0.0803716609,
    "incomeTaxExpense": 230000000,
    "netIncome": 469000000,
    "netIncomeRatio": 0.0544715447,
    "eps": 1.55,
    "epsdiluted": 1.53,
    "weightedAverageShsOut": 302500000,
    "weightedAverageShsOutDil": 306100000,
    "link": "https://www.sec.gov/Archives/edgar/data/1133421/000095012310039323/0000950123-10-039323-index.htm",
    "finalLink": "https://www.sec.gov/Archives/edgar/data/1133421/000095012310039323/v55417e10vq.htm"
  },
  {
    "date": "2009-12-31",
    "symbol": "NOC",
    "reportedCurrency": "USD",
    "cik": "0001133421",
    "fillingDate": "2010-02-09",
    "acceptedDate": "2010-02-08 21:29:13",
    "calendarYear": "2009",
    "period": "Q4",
    "revenue": 7752000000,
    "costOfRevenue": 6381000000,
    "grossProfit": 1371000000,
    "grossProfitRatio": 0.1768575851,
    "researchAndDevelopmentExpenses": 610000000,
    "generalAndAdministrativeExpenses": 851000000,
    "sellingAndMarketingExpenses": 0,
    "sellingGeneralAndAdministrativeExpenses": 851000000,
    "otherExpenses": 0,
    "operatingExpenses": 851000000,
    "costAndExpenses": 7232000000,
    "interestIncome": 0,
    "interestExpense": 62000000,
    "depreciationAndAmortization": 157000000,
    "ebitda": 679000000,
    "ebitdaratio": 0.0875902993,
    "operatingIncome": 520000000,
    "operatingIncomeRatio": 0.0670794634,
    "totalOtherIncomeExpensesNet": -60000000,
    "incomeBeforeTax": 460000000,
    "incomeBeforeTaxRatio": 0.0593395253,
    "incomeTaxExpense": 157000000,
    "netIncome": 413000000,
    "netIncomeRatio": 0.0532765738,
    "eps": 1.37,
    "epsdiluted": 1.37,
    "weightedAverageShsOut": 302500000,
    "weightedAverageShsOutDil": 302500000,
    "link": "https://www.sec.gov/Archives/edgar/data/1133421/000095012310010126/0000950123-10-010126-index.htm",
    "finalLink": "https://www.sec.gov/Archives/edgar/data/1133421/000095012310010126/v54508e10vk.htm"
  },
  {
    "date": "2009-09-30",
    "symbol": "NOC",
    "reportedCurrency": "USD",
    "cik": "0001133421",
    "fillingDate": "2009-10-21",
    "acceptedDate": "2009-10-21 11:31:53",
    "calendarYear": "2009",
    "period": "Q3",
    "revenue": 8726000000,
    "costOfRevenue": 7303000000,
    "grossProfit": 1423000000,
    "grossProfitRatio": 0.1630758652,
    "researchAndDevelopmentExpenses": 0,
    "generalAndAdministrativeExpenses": 768000000,
    "sellingAndMarketingExpenses": 0,
    "sellingGeneralAndAdministrativeExpenses": 768000000,
    "otherExpenses": 0,
    "operatingExpenses": 768000000,
    "costAndExpenses": 8071000000,
    "interestIncome": 0,
    "interestExpense": 76000000,
    "depreciationAndAmortization": 0,
    "ebitda": 655000000,
    "ebitdaratio": 0.07506303,
    "operatingIncome": 655000000,
    "operatingIncomeRatio": 0.07506303,
    "totalOtherIncomeExpensesNet": 1000000,
    "incomeBeforeTax": 620000000,
    "incomeBeforeTaxRatio": 0.0710520284,
    "incomeTaxExpense": 133000000,
    "netIncome": 490000000,
    "netIncomeRatio": 0.0561540225,
    "eps": 1.55,
    "epsdiluted": 1.53,
    "weightedAverageShsOut": 317100000,
    "weightedAverageShsOutDil": 320600000,
    "link": "https://www.sec.gov/Archives/edgar/data/1133421/000095012309051815/0000950123-09-051815-index.htm",
    "finalLink": "https://www.sec.gov/Archives/edgar/data/1133421/000095012309051815/v53955e10vq.htm"
  },
  {
    "date": "2009-06-30",
    "symbol": "NOC",
    "reportedCurrency": "USD",
    "cik": "0001133421",
    "fillingDate": "2009-07-23",
    "acceptedDate": "2009-07-23 08:07:31",
    "calendarYear": "2009",
    "period": "Q2",
    "revenue": 8957000000,
    "costOfRevenue": 7530000000,
    "grossProfit": 1427000000,
    "grossProfitRatio": 0.1593167355,
    "researchAndDevelopmentExpenses": 0,
    "generalAndAdministrativeExpenses": 774000000,
    "sellingAndMarketingExpenses": 0,
    "sellingGeneralAndAdministrativeExpenses": 774000000,
    "otherExpenses": 0,
    "operatingExpenses": 774000000,
    "costAndExpenses": 8304000000,
    "interestIncome": 0,
    "interestExpense": 70000000,
    "depreciationAndAmortization": 0,
    "ebitda": 653000000,
    "ebitdaratio": 0.0729038741,
    "operatingIncome": 653000000,
    "operatingIncomeRatio": 0.0729038741,
    "totalOtherIncomeExpensesNet": -18000000,
    "incomeBeforeTax": 596000000,
    "incomeBeforeTaxRatio": 0.0665401362,
    "incomeTaxExpense": 202000000,
    "netIncome": 394000000,
    "netIncomeRatio": 0.0439879424,
    "eps": 1.22,
    "epsdiluted": 1.21,
    "weightedAverageShsOut": 322000000,
    "weightedAverageShsOutDil": 325800000,
    "link": "https://www.sec.gov/Archives/edgar/data/1133421/000095012309024563/0000950123-09-024563-index.htm",
    "finalLink": "https://www.sec.gov/Archives/edgar/data/1133421/000095012309024563/v52989e10vq.htm"
  },
  {
    "date": "2009-03-31",
    "symbol": "NOC",
    "reportedCurrency": "USD",
    "cik": "0001133421",
    "fillingDate": "2009-04-22",
    "acceptedDate": "2009-04-22 11:33:31",
    "calendarYear": "2009",
    "period": "Q1",
    "revenue": 8320000000,
    "costOfRevenue": 6916000000,
    "grossProfit": 1404000000,
    "grossProfitRatio": 0.16875,
    "researchAndDevelopmentExpenses": 0,
    "generalAndAdministrativeExpenses": 749000000,
    "sellingAndMarketingExpenses": 0,
    "sellingGeneralAndAdministrativeExpenses": 749000000,
    "otherExpenses": 0,
    "operatingExpenses": 749000000,
    "costAndExpenses": 7665000000,
    "interestIncome": 0,
    "interestExpense": 73000000,
    "depreciationAndAmortization": 137000000,
    "ebitda": 801000000,
    "ebitdaratio": 0.0962740385,
    "operatingIncome": 655000000,
    "operatingIncomeRatio": 0.0787259615,
    "totalOtherIncomeExpensesNet": -29000000,
    "incomeBeforeTax": 590000000,
    "incomeBeforeTaxRatio": 0.0709134615,
    "incomeTaxExpense": 201000000,
    "netIncome": 389000000,
    "netIncomeRatio": 0.0467548077,
    "eps": 1.19,
    "epsdiluted": 1.17,
    "weightedAverageShsOut": 326900000,
    "weightedAverageShsOutDil": 332100000,
    "link": "https://www.sec.gov/Archives/edgar/data/1133421/000095013409008088/0000950134-09-008088-index.htm",
    "finalLink": "https://www.sec.gov/Archives/edgar/data/1133421/000095013409008088/v51970e10vq.htm"
  },
  {
    "date": "2008-12-31",
    "symbol": "NOC",
    "reportedCurrency": "USD",
    "cik": "0001133421",
    "fillingDate": "2009-02-10",
    "acceptedDate": "2009-02-10 06:01:46",
    "calendarYear": "2008",
    "period": "Q4",
    "revenue": 9154000000,
    "costOfRevenue": 7326000000,
    "grossProfit": 1828000000,
    "grossProfitRatio": 0.1996941228,
    "researchAndDevelopmentExpenses": 576000000,
    "generalAndAdministrativeExpenses": 920000000,
    "sellingAndMarketingExpenses": 0,
    "sellingGeneralAndAdministrativeExpenses": 920000000,
    "otherExpenses": 3060000000,
    "operatingExpenses": 3980000000,
    "costAndExpenses": 11306000000,
    "interestIncome": 0,
    "interestExpense": 0,
    "depreciationAndAmortization": 197000000,
    "ebitda": -1955000000,
    "ebitdaratio": -0.2135678392,
    "operatingIncome": -2152000000,
    "operatingIncomeRatio": -0.2350884859,
    "totalOtherIncomeExpensesNet": -106000000,
    "incomeBeforeTax": -2258000000,
    "incomeBeforeTaxRatio": -0.2466681232,
    "incomeTaxExpense": 278000000,
    "netIncome": -2533000000,
    "netIncomeRatio": -0.2767096351,
    "eps": -7.75,
    "epsdiluted": -7.75,
    "weightedAverageShsOut": 326700000,
    "weightedAverageShsOutDil": 326900000,
    "link": "https://www.sec.gov/Archives/edgar/data/1133421/000095013409002265/0000950134-09-002265-index.htm",
    "finalLink": "https://www.sec.gov/Archives/edgar/data/1133421/000095013409002265/v51127e10vk.htm"
  },
  {
    "date": "2008-09-30",
    "symbol": "NOC",
    "reportedCurrency": "USD",
    "cik": "0001133421",
    "fillingDate": "2008-10-22",
    "acceptedDate": "2008-10-22 12:31:40",
    "calendarYear": "2008",
    "period": "Q3",
    "revenue": 8381000000,
    "costOfRevenue": 6825000000,
    "grossProfit": 1556000000,
    "grossProfitRatio": 0.185658036,
    "researchAndDevelopmentExpenses": 0,
    "generalAndAdministrativeExpenses": 785000000,
    "sellingAndMarketingExpenses": 0,
    "sellingGeneralAndAdministrativeExpenses": 785000000,
    "otherExpenses": 0,
    "operatingExpenses": 785000000,
    "costAndExpenses": 7610000000,
    "interestIncome": 0,
    "interestExpense": 0,
    "depreciationAndAmortization": 184000000,
    "ebitda": 771000000,
    "ebitdaratio": 0.0919937955,
    "operatingIncome": 771000000,
    "operatingIncomeRatio": 0.0919937955,
    "totalOtherIncomeExpensesNet": -29000000,
    "incomeBeforeTax": 742000000,
    "incomeBeforeTaxRatio": 0.0885335879,
    "incomeTaxExpense": 233000000,
    "netIncome": 512000000,
    "netIncomeRatio": 0.061090562,
    "eps": 1.53,
    "epsdiluted": 1.51,
    "weightedAverageShsOut": 334200000,
    "weightedAverageShsOutDil": 340100000,
    "link": "https://www.sec.gov/Archives/edgar/data/1133421/000095013408018267/0000950134-08-018267-index.htm",
    "finalLink": "https://www.sec.gov/Archives/edgar/data/1133421/000095013408018267/v50087e10vq.htm"
  },
  {
    "date": "2008-06-30",
    "symbol": "NOC",
    "reportedCurrency": "USD",
    "cik": "0001133421",
    "fillingDate": "2008-07-29",
    "acceptedDate": "2008-07-29 12:12:24",
    "calendarYear": "2008",
    "period": "Q2",
    "revenue": 8628000000,
    "costOfRevenue": 7025000000,
    "grossProfit": 1603000000,
    "grossProfitRatio": 0.1857904497,
    "researchAndDevelopmentExpenses": 0,
    "generalAndAdministrativeExpenses": 797000000,
    "sellingAndMarketingExpenses": 0,
    "sellingGeneralAndAdministrativeExpenses": 797000000,
    "otherExpenses": 0,
    "operatingExpenses": 797000000,
    "costAndExpenses": 7822000000,
    "interestIncome": 0,
    "interestExpense": 0,
    "depreciationAndAmortization": 185000000,
    "ebitda": 806000000,
    "ebitdaratio": 0.0934167826,
    "operatingIncome": 806000000,
    "operatingIncomeRatio": 0.0934167826,
    "totalOtherIncomeExpensesNet": -67000000,
    "incomeBeforeTax": 739000000,
    "incomeBeforeTaxRatio": 0.0856513676,
    "incomeTaxExpense": 256000000,
    "netIncome": 495000000,
    "netIncomeRatio": 0.0573713491,
    "eps": 1.46,
    "epsdiluted": 1.44,
    "weightedAverageShsOut": 339000000,
    "weightedAverageShsOutDil": 344100000,
    "link": "https://www.sec.gov/Archives/edgar/data/1133421/000095013708009784/0000950137-08-009784-index.htm",
    "finalLink": "https://www.sec.gov/Archives/edgar/data/1133421/000095013708009784/v42160e10vq.htm"
  },
  {
    "date": "2008-03-31",
    "symbol": "NOC",
    "reportedCurrency": "USD",
    "cik": "0001133421",
    "fillingDate": "2008-04-24",
    "acceptedDate": "2008-04-24 11:33:44",
    "calendarYear": "2008",
    "period": "Q1",
    "revenue": 7724000000,
    "costOfRevenue": 6522000000,
    "grossProfit": 1202000000,
    "grossProfitRatio": 0.1556188503,
    "researchAndDevelopmentExpenses": 0,
    "generalAndAdministrativeExpenses": 738000000,
    "sellingAndMarketingExpenses": 0,
    "sellingGeneralAndAdministrativeExpenses": 738000000,
    "otherExpenses": 0,
    "operatingExpenses": 738000000,
    "costAndExpenses": 7260000000,
    "interestIncome": 0,
    "interestExpense": 0,
    "depreciationAndAmortization": 195000000,
    "ebitda": 464000000,
    "ebitdaratio": 0.0600725013,
    "operatingIncome": 464000000,
    "operatingIncomeRatio": 0.0600725013,
    "totalOtherIncomeExpensesNet": -55000000,
    "incomeBeforeTax": 409000000,
    "incomeBeforeTaxRatio": 0.0529518384,
    "incomeTaxExpense": 146000000,
    "netIncome": 264000000,
    "netIncomeRatio": 0.0341791818,
    "eps": 0.78,
    "epsdiluted": 0.76,
    "weightedAverageShsOut": 338800000,
    "weightedAverageShsOutDil": 349300000,
    "link": "https://www.sec.gov/Archives/edgar/data/1133421/000095012408001976/0000950124-08-001976-index.htm",
    "finalLink": "https://www.sec.gov/Archives/edgar/data/1133421/000095012408001976/v39968e10vq.htm"
  },
  {
    "date": "2007-12-31",
    "symbol": "NOC",
    "reportedCurrency": "USD",
    "cik": "0001133421",
    "fillingDate": "2008-02-20",
    "acceptedDate": "2008-02-20 14:36:35",
    "calendarYear": "2007",
    "period": "Q4",
    "revenue": 8824000000,
    "costOfRevenue": 7182000000,
    "grossProfit": 1642000000,
    "grossProfitRatio": 0.1860834089,
    "researchAndDevelopmentExpenses": 0,
    "generalAndAdministrativeExpenses": 882000000,
    "sellingAndMarketingExpenses": 0,
    "sellingGeneralAndAdministrativeExpenses": 882000000,
    "otherExpenses": 0,
    "operatingExpenses": 882000000,
    "costAndExpenses": 8064000000,
    "interestIncome": 0,
    "interestExpense": 0,
    "depreciationAndAmortization": 205000000,
    "ebitda": 965000000,
    "ebitdaratio": 0.1093608341,
    "operatingIncome": 760000000,
    "operatingIncomeRatio": 0.0861287398,
    "totalOtherIncomeExpensesNet": -61000000,
    "incomeBeforeTax": 699000000,
    "incomeBeforeTaxRatio": 0.0792157752,
    "incomeTaxExpense": 242000000,
    "netIncome": 454000000,
    "netIncomeRatio": 0.0514505893,
    "eps": 1.34,
    "epsdiluted": 1.34,
    "weightedAverageShsOut": 338100000,
    "weightedAverageShsOutDil": 338800000,
    "link": "https://www.sec.gov/Archives/edgar/data/1133421/000095012408000713/0000950124-08-000713-index.htm",
    "finalLink": "https://www.sec.gov/Archives/edgar/data/1133421/000095012408000713/v37202e10vk.htm"
  },
  {
    "date": "2007-09-30",
    "symbol": "NOC",
    "reportedCurrency": "USD",
    "cik": "0001133421",
    "fillingDate": "2007-10-24",
    "acceptedDate": "2007-10-24 12:16:12",
    "calendarYear": "2007",
    "period": "Q3",
    "revenue": 7928000000,
    "costOfRevenue": 6330000000,
    "grossProfit": 1598000000,
    "grossProfitRatio": 0.2015640767,
    "researchAndDevelopmentExpenses": 0,
    "generalAndAdministrativeExpenses": 791000000,
    "sellingAndMarketingExpenses": 0,
    "sellingGeneralAndAdministrativeExpenses": 791000000,
    "otherExpenses": 0,
    "operatingExpenses": 791000000,
    "costAndExpenses": 7121000000,
    "interestIncome": 0,
    "interestExpense": 0,
    "depreciationAndAmortization": 175000000,
    "ebitda": 989000000,
    "ebitdaratio": 0.1247477296,
    "operatingIncome": 807000000,
    "operatingIncomeRatio": 0.1017911201,
    "totalOtherIncomeExpensesNet": -77000000,
    "incomeBeforeTax": 731000000,
    "incomeBeforeTaxRatio": 0.0922048436,
    "incomeTaxExpense": 241000000,
    "netIncome": 489000000,
    "netIncomeRatio": 0.0616801211,
    "eps": 1.44,
    "epsdiluted": 1.41,
    "weightedAverageShsOut": 340200000,
    "weightedAverageShsOutDil": 352600000,
    "link": "https://www.sec.gov/Archives/edgar/data/1133421/000095013407021833/0000950134-07-021833-index.htm",
    "finalLink": "https://www.sec.gov/Archives/edgar/data/1133421/000095013407021833/v34614e10vq.htm"
  },
  {
    "date": "2007-06-30",
    "symbol": "NOC",
    "reportedCurrency": "USD",
    "cik": "0001133421",
    "fillingDate": "2007-07-24",
    "acceptedDate": "2007-07-24 08:10:53",
    "calendarYear": "2007",
    "period": "Q2",
    "revenue": 7929000000,
    "costOfRevenue": 6361000000,
    "grossProfit": 1568000000,
    "grossProfitRatio": 0.1977550763,
    "researchAndDevelopmentExpenses": 0,
    "generalAndAdministrativeExpenses": 824000000,
    "sellingAndMarketingExpenses": 0,
    "sellingGeneralAndAdministrativeExpenses": 824000000,
    "otherExpenses": 0,
    "operatingExpenses": 824000000,
    "costAndExpenses": 7185000000,
    "interestIncome": 0,
    "interestExpense": 0,
    "depreciationAndAmortization": 173000000,
    "ebitda": 936000000,
    "ebitdaratio": 0.1180476731,
    "operatingIncome": 744000000,
    "operatingIncomeRatio": 0.0938327658,
    "totalOtherIncomeExpensesNet": -73000000,
    "incomeBeforeTax": 652000000,
    "incomeBeforeTaxRatio": 0.0822297894,
    "incomeTaxExpense": 192000000,
    "netIncome": 460000000,
    "netIncomeRatio": 0.0580148821,
    "eps": 1.34,
    "epsdiluted": 1.31,
    "weightedAverageShsOut": 343300000,
    "weightedAverageShsOutDil": 355300000,
    "link": "https://www.sec.gov/Archives/edgar/data/1133421/000095013407015705/0000950134-07-015705-index.htm",
    "finalLink": "https://www.sec.gov/Archives/edgar/data/1133421/000095013407015705/v32057e10vq.htm"
  },
  {
    "date": "2007-03-31",
    "symbol": "NOC",
    "reportedCurrency": "USD",
    "cik": "0001133421",
    "fillingDate": "2007-04-24",
    "acceptedDate": "2007-04-24 09:07:40",
    "calendarYear": "2007",
    "period": "Q1",
    "revenue": 7344000000,
    "costOfRevenue": 5948000000,
    "grossProfit": 1396000000,
    "grossProfitRatio": 0.190087146,
    "researchAndDevelopmentExpenses": 0,
    "generalAndAdministrativeExpenses": 715000000,
    "sellingAndMarketingExpenses": 0,
    "sellingGeneralAndAdministrativeExpenses": 715000000,
    "otherExpenses": 0,
    "operatingExpenses": 715000000,
    "costAndExpenses": 6663000000,
    "interestIncome": 0,
    "interestExpense": 0,
    "depreciationAndAmortization": 166000000,
    "ebitda": 856000000,
    "ebitdaratio": 0.1165577342,
    "operatingIncome": 681000000,
    "operatingIncomeRatio": 0.0927287582,
    "totalOtherIncomeExpensesNet": -90000000,
    "incomeBeforeTax": 590000000,
    "incomeBeforeTaxRatio": 0.0803376906,
    "incomeTaxExpense": 203000000,
    "netIncome": 387000000,
    "netIncomeRatio": 0.0526960784,
    "eps": 1.12,
    "epsdiluted": 1.1,
    "weightedAverageShsOut": 345300000,
    "weightedAverageShsOutDil": 358300000,
    "link": "https://www.sec.gov/Archives/edgar/data/1133421/000095013407008861/0000950134-07-008861-index.htm",
    "finalLink": "https://www.sec.gov/Archives/edgar/data/1133421/000095013407008861/v29442e10vq.htm"
  },
  {
    "date": "2006-12-31",
    "symbol": "NOC",
    "reportedCurrency": "USD",
    "cik": "0001133421",
    "fillingDate": "2007-02-21",
    "acceptedDate": "2007-02-21 16:51:52",
    "calendarYear": "2006",
    "period": "Q4",
    "revenue": 8021000000,
    "costOfRevenue": 6593000000,
    "grossProfit": 1428000000,
    "grossProfitRatio": 0.1780326643,
    "researchAndDevelopmentExpenses": 0,
    "generalAndAdministrativeExpenses": 806000000,
    "sellingAndMarketingExpenses": 0,
    "sellingGeneralAndAdministrativeExpenses": 806000000,
    "otherExpenses": 0,
    "operatingExpenses": 806000000,
    "costAndExpenses": 7399000000,
    "interestIncome": 0,
    "interestExpense": 0,
    "depreciationAndAmortization": 183000000,
    "ebitda": 805000000,
    "ebitdaratio": 0.1003615509,
    "operatingIncome": 622000000,
    "operatingIncomeRatio": 0.0775464406,
    "totalOtherIncomeExpensesNet": 65000000,
    "incomeBeforeTax": 687000000,
    "incomeBeforeTaxRatio": 0.0856501683,
    "incomeTaxExpense": 230000000,
    "netIncome": 453000000,
    "netIncomeRatio": 0.0564767485,
    "eps": 1.31,
    "epsdiluted": 1.31,
    "weightedAverageShsOut": 345300000,
    "weightedAverageShsOutDil": 345300000,
    "link": "https://www.sec.gov/Archives/edgar/data/1133421/000095012407000990/0000950124-07-000990-index.htm",
    "finalLink": "https://www.sec.gov/Archives/edgar/data/1133421/000095012407000990/v27342e10vk.htm"
  },
  {
    "date": "2006-09-30",
    "symbol": "NOC",
    "reportedCurrency": "USD",
    "cik": "0001133421",
    "fillingDate": "2006-10-24",
    "acceptedDate": "2006-10-24 08:11:18",
    "calendarYear": "2006",
    "period": "Q3",
    "revenue": 7433000000,
    "costOfRevenue": 6100000000,
    "grossProfit": 1333000000,
    "grossProfitRatio": 0.1793353962,
    "researchAndDevelopmentExpenses": 0,
    "generalAndAdministrativeExpenses": 787000000,
    "sellingAndMarketingExpenses": 0,
    "sellingGeneralAndAdministrativeExpenses": 787000000,
    "otherExpenses": 0,
    "operatingExpenses": 787000000,
    "costAndExpenses": 6887000000,
    "interestIncome": 0,
    "interestExpense": 0,
    "depreciationAndAmortization": 165000000,
    "ebitda": 714000000,
    "ebitdaratio": 0.0960581192,
    "operatingIncome": 546000000,
    "operatingIncomeRatio": 0.0734562088,
    "totalOtherIncomeExpensesNet": -72000000,
    "incomeBeforeTax": 474000000,
    "incomeBeforeTaxRatio": 0.0637696758,
    "incomeTaxExpense": 168000000,
    "netIncome": 302000000,
    "netIncomeRatio": 0.0406296246,
    "eps": 0.88,
    "epsdiluted": 0.86,
    "weightedAverageShsOut": 344700000,
    "weightedAverageShsOutDil": 351000000,
    "link": "https://www.sec.gov/Archives/edgar/data/1133421/000095012406006071/0000950124-06-006071-index.htm",
    "finalLink": "https://www.sec.gov/Archives/edgar/data/1133421/000095012406006071/v24354e10vq.htm"
  },
  {
    "date": "2006-06-30",
    "symbol": "NOC",
    "reportedCurrency": "USD",
    "cik": "0001133421",
    "fillingDate": "2006-07-27",
    "acceptedDate": "2006-07-27 08:11:24",
    "calendarYear": "2006",
    "period": "Q2",
    "revenue": 7601000000,
    "costOfRevenue": 6155000000,
    "grossProfit": 1446000000,
    "grossProfitRatio": 0.1902381266,
    "researchAndDevelopmentExpenses": 0,
    "generalAndAdministrativeExpenses": 764000000,
    "sellingAndMarketingExpenses": 0,
    "sellingGeneralAndAdministrativeExpenses": 764000000,
    "otherExpenses": 0,
    "operatingExpenses": 764000000,
    "costAndExpenses": 6919000000,
    "interestIncome": 0,
    "interestExpense": 0,
    "depreciationAndAmortization": 170000000,
    "ebitda": 852000000,
    "ebitdaratio": 0.1120905144,
    "operatingIncome": 682000000,
    "operatingIncomeRatio": 0.0897250362,
    "totalOtherIncomeExpensesNet": -93000000,
    "incomeBeforeTax": 589000000,
    "incomeBeforeTaxRatio": 0.077489804,
    "incomeTaxExpense": 147000000,
    "netIncome": 430000000,
    "netIncomeRatio": 0.0565715037,
    "eps": 1.25,
    "epsdiluted": 1.23,
    "weightedAverageShsOut": 344000000,
    "weightedAverageShsOutDil": 350100000,
    "link": "https://www.sec.gov/Archives/edgar/data/1133421/000119312506154359/0001193125-06-154359-index.htm",
    "finalLink": "https://www.sec.gov/Archives/edgar/data/1133421/000119312506154359/d10q.htm"
  },
  {
    "date": "2006-03-31",
    "symbol": "NOC",
    "reportedCurrency": "USD",
    "cik": "0001133421",
    "fillingDate": "2006-04-25",
    "acceptedDate": "2006-04-25 12:06:50",
    "calendarYear": "2006",
    "period": "Q1",
    "revenue": 7184000000,
    "costOfRevenue": 5894000000,
    "grossProfit": 1290000000,
    "grossProfitRatio": 0.1795657016,
    "researchAndDevelopmentExpenses": 0,
    "generalAndAdministrativeExpenses": 695000000,
    "sellingAndMarketingExpenses": 0,
    "sellingGeneralAndAdministrativeExpenses": 695000000,
    "otherExpenses": 0,
    "operatingExpenses": 695000000,
    "costAndExpenses": 6589000000,
    "interestIncome": 0,
    "interestExpense": 0,
    "depreciationAndAmortization": 173000000,
    "ebitda": 777000000,
    "ebitdaratio": 0.1081570156,
    "operatingIncome": 595000000,
    "operatingIncomeRatio": 0.0828229399,
    "totalOtherIncomeExpensesNet": -69000000,
    "incomeBeforeTax": 517000000,
    "incomeBeforeTaxRatio": 0.0719654788,
    "incomeTaxExpense": 160000000,
    "netIncome": 358000000,
    "netIncomeRatio": 0.0498329621,
    "eps": 1.04,
    "epsdiluted": 1.02,
    "weightedAverageShsOut": 343300000,
    "weightedAverageShsOutDil": 350800000,
    "link": "https://www.sec.gov/Archives/edgar/data/1133421/000119312506087601/0001193125-06-087601-index.htm",
    "finalLink": "https://www.sec.gov/Archives/edgar/data/1133421/000119312506087601/d10q.htm"
  },
  {
    "date": "2005-12-31",
    "symbol": "NOC",
    "reportedCurrency": "USD",
    "cik": "0001133421",
    "fillingDate": "2006-02-17",
    "acceptedDate": "2006-02-17 14:26:05",
    "calendarYear": "2005",
    "period": "Q4",
    "revenue": 7860000000,
    "costOfRevenue": 6421000000,
    "grossProfit": 1439000000,
    "grossProfitRatio": 0.1830788804,
    "researchAndDevelopmentExpenses": 0,
    "generalAndAdministrativeExpenses": 905000000,
    "sellingAndMarketingExpenses": 0,
    "sellingGeneralAndAdministrativeExpenses": 905000000,
    "otherExpenses": 0,
    "operatingExpenses": 905000000,
    "costAndExpenses": 7326000000,
    "interestIncome": 0,
    "interestExpense": 0,
    "depreciationAndAmortization": 212000000,
    "ebitda": 746000000,
    "ebitdaratio": 0.0949109415,
    "operatingIncome": 534000000,
    "operatingIncomeRatio": 0.0679389313,
    "totalOtherIncomeExpensesNet": -75000000,
    "incomeBeforeTax": 459000000,
    "incomeBeforeTaxRatio": 0.0583969466,
    "incomeTaxExpense": 128000000,
    "netIncome": 331000000,
    "netIncomeRatio": 0.0421119593,
    "eps": 0.96,
    "epsdiluted": 0.96,
    "weightedAverageShsOut": 343300000,
    "weightedAverageShsOutDil": 343300000,
    "link": "https://www.sec.gov/Archives/edgar/data/1133421/000119312506034521/0001193125-06-034521-index.htm",
    "finalLink": "https://www.sec.gov/Archives/edgar/data/1133421/000119312506034521/d10k.htm"
  },
  {
    "date": "2005-09-30",
    "symbol": "NOC",
    "reportedCurrency": "USD",
    "cik": "0001133421",
    "fillingDate": "2005-10-25",
    "acceptedDate": "2005-10-25 08:15:37",
    "calendarYear": "2005",
    "period": "Q3",
    "revenue": 7446000000,
    "costOfRevenue": 6332000000,
    "grossProfit": 1114000000,
    "grossProfitRatio": 0.1496105291,
    "researchAndDevelopmentExpenses": 0,
    "generalAndAdministrativeExpenses": 681000000,
    "sellingAndMarketingExpenses": 0,
    "sellingGeneralAndAdministrativeExpenses": 681000000,
    "otherExpenses": 0,
    "operatingExpenses": 681000000,
    "costAndExpenses": 7013000000,
    "interestIncome": 0,
    "interestExpense": 0,
    "depreciationAndAmortization": 188000000,
    "ebitda": 626000000,
    "ebitdaratio": 0.084071985,
    "operatingIncome": 433000000,
    "operatingIncomeRatio": 0.0581520279,
    "totalOtherIncomeExpensesNet": 147000000,
    "incomeBeforeTax": 435000000,
    "incomeBeforeTaxRatio": 0.0584206285,
    "incomeTaxExpense": 147000000,
    "netIncome": 293000000,
    "netIncomeRatio": 0.0393499866,
    "eps": 0.82,
    "epsdiluted": 0.81,
    "weightedAverageShsOut": 356200000,
    "weightedAverageShsOutDil": 362200000,
    "link": "https://www.sec.gov/Archives/edgar/data/1133421/000119312505207394/0001193125-05-207394-index.htm",
    "finalLink": "https://www.sec.gov/Archives/edgar/data/1133421/000119312505207394/d10q.htm"
  },
  {
    "date": "2005-06-30",
    "symbol": "NOC",
    "reportedCurrency": "USD",
    "cik": "0001133421",
    "fillingDate": "2005-07-28",
    "acceptedDate": "2005-07-28 12:07:40",
    "calendarYear": "2005",
    "period": "Q2",
    "revenue": 7962000000,
    "costOfRevenue": 6641000000,
    "grossProfit": 1321000000,
    "grossProfitRatio": 0.1659130872,
    "researchAndDevelopmentExpenses": 0,
    "generalAndAdministrativeExpenses": 705000000,
    "sellingAndMarketingExpenses": 0,
    "sellingGeneralAndAdministrativeExpenses": 705000000,
    "otherExpenses": 0,
    "operatingExpenses": 705000000,
    "costAndExpenses": 7346000000,
    "interestIncome": 0,
    "interestExpense": 0,
    "depreciationAndAmortization": 182000000,
    "ebitda": 803000000,
    "ebitdaratio": 0.1008540568,
    "operatingIncome": 616000000,
    "operatingIncomeRatio": 0.0773674956,
    "totalOtherIncomeExpensesNet": -57000000,
    "incomeBeforeTax": 554000000,
    "incomeBeforeTaxRatio": 0.0695805074,
    "incomeTaxExpense": 188000000,
    "netIncome": 367000000,
    "netIncomeRatio": 0.0460939462,
    "eps": 1.02,
    "epsdiluted": 1,
    "weightedAverageShsOut": 358500000,
    "weightedAverageShsOutDil": 365200000,
    "link": "https://www.sec.gov/Archives/edgar/data/1133421/000119312505151000/0001193125-05-151000-index.htm",
    "finalLink": "https://www.sec.gov/Archives/edgar/data/1133421/000119312505151000/d10q.htm"
  },
  {
    "date": "2005-03-31",
    "symbol": "NOC",
    "reportedCurrency": "USD",
    "cik": "0001133421",
    "fillingDate": "2005-04-28",
    "acceptedDate": "2005-04-28 12:05:18",
    "calendarYear": "2005",
    "period": "Q1",
    "revenue": 7453000000,
    "costOfRevenue": 6196000000,
    "grossProfit": 1257000000,
    "grossProfitRatio": 0.1686569167,
    "researchAndDevelopmentExpenses": 0,
    "generalAndAdministrativeExpenses": 662000000,
    "sellingAndMarketingExpenses": 0,
    "sellingGeneralAndAdministrativeExpenses": 662000000,
    "otherExpenses": 0,
    "operatingExpenses": 662000000,
    "costAndExpenses": 6858000000,
    "interestIncome": 0,
    "interestExpense": 0,
    "depreciationAndAmortization": 173000000,
    "ebitda": 768000000,
    "ebitdaratio": 0.1030457534,
    "operatingIncome": 595000000,
    "operatingIncomeRatio": 0.079833624,
    "totalOtherIncomeExpensesNet": 198000000,
    "incomeBeforeTax": 596000000,
    "incomeBeforeTaxRatio": 0.0799677982,
    "incomeTaxExpense": 198000000,
    "netIncome": 409000000,
    "netIncomeRatio": 0.0548772306,
    "eps": 1.13,
    "epsdiluted": 1.11,
    "weightedAverageShsOut": 360700000,
    "weightedAverageShsOutDil": 367000000,
    "link": "https://www.sec.gov/Archives/edgar/data/1133421/000119312505088000/0001193125-05-088000-index.htm",
    "finalLink": "https://www.sec.gov/Archives/edgar/data/1133421/000119312505088000/d10q.htm"
  },
  {
    "date": "2004-12-31",
    "symbol": "NOC",
    "reportedCurrency": "USD",
    "cik": "0001133421",
    "fillingDate": "2005-03-04",
    "acceptedDate": "2005-03-03 18:11:50",
    "calendarYear": "2004",
    "period": "Q4",
    "revenue": 7846000000,
    "costOfRevenue": 6558000000,
    "grossProfit": 1288000000,
    "grossProfitRatio": 0.1641600816,
    "researchAndDevelopmentExpenses": 0,
    "generalAndAdministrativeExpenses": 751000000,
    "sellingAndMarketingExpenses": 0,
    "sellingGeneralAndAdministrativeExpenses": 751000000,
    "otherExpenses": -35000000,
    "operatingExpenses": 716000000,
    "costAndExpenses": 7274000000,
    "interestIncome": 0,
    "interestExpense": 0,
    "depreciationAndAmortization": 185000000,
    "ebitda": 757000000,
    "ebitdaratio": 0.096482284,
    "operatingIncome": 572000000,
    "operatingIncomeRatio": 0.0729033903,
    "totalOtherIncomeExpensesNet": -150000000,
    "incomeBeforeTax": 422000000,
    "incomeBeforeTaxRatio": 0.0537853683,
    "incomeTaxExpense": 150000000,
    "netIncome": 272000000,
    "netIncomeRatio": 0.0346673464,
    "eps": 0.75,
    "epsdiluted": 0.75,
    "weightedAverageShsOut": 360700000,
    "weightedAverageShsOutDil": 360700000,
    "link": "https://www.sec.gov/Archives/edgar/data/1133421/000119312505041833/0001193125-05-041833-index.htm",
    "finalLink": "https://www.sec.gov/Archives/edgar/data/1133421/000119312505041833/d10k.htm"
  },
  {
    "date": "2004-09-30",
    "symbol": "NOC",
    "reportedCurrency": "USD",
    "cik": "0001133421",
    "fillingDate": "2004-10-27",
    "acceptedDate": "2004-10-27 12:37:40",
    "calendarYear": "2004",
    "period": "Q3",
    "revenue": 7408000000,
    "costOfRevenue": 6227000000,
    "grossProfit": 1181000000,
    "grossProfitRatio": 0.1594222462,
    "researchAndDevelopmentExpenses": 0,
    "generalAndAdministrativeExpenses": 643000000,
    "sellingAndMarketingExpenses": 0,
    "sellingGeneralAndAdministrativeExpenses": 643000000,
    "otherExpenses": 0,
    "operatingExpenses": 643000000,
    "costAndExpenses": 6870000000,
    "interestIncome": 0,
    "interestExpense": 0,
    "depreciationAndAmortization": 191000000,
    "ebitda": 723000000,
    "ebitdaratio": 0.0975971922,
    "operatingIncome": 538000000,
    "operatingIncomeRatio": 0.0726241901,
    "totalOtherIncomeExpensesNet": -96000000,
    "incomeBeforeTax": 442000000,
    "incomeBeforeTaxRatio": 0.0596652268,
    "incomeTaxExpense": 151000000,
    "netIncome": 278000000,
    "netIncomeRatio": 0.0375269978,
    "eps": 0.78,
    "epsdiluted": 0.76,
    "weightedAverageShsOut": 357500000,
    "weightedAverageShsOutDil": 364000000,
    "link": "https://www.sec.gov/Archives/edgar/data/1133421/000119312504179091/0001193125-04-179091-index.htm",
    "finalLink": "https://www.sec.gov/Archives/edgar/data/1133421/000119312504179091/d10q.htm"
  },
  {
    "date": "2004-06-30",
    "symbol": "NOC",
    "reportedCurrency": "USD",
    "cik": "0001133421",
    "fillingDate": "2004-07-29",
    "acceptedDate": "2004-07-29 12:19:14",
    "calendarYear": "2004",
    "period": "Q2",
    "revenue": 7374000000,
    "costOfRevenue": 6282000000,
    "grossProfit": 1092000000,
    "grossProfitRatio": 0.1480878763,
    "researchAndDevelopmentExpenses": 0,
    "generalAndAdministrativeExpenses": 609000000,
    "sellingAndMarketingExpenses": 0,
    "sellingGeneralAndAdministrativeExpenses": 609000000,
    "otherExpenses": 0,
    "operatingExpenses": 609000000,
    "costAndExpenses": 6891000000,
    "interestIncome": 0,
    "interestExpense": 0,
    "depreciationAndAmortization": 172000000,
    "ebitda": 667000000,
    "ebitdaratio": 0.0904529428,
    "operatingIncome": 483000000,
    "operatingIncomeRatio": 0.0655004068,
    "totalOtherIncomeExpensesNet": -83000000,
    "incomeBeforeTax": 390000000,
    "incomeBeforeTaxRatio": 0.0528885273,
    "incomeTaxExpense": 101000000,
    "netIncome": 295000000,
    "netIncomeRatio": 0.0400054245,
    "eps": 0.83,
    "epsdiluted": 0.82,
    "weightedAverageShsOut": 359000000,
    "weightedAverageShsOutDil": 363500000,
    "link": "https://www.sec.gov/Archives/edgar/data/1133421/000119312504126981/0001193125-04-126981-index.htm",
    "finalLink": "https://www.sec.gov/Archives/edgar/data/1133421/000119312504126981/d10q.htm"
  },
  {
    "date": "2004-03-31",
    "symbol": "NOC",
    "reportedCurrency": "USD",
    "cik": "0001133421",
    "fillingDate": "2004-05-04",
    "acceptedDate": "2004-05-04 12:09:25",
    "calendarYear": "2004",
    "period": "Q1",
    "revenue": 7105000000,
    "costOfRevenue": 6042000000,
    "grossProfit": 1063000000,
    "grossProfitRatio": 0.1496129486,
    "researchAndDevelopmentExpenses": 0,
    "generalAndAdministrativeExpenses": 629000000,
    "sellingAndMarketingExpenses": 0,
    "sellingGeneralAndAdministrativeExpenses": 629000000,
    "otherExpenses": 0,
    "operatingExpenses": 629000000,
    "costAndExpenses": 6671000000,
    "interestIncome": 0,
    "interestExpense": 0,
    "depreciationAndAmortization": 169000000,
    "ebitda": 611000000,
    "ebitdaratio": 0.0859957776,
    "operatingIncome": 434000000,
    "operatingIncomeRatio": 0.0610837438,
    "totalOtherIncomeExpensesNet": -83000000,
    "incomeBeforeTax": 347000000,
    "incomeBeforeTaxRatio": 0.0488388459,
    "incomeTaxExpense": 119000000,
    "netIncome": 232000000,
    "netIncomeRatio": 0.0326530612,
    "eps": 0.65,
    "epsdiluted": 0.65,
    "weightedAverageShsOut": 361300000,
    "weightedAverageShsOutDil": 365200000,
    "link": "https://www.sec.gov/Archives/edgar/data/1133421/000119312504077599/0001193125-04-077599-index.htm",
    "finalLink": "https://www.sec.gov/Archives/edgar/data/1133421/000119312504077599/d10q.htm"
  },
  {
    "date": "2003-12-31",
    "symbol": "NOC",
    "reportedCurrency": "USD",
    "cik": "0001133421",
    "fillingDate": "2004-03-10",
    "acceptedDate": "2004-03-10 17:30:30",
    "calendarYear": "2003",
    "period": "Q4",
    "revenue": 7094000000,
    "costOfRevenue": 6094000000,
    "grossProfit": 1000000000,
    "grossProfitRatio": 0.1409641951,
    "researchAndDevelopmentExpenses": 0,
    "generalAndAdministrativeExpenses": 612000000,
    "sellingAndMarketingExpenses": 0,
    "sellingGeneralAndAdministrativeExpenses": 612000000,
    "otherExpenses": 0,
    "operatingExpenses": 612000000,
    "costAndExpenses": 6706000000,
    "interestIncome": 0,
    "interestExpense": 0,
    "depreciationAndAmortization": 168000000,
    "ebitda": 556000000,
    "ebitdaratio": 0.0783760925,
    "operatingIncome": 388000000,
    "operatingIncomeRatio": 0.0546941077,
    "totalOtherIncomeExpensesNet": -94000000,
    "incomeBeforeTax": 294000000,
    "incomeBeforeTaxRatio": 0.0414434734,
    "incomeTaxExpense": 91000000,
    "netIncome": 224000000,
    "netIncomeRatio": 0.0315759797,
    "eps": 0.62,
    "epsdiluted": 0.62,
    "weightedAverageShsOut": 361320000,
    "weightedAverageShsOutDil": 361320000,
    "link": "https://www.sec.gov/Archives/edgar/data/1133421/000119312504038360/0001193125-04-038360-index.htm",
    "finalLink": "https://www.sec.gov/Archives/edgar/data/1133421/000119312504038360/d10k.htm"
  },
  {
    "date": "2003-09-30",
    "symbol": "NOC",
    "reportedCurrency": "USD",
    "cik": "0001133421",
    "fillingDate": "2003-11-06",
    "acceptedDate": "2003-11-06 06:07:45",
    "calendarYear": "2003",
    "period": "Q3",
    "revenue": 6619000000,
    "costOfRevenue": 5580000000,
    "grossProfit": 1039000000,
    "grossProfitRatio": 0.1569723523,
    "researchAndDevelopmentExpenses": 0,
    "generalAndAdministrativeExpenses": 608000000,
    "sellingAndMarketingExpenses": 0,
    "sellingGeneralAndAdministrativeExpenses": 608000000,
    "otherExpenses": 0,
    "operatingExpenses": 608000000,
    "costAndExpenses": 6188000000,
    "interestIncome": 0,
    "interestExpense": 0,
    "depreciationAndAmortization": 163000000,
    "ebitda": 567000000,
    "ebitdaratio": 0.0856624868,
    "operatingIncome": 431000000,
    "operatingIncomeRatio": 0.0651155764,
    "totalOtherIncomeExpensesNet": -106000000,
    "incomeBeforeTax": 324000000,
    "incomeBeforeTaxRatio": 0.0489499924,
    "incomeTaxExpense": 100000000,
    "netIncome": 184000000,
    "netIncomeRatio": 0.0277987611,
    "eps": 0.5,
    "epsdiluted": 0.5,
    "weightedAverageShsOut": 366000000,
    "weightedAverageShsOutDil": 366000000,
    "link": "https://www.sec.gov/Archives/edgar/data/1133421/000119312503073876/0001193125-03-073876-index.htm",
    "finalLink": "https://www.sec.gov/Archives/edgar/data/1133421/000119312503073876/d10q.htm"
  },
  {
    "date": "2003-06-30",
    "symbol": "NOC",
    "reportedCurrency": "USD",
    "cik": "0001133421",
    "fillingDate": "2003-08-06",
    "acceptedDate": "2003-08-06 12:00:48",
    "calendarYear": "2003",
    "period": "Q2",
    "revenue": 6627000000,
    "costOfRevenue": 5685000000,
    "grossProfit": 942000000,
    "grossProfitRatio": 0.1421457673,
    "researchAndDevelopmentExpenses": 0,
    "generalAndAdministrativeExpenses": 551000000,
    "sellingAndMarketingExpenses": 0,
    "sellingGeneralAndAdministrativeExpenses": 551000000,
    "otherExpenses": 0,
    "operatingExpenses": 551000000,
    "costAndExpenses": 6236000000,
    "interestIncome": 0,
    "interestExpense": 0,
    "depreciationAndAmortization": 131000000,
    "ebitda": 522000000,
    "ebitdaratio": 0.0787686736,
    "operatingIncome": 391000000,
    "operatingIncomeRatio": 0.0590010563,
    "totalOtherIncomeExpensesNet": -91000000,
    "incomeBeforeTax": 300000000,
    "incomeBeforeTaxRatio": 0.0452693526,
    "incomeTaxExpense": 93000000,
    "netIncome": 205000000,
    "netIncomeRatio": 0.0309340576,
    "eps": 0.55,
    "epsdiluted": 0.54,
    "weightedAverageShsOut": 365860000,
    "weightedAverageShsOutDil": 368740000,
    "link": "https://www.sec.gov/Archives/edgar/data/1133421/000119312503029807/0001193125-03-029807-index.htm",
    "finalLink": "https://www.sec.gov/Archives/edgar/data/1133421/000119312503029807/d10q.htm"
  },
  {
    "date": "2003-03-31",
    "symbol": "NOC",
    "reportedCurrency": "USD",
    "cik": "0001133421",
    "fillingDate": "2003-05-14",
    "acceptedDate": "2003-05-13 21:02:45",
    "calendarYear": "2003",
    "period": "Q1",
    "revenue": 5866000000,
    "costOfRevenue": 4963000000,
    "grossProfit": 903000000,
    "grossProfitRatio": 0.1539379475,
    "researchAndDevelopmentExpenses": 0,
    "generalAndAdministrativeExpenses": 575000000,
    "sellingAndMarketingExpenses": 0,
    "sellingGeneralAndAdministrativeExpenses": 575000000,
    "otherExpenses": 0,
    "operatingExpenses": 575000000,
    "costAndExpenses": 5538000000,
    "interestIncome": 0,
    "interestExpense": 0,
    "depreciationAndAmortization": 173000000,
    "ebitda": 501000000,
    "ebitdaratio": 0.0854074327,
    "operatingIncome": 328000000,
    "operatingIncomeRatio": 0.0559154449,
    "totalOtherIncomeExpensesNet": -115000000,
    "incomeBeforeTax": 213000000,
    "incomeBeforeTaxRatio": 0.0363109444,
    "incomeTaxExpense": 39000000,
    "netIncome": 253000000,
    "netIncomeRatio": 0.0431299011,
    "eps": 0.68,
    "epsdiluted": 0.67,
    "weightedAverageShsOut": 365400000,
    "weightedAverageShsOutDil": 368520000,
    "link": "https://www.sec.gov/Archives/edgar/data/1133421/000095013003003625/0000950130-03-003625-index.htm",
    "finalLink": "https://www.sec.gov/Archives/edgar/data/1133421/000095013003003625/d10q.htm"
  },
  {
    "date": "2002-12-31",
    "symbol": "NOC",
    "reportedCurrency": "USD",
    "cik": "0001133421",
    "fillingDate": "2003-03-24",
    "acceptedDate": "2003-03-21 20:57:49",
    "calendarYear": "2002",
    "period": "Q4",
    "revenue": 4830000000,
    "costOfRevenue": 3947000000,
    "grossProfit": 883000000,
    "grossProfitRatio": 0.182815735,
    "researchAndDevelopmentExpenses": 0,
    "generalAndAdministrativeExpenses": 472000000,
    "sellingAndMarketingExpenses": 0,
    "sellingGeneralAndAdministrativeExpenses": 472000000,
    "otherExpenses": 0,
    "operatingExpenses": 472000000,
    "costAndExpenses": 4419000000,
    "interestIncome": 0,
    "interestExpense": 0,
    "depreciationAndAmortization": 127000000,
    "ebitda": 538000000,
    "ebitdaratio": 0.1113871636,
    "operatingIncome": 411000000,
    "operatingIncomeRatio": 0.0850931677,
    "totalOtherIncomeExpensesNet": -77000000,
    "incomeBeforeTax": 334000000,
    "incomeBeforeTaxRatio": 0.0691511387,
    "incomeTaxExpense": 108000000,
    "netIncome": 224000000,
    "netIncomeRatio": 0.0463768116,
    "eps": 0.61,
    "epsdiluted": 0.61,
    "weightedAverageShsOut": 365400000,
    "weightedAverageShsOutDil": 365400000,
    "link": "https://www.sec.gov/Archives/edgar/data/1133421/000089843003002012/0000898430-03-002012-index.htm",
    "finalLink": "https://www.sec.gov/Archives/edgar/data/1133421/000089843003002012/d10k.htm"
  },
  {
    "date": "2002-09-30",
    "symbol": "NOC",
    "reportedCurrency": "USD",
    "cik": "0001133421",
    "fillingDate": "2002-11-12",
    "acceptedDate": "2002-11-12 14:49:56",
    "calendarYear": "2002",
    "period": "Q3",
    "revenue": 4214000000,
    "costOfRevenue": 3440000000,
    "grossProfit": 774000000,
    "grossProfitRatio": 0.1836734694,
    "researchAndDevelopmentExpenses": 0,
    "generalAndAdministrativeExpenses": 461000000,
    "sellingAndMarketingExpenses": 0,
    "sellingGeneralAndAdministrativeExpenses": 461000000,
    "otherExpenses": 0,
    "operatingExpenses": 461000000,
    "costAndExpenses": 3901000000,
    "interestIncome": 0,
    "interestExpense": 0,
    "depreciationAndAmortization": 105000000,
    "ebitda": 418000000,
    "ebitdaratio": 0.0991931656,
    "operatingIncome": 313000000,
    "operatingIncomeRatio": 0.0742762221,
    "totalOtherIncomeExpensesNet": -115000000,
    "incomeBeforeTax": 198000000,
    "incomeBeforeTaxRatio": 0.0469862364,
    "incomeTaxExpense": 57000000,
    "netIncome": -59000000,
    "netIncomeRatio": -0.0140009492,
    "eps": -0.26,
    "epsdiluted": -0.26,
    "weightedAverageShsOut": 226140000,
    "weightedAverageShsOutDil": 230420000,
    "link": "https://www.sec.gov/Archives/edgar/data/1133421/000089843002004031/0000898430-02-004031-index.htm",
    "finalLink": "https://www.sec.gov/Archives/edgar/data/1133421/000089843002004031/d10q.htm"
  },
  {
    "date": "2002-06-30",
    "symbol": "NOC",
    "reportedCurrency": "USD",
    "cik": "0001133421",
    "fillingDate": "2002-07-30",
    "acceptedDate": "2002-07-30 16:12:26",
    "calendarYear": "2002",
    "period": "Q2",
    "revenue": 4396000000,
    "costOfRevenue": 3587000000,
    "grossProfit": 809000000,
    "grossProfitRatio": 0.1840309372,
    "researchAndDevelopmentExpenses": 0,
    "generalAndAdministrativeExpenses": 453000000,
    "sellingAndMarketingExpenses": 0,
    "sellingGeneralAndAdministrativeExpenses": 453000000,
    "otherExpenses": 0,
    "operatingExpenses": 453000000,
    "costAndExpenses": 4040000000,
    "interestIncome": 0,
    "interestExpense": 0,
    "depreciationAndAmortization": 153000000,
    "ebitda": 507000000,
    "ebitdaratio": 0.1153321201,
    "operatingIncome": 356000000,
    "operatingIncomeRatio": 0.0809827116,
    "totalOtherIncomeExpensesNet": -93000000,
    "incomeBeforeTax": 264000000,
    "incomeBeforeTaxRatio": 0.0600545951,
    "incomeTaxExpense": 82000000,
    "netIncome": 182000000,
    "netIncomeRatio": 0.0414012739,
    "eps": 0.78,
    "epsdiluted": 0.77,
    "weightedAverageShsOut": 225680000,
    "weightedAverageShsOutDil": 229640000,
    "link": "https://www.sec.gov/Archives/edgar/data/1133421/000102140802009972/0001021408-02-009972-index.htm",
    "finalLink": "https://www.sec.gov/Archives/edgar/data/1133421/000102140802009972/d10q.htm"
  },
  {
    "date": "2002-03-31",
    "symbol": "NOC",
    "reportedCurrency": "USD",
    "cik": "0001133421",
    "fillingDate": "2002-05-10",
    "acceptedDate": "2002-05-10 14:36:27",
    "calendarYear": "2002",
    "period": "Q1",
    "revenue": 4086000000,
    "costOfRevenue": 3386000000,
    "grossProfit": 700000000,
    "grossProfitRatio": 0.1713166911,
    "researchAndDevelopmentExpenses": 0,
    "generalAndAdministrativeExpenses": 387000000,
    "sellingAndMarketingExpenses": 0,
    "sellingGeneralAndAdministrativeExpenses": 387000000,
    "otherExpenses": 0,
    "operatingExpenses": 387000000,
    "costAndExpenses": 3773000000,
    "interestIncome": 0,
    "interestExpense": 0,
    "depreciationAndAmortization": 140000000,
    "ebitda": 453000000,
    "ebitdaratio": 0.110866373,
    "operatingIncome": 313000000,
    "operatingIncomeRatio": 0.0766030348,
    "totalOtherIncomeExpensesNet": -97000000,
    "incomeBeforeTax": 216000000,
    "incomeBeforeTaxRatio": 0.0528634361,
    "incomeTaxExpense": 67000000,
    "netIncome": 149000000,
    "netIncomeRatio": 0.0364659814,
    "eps": -1.29,
    "epsdiluted": -1.29,
    "weightedAverageShsOut": 222560000,
    "weightedAverageShsOutDil": 225520000,
    "link": "https://www.sec.gov/Archives/edgar/data/1133421/000094018002001107/0000940180-02-001107-index.htm",
    "finalLink": "https://www.sec.gov/Archives/edgar/data/1133421/000094018002001107/d10q.htm"
  },
  {
    "date": "2001-12-31",
    "symbol": "NOC",
    "reportedCurrency": "USD",
    "cik": "0001133421",
    "fillingDate": "2002-03-22",
    "acceptedDate": "2002-03-22 00:00:00",
    "calendarYear": "2001",
    "period": "Q4",
    "revenue": 4304000000,
    "costOfRevenue": 3563000000,
    "grossProfit": 741000000,
    "grossProfitRatio": 0.1721654275,
    "researchAndDevelopmentExpenses": 0,
    "generalAndAdministrativeExpenses": 427000000,
    "sellingAndMarketingExpenses": 0,
    "sellingGeneralAndAdministrativeExpenses": 427000000,
    "otherExpenses": 0,
    "operatingExpenses": 427000000,
    "costAndExpenses": 3990000000,
    "interestIncome": 0,
    "interestExpense": 0,
    "depreciationAndAmortization": 176000000,
    "ebitda": 490000000,
    "ebitdaratio": 0.1138475836,
    "operatingIncome": 314000000,
    "operatingIncomeRatio": 0.0729553903,
    "totalOtherIncomeExpensesNet": -100000000,
    "incomeBeforeTax": 214000000,
    "incomeBeforeTaxRatio": 0.0497211896,
    "incomeTaxExpense": 83000000,
    "netIncome": 131000000,
    "netIncomeRatio": 0.030436803,
    "eps": 0.59,
    "epsdiluted": 0.59,
    "weightedAverageShsOut": 222560000,
    "weightedAverageShsOutDil": 222560000,
    "link": "https://www.sec.gov/Archives/edgar/data/1133421/000089843002000975/0000898430-02-000975-index.htm",
    "finalLink": "https://www.sec.gov/Archives/edgar/data/1133421/000089843002000975/d10k405.htm"
  },
  {
    "date": "2001-09-30",
    "symbol": "NOC",
    "reportedCurrency": "USD",
    "cik": "0001133421",
    "fillingDate": "2001-11-05",
    "acceptedDate": "2001-11-05 00:00:00",
    "calendarYear": "2001",
    "period": "Q3",
    "revenue": 3605000000,
    "costOfRevenue": 3089000000,
    "grossProfit": 516000000,
    "grossProfitRatio": 0.1431345354,
    "researchAndDevelopmentExpenses": 0,
    "generalAndAdministrativeExpenses": 291000000,
    "sellingAndMarketingExpenses": 0,
    "sellingGeneralAndAdministrativeExpenses": 291000000,
    "otherExpenses": 0,
    "operatingExpenses": 291000000,
    "costAndExpenses": 3380000000,
    "interestIncome": 0,
    "interestExpense": 0,
    "depreciationAndAmortization": 203000000,
    "ebitda": 443000000,
    "ebitdaratio": 0.1228848821,
    "operatingIncome": 225000000,
    "operatingIncomeRatio": 0.0624133148,
    "totalOtherIncomeExpensesNet": -79000000,
    "incomeBeforeTax": 133000000,
    "incomeBeforeTaxRatio": 0.0368932039,
    "incomeTaxExpense": 54000000,
    "netIncome": 79000000,
    "netIncomeRatio": 0.0219140083,
    "eps": 0.43,
    "epsdiluted": 0.42,
    "weightedAverageShsOut": 170860000,
    "weightedAverageShsOutDil": 172800000,
    "link": "https://www.sec.gov/Archives/edgar/data/1133421/000089843001503245/0000898430-01-503245-index.htm",
    "finalLink": "https://www.sec.gov/Archives/edgar/data/1133421/000089843001503245/d10q.htm"
  },
  {
    "date": "2001-06-30",
    "symbol": "NOC",
    "reportedCurrency": "USD",
    "cik": "0001133421",
    "fillingDate": "2001-08-09",
    "acceptedDate": "2001-08-09 00:00:00",
    "calendarYear": "2001",
    "period": "Q2",
    "revenue": 3663000000,
    "costOfRevenue": 3019000000,
    "grossProfit": 644000000,
    "grossProfitRatio": 0.1758121758,
    "researchAndDevelopmentExpenses": 0,
    "generalAndAdministrativeExpenses": 369000000,
    "sellingAndMarketingExpenses": 0,
    "sellingGeneralAndAdministrativeExpenses": 369000000,
    "otherExpenses": 0,
    "operatingExpenses": 369000000,
    "costAndExpenses": 3388000000,
    "interestIncome": 0,
    "interestExpense": 0,
    "depreciationAndAmortization": 167000000,
    "ebitda": 442000000,
    "ebitdaratio": 0.1206661207,
    "operatingIncome": 275000000,
    "operatingIncomeRatio": 0.0750750751,
    "totalOtherIncomeExpensesNet": -83000000,
    "incomeBeforeTax": 192000000,
    "incomeBeforeTaxRatio": 0.0524160524,
    "incomeTaxExpense": 78000000,
    "netIncome": 114000000,
    "netIncomeRatio": 0.0311220311,
    "eps": 0.65,
    "epsdiluted": 0.64,
    "weightedAverageShsOut": 166800000,
    "weightedAverageShsOutDil": 168100000,
    "link": "https://www.sec.gov/Archives/edgar/data/1133421/000102140801504756/0001021408-01-504756-index.htm",
    "finalLink": "https://www.sec.gov/Archives/edgar/data/1133421/000102140801504756/d10q.htm"
  },
  {
    "date": "2001-03-31",
    "symbol": "NOC",
    "reportedCurrency": "USD",
    "cik": "0001133421",
    "fillingDate": "2001-05-10",
    "acceptedDate": "2001-05-10 00:00:00",
    "calendarYear": "2001",
    "period": "Q1",
    "revenue": 1986000000,
    "costOfRevenue": 1548000000,
    "grossProfit": 438000000,
    "grossProfitRatio": 0.2205438066,
    "researchAndDevelopmentExpenses": 0,
    "generalAndAdministrativeExpenses": 248000000,
    "sellingAndMarketingExpenses": 0,
    "sellingGeneralAndAdministrativeExpenses": 248000000,
    "otherExpenses": 0,
    "operatingExpenses": 248000000,
    "costAndExpenses": 1796000000,
    "interestIncome": 0,
    "interestExpense": 0,
    "depreciationAndAmortization": 99000000,
    "ebitda": 289000000,
    "ebitdaratio": 0.1455186304,
    "operatingIncome": -58000000,
    "operatingIncomeRatio": -0.029204431,
    "totalOtherIncomeExpensesNet": 57000000,
    "incomeBeforeTax": 160000000,
    "incomeBeforeTaxRatio": 0.0805639476,
    "incomeTaxExpense": 57000000,
    "netIncome": 103000000,
    "netIncomeRatio": 0.0518630413,
    "eps": 0.72,
    "epsdiluted": 0.71,
    "weightedAverageShsOut": 144400000,
    "weightedAverageShsOutDil": 145520000,
    "link": "https://www.sec.gov/Archives/edgar/data/1133421/000102140801500799/0001021408-01-500799-index.htm",
    "finalLink": "https://www.sec.gov/Archives/edgar/data/1133421/000102140801500799/d10q.htm"
  },
  {
    "date": "2000-12-31",
    "symbol": "NOC",
    "reportedCurrency": "USD",
    "cik": "0001133421",
    "fillingDate": "2000-12-31",
    "acceptedDate": "2000-12-31 00:00:00",
    "calendarYear": "2000",
    "period": "Q4",
    "revenue": 2229000000,
    "costOfRevenue": 1447000000,
    "grossProfit": 782000000,
    "grossProfitRatio": 0.3508299686,
    "researchAndDevelopmentExpenses": 0,
    "generalAndAdministrativeExpenses": 0,
    "sellingAndMarketingExpenses": 0,
    "sellingGeneralAndAdministrativeExpenses": 430000000,
    "otherExpenses": 100000000,
    "operatingExpenses": 530000000,
    "costAndExpenses": 1977000000,
    "interestIncome": 0,
    "interestExpense": 0,
    "depreciationAndAmortization": 100000000,
    "ebitda": 352000000,
    "ebitdaratio": 0.157918349,
    "operatingIncome": 252000000,
    "operatingIncomeRatio": 0.1130551817,
    "totalOtherIncomeExpensesNet": -33000000,
    "incomeBeforeTax": 219000000,
    "incomeBeforeTaxRatio": 0.0982503365,
    "incomeTaxExpense": 75000000,
    "netIncome": 125000000,
    "netIncomeRatio": 0.0560789592,
    "eps": 0.88,
    "epsdiluted": 0.88,
    "weightedAverageShsOut": 138040000,
    "weightedAverageShsOutDil": 141600000,
    "link": null,
    "finalLink": null
  },
  {
    "date": "2000-09-30",
    "symbol": "NOC",
    "reportedCurrency": "USD",
    "cik": "0001133421",
    "fillingDate": "2000-09-30",
    "acceptedDate": "2000-09-30 00:00:00",
    "calendarYear": "2000",
    "period": "Q3",
    "revenue": 1731000000,
    "costOfRevenue": 1191000000,
    "grossProfit": 540000000,
    "grossProfitRatio": 0.3119584055,
    "researchAndDevelopmentExpenses": 0,
    "generalAndAdministrativeExpenses": 0,
    "sellingAndMarketingExpenses": 0,
    "sellingGeneralAndAdministrativeExpenses": 211000000,
    "otherExpenses": 87000000,
    "operatingExpenses": 298000000,
    "costAndExpenses": 1489000000,
    "interestIncome": 0,
    "interestExpense": 0,
    "depreciationAndAmortization": 87000000,
    "ebitda": 329000000,
    "ebitdaratio": 0.1900635471,
    "operatingIncome": 242000000,
    "operatingIncomeRatio": 0.1398035817,
    "totalOtherIncomeExpensesNet": -2000000,
    "incomeBeforeTax": 240000000,
    "incomeBeforeTaxRatio": 0.1386481802,
    "incomeTaxExpense": 90000000,
    "netIncome": 132000000,
    "netIncomeRatio": 0.0762564991,
    "eps": 0.94,
    "epsdiluted": 0.93,
    "weightedAverageShsOut": 141600000,
    "weightedAverageShsOutDil": 141600000,
    "link": null,
    "finalLink": null
  },
  {
    "date": "2000-06-30",
    "symbol": "NOC",
    "reportedCurrency": "USD",
    "cik": "0001133421",
    "fillingDate": "2000-06-30",
    "acceptedDate": "2000-06-30 00:00:00",
    "calendarYear": "2000",
    "period": "Q2",
    "revenue": 1856000000,
    "costOfRevenue": 1220000000,
    "grossProfit": 636000000,
    "grossProfitRatio": 0.3426724138,
    "researchAndDevelopmentExpenses": 0,
    "generalAndAdministrativeExpenses": 0,
    "sellingAndMarketingExpenses": 0,
    "sellingGeneralAndAdministrativeExpenses": 220000000,
    "otherExpenses": 99000000,
    "operatingExpenses": 319000000,
    "costAndExpenses": 1539000000,
    "interestIncome": 0,
    "interestExpense": 0,
    "depreciationAndAmortization": 99000000,
    "ebitda": 416000000,
    "ebitdaratio": 0.224137931,
    "operatingIncome": 317000000,
    "operatingIncomeRatio": 0.1707974138,
    "totalOtherIncomeExpensesNet": -44000000,
    "incomeBeforeTax": 273000000,
    "incomeBeforeTaxRatio": 0.1470905172,
    "incomeTaxExpense": 98000000,
    "netIncome": 178000000,
    "netIncomeRatio": 0.0959051724,
    "eps": 1.27,
    "epsdiluted": 1.27,
    "weightedAverageShsOut": 139800000,
    "weightedAverageShsOutDil": 139800000,
    "link": null,
    "finalLink": null
  },
  {
    "date": "2000-03-31",
    "symbol": "NOC",
    "reportedCurrency": "USD",
    "cik": "0001133421",
    "fillingDate": "2000-03-31",
    "acceptedDate": "2000-03-31 00:00:00",
    "calendarYear": "2000",
    "period": "Q1",
    "revenue": 2080000000,
    "costOfRevenue": 1426000000,
    "grossProfit": 654000000,
    "grossProfitRatio": 0.3144230769,
    "researchAndDevelopmentExpenses": 0,
    "generalAndAdministrativeExpenses": 0,
    "sellingAndMarketingExpenses": 0,
    "sellingGeneralAndAdministrativeExpenses": 245000000,
    "otherExpenses": 95000000,
    "operatingExpenses": 340000000,
    "costAndExpenses": 1766000000,
    "interestIncome": 0,
    "interestExpense": 0,
    "depreciationAndAmortization": 95000000,
    "ebitda": 382000000,
    "ebitdaratio": 0.1836538462,
    "operatingIncome": 314000000,
    "operatingIncomeRatio": 0.1509615385,
    "totalOtherIncomeExpensesNet": -71000000,
    "incomeBeforeTax": 270000000,
    "incomeBeforeTaxRatio": 0.1298076923,
    "incomeTaxExpense": 97000000,
    "netIncome": 173000000,
    "netIncomeRatio": 0.0831730769,
    "eps": 1.24,
    "epsdiluted": 1.24,
    "weightedAverageShsOut": 139800000,
    "weightedAverageShsOutDil": 139800000,
    "link": null,
    "finalLink": null
  },
  {
    "date": "1999-12-31",
    "symbol": "NOC",
    "reportedCurrency": "USD",
    "cik": "0001133421",
    "fillingDate": "1999-12-31",
    "acceptedDate": "1999-12-31 00:00:00",
    "calendarYear": "1999",
    "period": "Q4",
    "revenue": 2506000000,
    "costOfRevenue": 1779000000,
    "grossProfit": 727000000,
    "grossProfitRatio": 0.290103751,
    "researchAndDevelopmentExpenses": 0,
    "generalAndAdministrativeExpenses": 0,
    "sellingAndMarketingExpenses": 0,
    "sellingGeneralAndAdministrativeExpenses": 373000000,
    "otherExpenses": 101000000,
    "operatingExpenses": 474000000,
    "costAndExpenses": 2253000000,
    "interestIncome": 0,
    "interestExpense": 0,
    "depreciationAndAmortization": 101000000,
    "ebitda": 354000000,
    "ebitdaratio": 0.1412609737,
    "operatingIncome": 253000000,
    "operatingIncomeRatio": 0.1009577015,
    "totalOtherIncomeExpensesNet": -38000000,
    "incomeBeforeTax": 215000000,
    "incomeBeforeTaxRatio": 0.0857940942,
    "incomeTaxExpense": 77000000,
    "netIncome": 138000000,
    "netIncomeRatio": 0.0550678372,
    "eps": 0.99,
    "epsdiluted": 0.99,
    "weightedAverageShsOut": 139130435,
    "weightedAverageShsOutDil": 139130435,
    "link": null,
    "finalLink": null
  },
  {
    "date": "1999-09-30",
    "symbol": "NOC",
    "reportedCurrency": "USD",
    "cik": "0001133421",
    "fillingDate": "1999-09-30",
    "acceptedDate": "1999-09-30 00:00:00",
    "calendarYear": "1999",
    "period": "Q3",
    "revenue": 2122000000,
    "costOfRevenue": 1491000000,
    "grossProfit": 631000000,
    "grossProfitRatio": 0.2973609802,
    "researchAndDevelopmentExpenses": 0,
    "generalAndAdministrativeExpenses": 0,
    "sellingAndMarketingExpenses": 0,
    "sellingGeneralAndAdministrativeExpenses": 274000000,
    "otherExpenses": 95000000,
    "operatingExpenses": 369000000,
    "costAndExpenses": 1860000000,
    "interestIncome": 0,
    "interestExpense": 0,
    "depreciationAndAmortization": 95000000,
    "ebitda": 338000000,
    "ebitdaratio": 0.1592836946,
    "operatingIncome": 262000000,
    "operatingIncomeRatio": 0.123468426,
    "totalOtherIncomeExpensesNet": -40000000,
    "incomeBeforeTax": 203000000,
    "incomeBeforeTaxRatio": 0.0956644675,
    "incomeTaxExpense": 75000000,
    "netIncome": 128000000,
    "netIncomeRatio": 0.0603204524,
    "eps": 0.92,
    "epsdiluted": 0.91,
    "weightedAverageShsOut": 138797814,
    "weightedAverageShsOutDil": 139560440,
    "link": null,
    "finalLink": null
  },
  {
    "date": "1999-06-30",
    "symbol": "NOC",
    "reportedCurrency": "USD",
    "cik": "0001133421",
    "fillingDate": "1999-06-30",
    "acceptedDate": "1999-06-30 00:00:00",
    "calendarYear": "1999",
    "period": "Q2",
    "revenue": 2274000000,
    "costOfRevenue": 1674000000,
    "grossProfit": 600000000,
    "grossProfitRatio": 0.2638522427,
    "researchAndDevelopmentExpenses": 0,
    "generalAndAdministrativeExpenses": 0,
    "sellingAndMarketingExpenses": 0,
    "sellingGeneralAndAdministrativeExpenses": 259000000,
    "otherExpenses": 103000000,
    "operatingExpenses": 362000000,
    "costAndExpenses": 2036000000,
    "interestIncome": 0,
    "interestExpense": 0,
    "depreciationAndAmortization": 103000000,
    "ebitda": 357000000,
    "ebitdaratio": 0.1569920844,
    "operatingIncome": 238000000,
    "operatingIncomeRatio": 0.1046613896,
    "totalOtherIncomeExpensesNet": -42000000,
    "incomeBeforeTax": 180000000,
    "incomeBeforeTaxRatio": 0.0791556728,
    "incomeTaxExpense": 67000000,
    "netIncome": 113000000,
    "netIncomeRatio": 0.0496921724,
    "eps": 0.83,
    "epsdiluted": 0.82,
    "weightedAverageShsOut": 136969697,
    "weightedAverageShsOutDil": 137804878,
    "link": null,
    "finalLink": null
  },
  {
    "date": "1999-03-31",
    "symbol": "NOC",
    "reportedCurrency": "USD",
    "cik": "0001133421",
    "fillingDate": "1999-03-31",
    "acceptedDate": "1999-03-31 00:00:00",
    "calendarYear": "1999",
    "period": "Q1",
    "revenue": 2093000000,
    "costOfRevenue": 1519000000,
    "grossProfit": 574000000,
    "grossProfitRatio": 0.2742474916,
    "researchAndDevelopmentExpenses": 0,
    "generalAndAdministrativeExpenses": 0,
    "sellingAndMarketingExpenses": 0,
    "sellingGeneralAndAdministrativeExpenses": 268000000,
    "otherExpenses": 90000000,
    "operatingExpenses": 358000000,
    "costAndExpenses": 1877000000,
    "interestIncome": 0,
    "interestExpense": 0,
    "depreciationAndAmortization": 90000000,
    "ebitda": 306000000,
    "ebitdaratio": 0.1462016245,
    "operatingIncome": 216000000,
    "operatingIncomeRatio": 0.1032011467,
    "totalOtherIncomeExpensesNet": -52000000,
    "incomeBeforeTax": 164000000,
    "incomeBeforeTaxRatio": 0.0783564262,
    "incomeTaxExpense": 60000000,
    "netIncome": 88000000,
    "netIncomeRatio": 0.0420449116,
    "eps": 0.64,
    "epsdiluted": 0.63,
    "weightedAverageShsOut": 137800000,
    "weightedAverageShsOutDil": 137800000,
    "link": null,
    "finalLink": null
  },
  {
    "date": "1998-12-31",
    "symbol": "NOC",
    "reportedCurrency": "USD",
    "cik": "0001133421",
    "fillingDate": "1998-12-31",
    "acceptedDate": "1998-12-31 00:00:00",
    "calendarYear": "1998",
    "period": "Q4",
    "revenue": 2536000000,
    "costOfRevenue": 1729000000,
    "grossProfit": 807000000,
    "grossProfitRatio": 0.3182176656,
    "researchAndDevelopmentExpenses": 0,
    "generalAndAdministrativeExpenses": 0,
    "sellingAndMarketingExpenses": 0,
    "sellingGeneralAndAdministrativeExpenses": 600000000,
    "otherExpenses": 104000000,
    "operatingExpenses": 704000000,
    "costAndExpenses": 2433000000,
    "interestIncome": 0,
    "interestExpense": 0,
    "depreciationAndAmortization": 104000000,
    "ebitda": 207000000,
    "ebitdaratio": 0.0816246057,
    "operatingIncome": 103000000,
    "operatingIncomeRatio": 0.040615142,
    "totalOtherIncomeExpensesNet": -103000000,
    "incomeBeforeTax": 60000000,
    "incomeBeforeTaxRatio": 0.023659306,
    "incomeTaxExpense": 3000000,
    "netIncome": -3000000,
    "netIncomeRatio": -0.0011829653,
    "eps": -0.0217,
    "epsdiluted": -0.0217,
    "weightedAverageShsOut": 137993227,
    "weightedAverageShsOutDil": 138095238,
    "link": null,
    "finalLink": null
  },
  {
    "date": "1998-09-30",
    "symbol": "NOC",
    "reportedCurrency": "USD",
    "cik": "0001133421",
    "fillingDate": "1998-09-30",
    "acceptedDate": "1998-09-30 00:00:00",
    "calendarYear": "1998",
    "period": "Q3",
    "revenue": 2213000000,
    "costOfRevenue": 1667000000,
    "grossProfit": 546000000,
    "grossProfitRatio": 0.2467239042,
    "researchAndDevelopmentExpenses": 0,
    "generalAndAdministrativeExpenses": 0,
    "sellingAndMarketingExpenses": 0,
    "sellingGeneralAndAdministrativeExpenses": 206000000,
    "otherExpenses": 102000000,
    "operatingExpenses": 308000000,
    "costAndExpenses": 1975000000,
    "interestIncome": 0,
    "interestExpense": 0,
    "depreciationAndAmortization": 102000000,
    "ebitda": 340000000,
    "ebitdaratio": 0.153637596,
    "operatingIncome": 238000000,
    "operatingIncomeRatio": 0.1075463172,
    "totalOtherIncomeExpensesNet": -54000000,
    "incomeBeforeTax": 184000000,
    "incomeBeforeTaxRatio": 0.083145052,
    "incomeTaxExpense": 68000000,
    "netIncome": 116000000,
    "netIncomeRatio": 0.0524175328,
    "eps": 0.84,
    "epsdiluted": 0.84,
    "weightedAverageShsOut": 138095238,
    "weightedAverageShsOutDil": 138922156,
    "link": null,
    "finalLink": null
  },
  {
    "date": "1998-06-30",
    "symbol": "NOC",
    "reportedCurrency": "USD",
    "cik": "0001133421",
    "fillingDate": "1998-06-30",
    "acceptedDate": "1998-06-30 00:00:00",
    "calendarYear": "1998",
    "period": "Q2",
    "revenue": 2139000000,
    "costOfRevenue": 1615000000,
    "grossProfit": 524000000,
    "grossProfitRatio": 0.2449742871,
    "researchAndDevelopmentExpenses": 0,
    "generalAndAdministrativeExpenses": 0,
    "sellingAndMarketingExpenses": 0,
    "sellingGeneralAndAdministrativeExpenses": 221000000,
    "otherExpenses": 95000000,
    "operatingExpenses": 316000000,
    "costAndExpenses": 1931000000,
    "interestIncome": 0,
    "interestExpense": 0,
    "depreciationAndAmortization": 95000000,
    "ebitda": 303000000,
    "ebitdaratio": 0.141654979,
    "operatingIncome": 208000000,
    "operatingIncomeRatio": 0.0972417017,
    "totalOtherIncomeExpensesNet": -61000000,
    "incomeBeforeTax": 147000000,
    "incomeBeforeTaxRatio": 0.0687237027,
    "incomeTaxExpense": 54000000,
    "netIncome": 93000000,
    "netIncomeRatio": 0.0434782609,
    "eps": 0.68,
    "epsdiluted": 0.67,
    "weightedAverageShsOut": 136764706,
    "weightedAverageShsOutDil": 138805970,
    "link": null,
    "finalLink": null
  },
  {
    "date": "1998-03-31",
    "symbol": "NOC",
    "reportedCurrency": "USD",
    "cik": "0001133421",
    "fillingDate": "1998-03-31",
    "acceptedDate": "1998-03-31 00:00:00",
    "calendarYear": "1998",
    "period": "Q1",
    "revenue": 2014000000,
    "costOfRevenue": 1450000000,
    "grossProfit": 564000000,
    "grossProfitRatio": 0.2800397219,
    "researchAndDevelopmentExpenses": 0,
    "generalAndAdministrativeExpenses": 0,
    "sellingAndMarketingExpenses": 0,
    "sellingGeneralAndAdministrativeExpenses": 445000000,
    "otherExpenses": 92000000,
    "operatingExpenses": 537000000,
    "costAndExpenses": 1987000000,
    "interestIncome": 0,
    "interestExpense": 0,
    "depreciationAndAmortization": 92000000,
    "ebitda": 119000000,
    "ebitdaratio": 0.0590863952,
    "operatingIncome": 27000000,
    "operatingIncomeRatio": 0.0134061569,
    "totalOtherIncomeExpensesNet": -46000000,
    "incomeBeforeTax": -19000000,
    "incomeBeforeTaxRatio": -0.0094339623,
    "incomeTaxExpense": -7000000,
    "netIncome": -12000000,
    "netIncomeRatio": -0.005958292,
    "eps": -0.09,
    "epsdiluted": -0.09,
    "weightedAverageShsOut": 133333333,
    "weightedAverageShsOutDil": 133333333,
    "link": null,
    "finalLink": null
  },
  {
    "date": "1997-12-31",
    "symbol": "NOC",
    "reportedCurrency": "USD",
    "cik": "0001133421",
    "fillingDate": "1997-12-31",
    "acceptedDate": "1997-12-31 00:00:00",
    "calendarYear": "1997",
    "period": "Q4",
    "revenue": 2510000000,
    "costOfRevenue": 1596000000,
    "grossProfit": 914000000,
    "grossProfitRatio": 0.3641434263,
    "researchAndDevelopmentExpenses": 0,
    "generalAndAdministrativeExpenses": 0,
    "sellingAndMarketingExpenses": 0,
    "sellingGeneralAndAdministrativeExpenses": 553000000,
    "otherExpenses": 115000000,
    "operatingExpenses": 668000000,
    "costAndExpenses": 2264000000,
    "interestIncome": 0,
    "interestExpense": 0,
    "depreciationAndAmortization": 115000000,
    "ebitda": 361000000,
    "ebitdaratio": 0.1438247012,
    "operatingIncome": 246000000,
    "operatingIncomeRatio": 0.0980079681,
    "totalOtherIncomeExpensesNet": -62000000,
    "incomeBeforeTax": 184000000,
    "incomeBeforeTaxRatio": 0.0733067729,
    "incomeTaxExpense": 67000000,
    "netIncome": 117000000,
    "netIncomeRatio": 0.0466135458,
    "eps": 0.87,
    "epsdiluted": 0.87,
    "weightedAverageShsOut": 133770492,
    "weightedAverageShsOutDil": 134246575,
    "link": null,
    "finalLink": null
  },
  {
    "date": "1997-09-30",
    "symbol": "NOC",
    "reportedCurrency": "USD",
    "cik": "0001133421",
    "fillingDate": "1997-09-30",
    "acceptedDate": "1997-09-30 00:00:00",
    "calendarYear": "1997",
    "period": "Q3",
    "revenue": 2297000000,
    "costOfRevenue": 1770000000,
    "grossProfit": 527000000,
    "grossProfitRatio": 0.2294296909,
    "researchAndDevelopmentExpenses": 0,
    "generalAndAdministrativeExpenses": 0,
    "sellingAndMarketingExpenses": 0,
    "sellingGeneralAndAdministrativeExpenses": 222000000,
    "otherExpenses": 100000000,
    "operatingExpenses": 322000000,
    "costAndExpenses": 2092000000,
    "interestIncome": 0,
    "interestExpense": 0,
    "depreciationAndAmortization": 100000000,
    "ebitda": 305000000,
    "ebitdaratio": 0.1327818894,
    "operatingIncome": 205000000,
    "operatingIncomeRatio": 0.0892468437,
    "totalOtherIncomeExpensesNet": -43000000,
    "incomeBeforeTax": 162000000,
    "incomeBeforeTaxRatio": 0.0705267741,
    "incomeTaxExpense": 64000000,
    "netIncome": 98000000,
    "netIncomeRatio": 0.0426643448,
    "eps": 0.73,
    "epsdiluted": 0.72,
    "weightedAverageShsOut": 134246575,
    "weightedAverageShsOutDil": 136111111,
    "link": null,
    "finalLink": null
  },
  {
    "date": "1997-06-30",
    "symbol": "NOC",
    "reportedCurrency": "USD",
    "cik": "0001133421",
    "fillingDate": "1997-06-30",
    "acceptedDate": "1997-06-30 00:00:00",
    "calendarYear": "1997",
    "period": "Q2",
    "revenue": 2087000000,
    "costOfRevenue": 1526000000,
    "grossProfit": 561000000,
    "grossProfitRatio": 0.2688068999,
    "researchAndDevelopmentExpenses": 0,
    "generalAndAdministrativeExpenses": 0,
    "sellingAndMarketingExpenses": 0,
    "sellingGeneralAndAdministrativeExpenses": 230000000,
    "otherExpenses": 110000000,
    "operatingExpenses": 340000000,
    "costAndExpenses": 1866000000,
    "interestIncome": 0,
    "interestExpense": 0,
    "depreciationAndAmortization": 110000000,
    "ebitda": 343000000,
    "ebitdaratio": 0.1643507427,
    "operatingIncome": 221000000,
    "operatingIncomeRatio": 0.1058936272,
    "totalOtherIncomeExpensesNet": -62000000,
    "incomeBeforeTax": 158000000,
    "incomeBeforeTaxRatio": 0.0757067561,
    "incomeTaxExpense": 58000000,
    "netIncome": 100000000,
    "netIncomeRatio": 0.0479156684,
    "eps": 0.81,
    "epsdiluted": 0.8,
    "weightedAverageShsOut": 133333333,
    "weightedAverageShsOutDil": 135849057,
    "link": null,
    "finalLink": null
  },
  {
    "date": "1997-03-31",
    "symbol": "NOC",
    "reportedCurrency": "USD",
    "cik": "0001133421",
    "fillingDate": "1997-03-31",
    "acceptedDate": "1997-03-31 00:00:00",
    "calendarYear": "1997",
    "period": "Q1",
    "revenue": 1964000000,
    "costOfRevenue": 1483000000,
    "grossProfit": 481000000,
    "grossProfitRatio": 0.2449083503,
    "researchAndDevelopmentExpenses": 0,
    "generalAndAdministrativeExpenses": 0,
    "sellingAndMarketingExpenses": 0,
    "sellingGeneralAndAdministrativeExpenses": 206000000,
    "otherExpenses": 93000000,
    "operatingExpenses": 299000000,
    "costAndExpenses": 1782000000,
    "interestIncome": 0,
    "interestExpense": 0,
    "depreciationAndAmortization": 93000000,
    "ebitda": 275000000,
    "ebitdaratio": 0.1400203666,
    "operatingIncome": 182000000,
    "operatingIncomeRatio": 0.0926680244,
    "totalOtherIncomeExpensesNet": -62000000,
    "incomeBeforeTax": 120000000,
    "incomeBeforeTaxRatio": 0.0610997963,
    "incomeTaxExpense": 45000000,
    "netIncome": 75000000,
    "netIncomeRatio": 0.0381873727,
    "eps": 0.64,
    "epsdiluted": 0.63,
    "weightedAverageShsOut": 118110236,
    "weightedAverageShsOutDil": 120000000,
    "link": null,
    "finalLink": null
  },
  {
    "date": "1996-12-31",
    "symbol": "NOC",
    "reportedCurrency": "USD",
    "cik": "0001133421",
    "fillingDate": "1996-12-31",
    "acceptedDate": "1996-12-31 00:00:00",
    "calendarYear": "1996",
    "period": "Q4",
    "revenue": 2282000000,
    "costOfRevenue": 1559000000,
    "grossProfit": 723000000,
    "grossProfitRatio": 0.3168273444,
    "researchAndDevelopmentExpenses": 0,
    "generalAndAdministrativeExpenses": 0,
    "sellingAndMarketingExpenses": 0,
    "sellingGeneralAndAdministrativeExpenses": 483000000,
    "otherExpenses": 94000000,
    "operatingExpenses": 577000000,
    "costAndExpenses": 2136000000,
    "interestIncome": 0,
    "interestExpense": 0,
    "depreciationAndAmortization": 94000000,
    "ebitda": 240000000,
    "ebitdaratio": 0.1051709027,
    "operatingIncome": 146000000,
    "operatingIncomeRatio": 0.0639789658,
    "totalOtherIncomeExpensesNet": -117000000,
    "incomeBeforeTax": 29000000,
    "incomeBeforeTaxRatio": 0.0127081507,
    "incomeTaxExpense": 12000000,
    "netIncome": 17000000,
    "netIncomeRatio": 0.0074496056,
    "eps": 0.14,
    "epsdiluted": 0.14,
    "weightedAverageShsOut": 118644068,
    "weightedAverageShsOutDil": 118644068,
    "link": null,
    "finalLink": null
  },
  {
    "date": "1996-09-30",
    "symbol": "NOC",
    "reportedCurrency": "USD",
    "cik": "0001133421",
    "fillingDate": "1996-09-30",
    "acceptedDate": "1996-09-30 00:00:00",
    "calendarYear": "1996",
    "period": "Q3",
    "revenue": 2043000000,
    "costOfRevenue": 1504000000,
    "grossProfit": 539000000,
    "grossProfitRatio": 0.2638277044,
    "researchAndDevelopmentExpenses": 0,
    "generalAndAdministrativeExpenses": 0,
    "sellingAndMarketingExpenses": 0,
    "sellingGeneralAndAdministrativeExpenses": 272000000,
    "otherExpenses": 102000000,
    "operatingExpenses": 374000000,
    "costAndExpenses": 1878000000,
    "interestIncome": 0,
    "interestExpense": 0,
    "depreciationAndAmortization": 103000000,
    "ebitda": 287000000,
    "ebitdaratio": 0.1404796867,
    "operatingIncome": 165000000,
    "operatingIncomeRatio": 0.080763583,
    "totalOtherIncomeExpensesNet": -49000000,
    "incomeBeforeTax": 113000000,
    "incomeBeforeTaxRatio": 0.0553108174,
    "incomeTaxExpense": 43000000,
    "netIncome": 70000000,
    "netIncomeRatio": 0.0342633382,
    "eps": 0.59,
    "epsdiluted": 0.59,
    "weightedAverageShsOut": 132203390,
    "weightedAverageShsOutDil": 132203390,
    "link": null,
    "finalLink": null
  },
  {
    "date": "1996-06-30",
    "symbol": "NOC",
    "reportedCurrency": "USD",
    "cik": "0001133421",
    "fillingDate": "1996-06-30",
    "acceptedDate": "1996-06-30 00:00:00",
    "calendarYear": "1996",
    "period": "Q2",
    "revenue": 2143000000,
    "costOfRevenue": 1531000000,
    "grossProfit": 612000000,
    "grossProfitRatio": 0.2855809613,
    "researchAndDevelopmentExpenses": 0,
    "generalAndAdministrativeExpenses": 0,
    "sellingAndMarketingExpenses": 0,
    "sellingGeneralAndAdministrativeExpenses": 304000000,
    "otherExpenses": 100000000,
    "operatingExpenses": 404000000,
    "costAndExpenses": 1935000000,
    "interestIncome": 0,
    "interestExpense": 0,
    "depreciationAndAmortization": 100000000,
    "ebitda": 308000000,
    "ebitdaratio": 0.1437237517,
    "operatingIncome": 208000000,
    "operatingIncomeRatio": 0.097060196,
    "totalOtherIncomeExpensesNet": -68000000,
    "incomeBeforeTax": 140000000,
    "incomeBeforeTaxRatio": 0.0653289781,
    "incomeTaxExpense": 54000000,
    "netIncome": 86000000,
    "netIncomeRatio": 0.040130658,
    "eps": 0.79,
    "epsdiluted": 0.78,
    "weightedAverageShsOut": 108860759,
    "weightedAverageShsOutDil": 110967742,
    "link": null,
    "finalLink": null
  },
  {
    "date": "1996-03-31",
    "symbol": "NOC",
    "reportedCurrency": "USD",
    "cik": "0001133421",
    "fillingDate": "1996-03-31",
    "acceptedDate": "1996-03-31 00:00:00",
    "calendarYear": "1996",
    "period": "Q1",
    "revenue": 1603000000,
    "costOfRevenue": 1203000000,
    "grossProfit": 400000000,
    "grossProfitRatio": 0.2495321273,
    "researchAndDevelopmentExpenses": 0,
    "generalAndAdministrativeExpenses": 0,
    "sellingAndMarketingExpenses": 0,
    "sellingGeneralAndAdministrativeExpenses": 191000000,
    "otherExpenses": 70000000,
    "operatingExpenses": 261000000,
    "costAndExpenses": 1464000000,
    "interestIncome": 0,
    "interestExpense": 0,
    "depreciationAndAmortization": 70000000,
    "ebitda": 209000000,
    "ebitdaratio": 0.1303805365,
    "operatingIncome": 139000000,
    "operatingIncomeRatio": 0.0867124142,
    "totalOtherIncomeExpensesNet": -37000000,
    "incomeBeforeTax": 102000000,
    "incomeBeforeTaxRatio": 0.0636306925,
    "incomeTaxExpense": 41000000,
    "netIncome": 61000000,
    "netIncomeRatio": 0.0380536494,
    "eps": 0.59,
    "epsdiluted": 0.57,
    "weightedAverageShsOut": 104273504,
    "weightedAverageShsOutDil": 106086957,
    "link": null,
    "finalLink": null
  },
  {
    "date": "1995-12-31",
    "symbol": "NOC",
    "reportedCurrency": "USD",
    "cik": "0001133421",
    "fillingDate": "1995-12-31",
    "acceptedDate": "1995-12-31 00:00:00",
    "calendarYear": "1995",
    "period": "Q4",
    "revenue": 1812000000,
    "costOfRevenue": 1316000000,
    "grossProfit": 496000000,
    "grossProfitRatio": 0.2737306843,
    "researchAndDevelopmentExpenses": 0,
    "generalAndAdministrativeExpenses": 0,
    "sellingAndMarketingExpenses": 0,
    "sellingGeneralAndAdministrativeExpenses": 300000000,
    "otherExpenses": 75000000,
    "operatingExpenses": 375000000,
    "costAndExpenses": 1691000000,
    "interestIncome": 0,
    "interestExpense": 0,
    "depreciationAndAmortization": 75000000,
    "ebitda": 196000000,
    "ebitdaratio": 0.1081677704,
    "operatingIncome": 121000000,
    "operatingIncomeRatio": 0.0667770419,
    "totalOtherIncomeExpensesNet": -28000000,
    "incomeBeforeTax": 93000000,
    "incomeBeforeTaxRatio": 0.0513245033,
    "incomeTaxExpense": 35000000,
    "netIncome": 58000000,
    "netIncomeRatio": 0.03200883,
    "eps": 0.59,
    "epsdiluted": 0.59,
    "weightedAverageShsOut": 97600000,
    "weightedAverageShsOutDil": 97600000,
    "link": null,
    "finalLink": null
  },
  {
    "date": "1995-09-30",
    "symbol": "NOC",
    "reportedCurrency": "USD",
    "cik": "0001133421",
    "fillingDate": "1995-09-30",
    "acceptedDate": "1995-09-30 00:00:00",
    "calendarYear": "1995",
    "period": "Q3",
    "revenue": 1630000000,
    "costOfRevenue": 1205000000,
    "grossProfit": 425000000,
    "grossProfitRatio": 0.2607361963,
    "researchAndDevelopmentExpenses": 0,
    "generalAndAdministrativeExpenses": 0,
    "sellingAndMarketingExpenses": 0,
    "sellingGeneralAndAdministrativeExpenses": 230000000,
    "otherExpenses": 64000000,
    "operatingExpenses": 294000000,
    "costAndExpenses": 1499000000,
    "interestIncome": 0,
    "interestExpense": 0,
    "depreciationAndAmortization": 64000000,
    "ebitda": 195000000,
    "ebitdaratio": 0.1196319018,
    "operatingIncome": 131000000,
    "operatingIncomeRatio": 0.0803680982,
    "totalOtherIncomeExpensesNet": -31000000,
    "incomeBeforeTax": 100000000,
    "incomeBeforeTaxRatio": 0.0613496933,
    "incomeTaxExpense": 39000000,
    "netIncome": 61000000,
    "netIncomeRatio": 0.0374233129,
    "eps": 0.63,
    "epsdiluted": 0.63,
    "weightedAverageShsOut": 97600000,
    "weightedAverageShsOutDil": 97600000,
    "link": null,
    "finalLink": null
  }
]