[
  {
    "date": "2024-12-31",
    "symbol": "NOC",
    "reportedCurrency": "USD",
    "cik": "0001133421",
    "fillingDate": "2025-01-30",
    "acceptedDate": "2025-01-30 16:11:12",
    "calendarYear": "2024",
    "period": "FY",
    "revenue": 41033000000,
    "costOfRevenue": 32671000000,
    "grossProfit": 8362000000,
    "grossProfitRatio": 0.2037871957,
    "researchAndDevelopmentExpenses": 1100000000,
    "generalAndAdministrativeExpenses": 3992000000,
    "sellingAndMarketingExpenses": -1099000000,
    "sellingGeneralAndAdministrativeExpenses": 2893000000,
    "otherExpenses": -1000000,
    "operatingExpenses": 3992000000,
    "costAndExpenses": 36663000000,
    "interestIncome": 0,
    "interestExpense": 621000000,
    "depreciationAndAmortization": 1370000000,
    "ebitda": 6839000000,
    "ebitdaratio": 0.1666707284,
    "operatingIncome": 4370000000,
    "operatingIncomeRatio": 0.1064996466,
    "totalOtherIncomeExpensesNet": 646000000,
    "incomeBeforeTax": 5016000000,
    "incomeBeforeTaxRatio": 0.1222430726,
    "incomeTaxExpense": 842000000,
    "netIncome": 4174000000,
    "netIncomeRatio": 0.1017230034,
    "eps": 28.39,
    "epsdiluted": 28.34,
    "weightedAverageShsOut": 147000000,
    "weightedAverageShsOutDil": 147300000,
    "link": "https://www.sec.gov/Archives/edgar/data/1133421/000113342125000006/0001133421-25-000006-index.htm",
    "finalLink": "https://www.sec.gov/Archives/edgar/data/1133421/000113342125000006/noc-20241231.htm"
  },
  {
    "date": "2023-12-31",
    "symbol": "NOC",
    "reportedCurrency": "USD",
    "cik": "0001133421",
    "fillingDate": "2024-01-25",
    "acceptedDate": "2024-01-25 16:02:51",
    "calendarYear": "2023",
    "period": "FY",
    "revenue": 39290000000,
    "costOfRevenue": 32739000000,
    "grossProfit": 6551000000,
    "grossProfitRatio": 0.1667345381,
    "researchAndDevelopmentExpenses": 1200000000,
    "generalAndAdministrativeExpenses": 4014000000,
    "sellingAndMarketingExpenses": -108000000,
    "sellingGeneralAndAdministrativeExpenses": 3906000000,
    "otherExpenses": -1092000000,
    "operatingExpenses": 4014000000,
    "costAndExpenses": 36753000000,
    "interestIncome": 0,
    "interestExpense": 545000000,
    "depreciationAndAmortization": 1338000000,
    "ebitda": 4229000000,
    "ebitdaratio": 0.1076355307,
    "operatingIncome": 2537000000,
    "operatingIncomeRatio": 0.0645711377,
    "totalOtherIncomeExpensesNet": -191000000,
    "incomeBeforeTax": 2346000000,
    "incomeBeforeTaxRatio": 0.0597098498,
    "incomeTaxExpense": 290000000,
    "netIncome": 2056000000,
    "netIncomeRatio": 0.0523288369,
    "eps": 13.57,
    "epsdiluted": 13.53,
    "weightedAverageShsOut": 151500000,
    "weightedAverageShsOutDil": 152000000,
    "link": "https://www.sec.gov/Archives/edgar/data/1133421/000113342124000006/0001133421-24-000006-index.htm",
    "finalLink": "https://www.sec.gov/Archives/edgar/data/1133421/000113342124000006/noc-20231231.htm"
  },
  {
    "date": "2022-12-31",
    "symbol": "NOC",
    "reportedCurrency": "USD",
    "cik": "0001133421",
    "fillingDate": "2023-01-26",
    "acceptedDate": "2023-01-26 08:32:09",
    "calendarYear": "2022",
    "period": "FY",
    "revenue": 36602000000,
    "costOfRevenue": 29128000000,
    "grossProfit": 7474000000,
    "grossProfitRatio": 0.204196492,
    "researchAndDevelopmentExpenses": 1200000000,
    "generalAndAdministrativeExpenses": 3873000000,
    "sellingAndMarketingExpenses": -2737000000,
    "sellingGeneralAndAdministrativeExpenses": 1136000000,
    "otherExpenses": 1537000000,
    "operatingExpenses": 3873000000,
    "costAndExpenses": 33001000000,
    "interestIncome": 0,
    "interestExpense": 506000000,
    "depreciationAndAmortization": 1342000000,
    "ebitda": 7684000000,
    "ebitdaratio": 0.2099338834,
    "operatingIncome": 3601000000,
    "operatingIncomeRatio": 0.098382602,
    "totalOtherIncomeExpensesNet": 2235000000,
    "incomeBeforeTax": 5836000000,
    "incomeBeforeTaxRatio": 0.1594448391,
    "incomeTaxExpense": 940000000,
    "netIncome": 4896000000,
    "netIncomeRatio": 0.1337631823,
    "eps": 31.61,
    "epsdiluted": 31.47,
    "weightedAverageShsOut": 154900000,
    "weightedAverageShsOutDil": 155600000,
    "link": "https://www.sec.gov/Archives/edgar/data/1133421/000113342123000006/0001133421-23-000006-index.htm",
    "finalLink": "https://www.sec.gov/Archives/edgar/data/1133421/000113342123000006/noc-20221231.htm"
  },
  {
    "date": "2021-12-31",
    "symbol": "NOC",
    "reportedCurrency": "USD",
    "cik": "0001133421",
    "fillingDate": "2022-01-27",
    "acceptedDate": "2022-01-27 06:39:15",
    "calendarYear": "2021",
    "period": "FY",
    "revenue": 35667000000,
    "costOfRevenue": 28399000000,
    "grossProfit": 7268000000,
    "grossProfitRatio": 0.2037737965,
    "researchAndDevelopmentExpenses": 1100000000,
    "generalAndAdministrativeExpenses": 3597000000,
    "sellingAndMarketingExpenses": -3370000000,
    "sellingGeneralAndAdministrativeExpenses": 227000000,
    "otherExpenses": 290000000,
    "operatingExpenses": 1617000000,
    "costAndExpenses": 30016000000,
    "interestIncome": 0,
    "interestExpense": 556000000,
    "depreciationAndAmortization": 1239000000,
    "ebitda": 8734000000,
    "ebitdaratio": 0.2448762161,
    "operatingIncome": 5651000000,
    "operatingIncomeRatio": 0.1584377716,
    "totalOtherIncomeExpensesNet": 3287000000,
    "incomeBeforeTax": 8938000000,
    "incomeBeforeTaxRatio": 0.2505957888,
    "incomeTaxExpense": 1933000000,
    "netIncome": 7005000000,
    "netIncomeRatio": 0.1964000336,
    "eps": 43.7,
    "epsdiluted": 43.54,
    "weightedAverageShsOut": 160300000,
    "weightedAverageShsOutDil": 160900000,
    "link": "https://www.sec.gov/Archives/edgar/data/1133421/000113342122000004/0001133421-22-000004-index.htm",
    "finalLink": "https://www.sec.gov/Archives/edgar/data/1133421/000113342122000004/noc-20211231.htm"
  },
  {
    "date": "2020-12-31",
    "symbol": "NOC",
    "reportedCurrency": "USD",
    "cik": "0001133421",
    "fillingDate": "2021-01-28",
    "acceptedDate": "2021-01-28 06:36:59",
    "calendarYear": "2020",
    "period": "FY",
    "revenue": 36799000000,
    "costOfRevenue": 29321000000,
    "grossProfit": 7478000000,
    "grossProfitRatio": 0.2032120438,
    "researchAndDevelopmentExpenses": 0,
    "generalAndAdministrativeExpenses": 3413000000,
    "sellingAndMarketingExpenses": -164000000,
    "sellingGeneralAndAdministrativeExpenses": 3249000000,
    "otherExpenses": 164000000,
    "operatingExpenses": 3413000000,
    "costAndExpenses": 32734000000,
    "interestIncome": 0,
    "interestExpense": 593000000,
    "depreciationAndAmortization": 1267000000,
    "ebitda": 5588000000,
    "ebitdaratio": 0.1518519525,
    "operatingIncome": 4065000000,
    "operatingIncomeRatio": 0.1104649583,
    "totalOtherIncomeExpensesNet": -337000000,
    "incomeBeforeTax": 3728000000,
    "incomeBeforeTaxRatio": 0.1013071007,
    "incomeTaxExpense": 539000000,
    "netIncome": 3189000000,
    "netIncomeRatio": 0.0866599636,
    "eps": 19.08,
    "epsdiluted": 19.03,
    "weightedAverageShsOut": 167100000,
    "weightedAverageShsOutDil": 167600000,
    "link": "https://www.sec.gov/Archives/edgar/data/1133421/000113342121000006/0001133421-21-000006-index.htm",
    "finalLink": "https://www.sec.gov/Archives/edgar/data/1133421/000113342121000006/noc-20201231.htm"
  },
  {
    "date": "2019-12-31",
    "symbol": "NOC",
    "reportedCurrency": "USD",
    "cik": "0001133421",
    "fillingDate": "2020-01-30",
    "acceptedDate": "2020-01-30 06:39:26",
    "calendarYear": "2019",
    "period": "FY",
    "revenue": 33841000000,
    "costOfRevenue": 26582000000,
    "grossProfit": 7259000000,
    "grossProfitRatio": 0.2145031175,
    "researchAndDevelopmentExpenses": 953000000,
    "generalAndAdministrativeExpenses": 3290000000,
    "sellingAndMarketingExpenses": 1000000000,
    "sellingGeneralAndAdministrativeExpenses": 4290000000,
    "otherExpenses": -1953000000,
    "operatingExpenses": 3290000000,
    "costAndExpenses": 29872000000,
    "interestIncome": 0,
    "interestExpense": 528000000,
    "depreciationAndAmortization": 1265000000,
    "ebitda": 4234000000,
    "ebitdaratio": 0.1251145061,
    "operatingIncome": 3969000000,
    "operatingIncomeRatio": 0.1172837682,
    "totalOtherIncomeExpensesNet": -1421000000,
    "incomeBeforeTax": 2548000000,
    "incomeBeforeTaxRatio": 0.0752932833,
    "incomeTaxExpense": 300000000,
    "netIncome": 2248000000,
    "netIncomeRatio": 0.066428297,
    "eps": 13.28,
    "epsdiluted": 13.22,
    "weightedAverageShsOut": 169300000,
    "weightedAverageShsOutDil": 170000000,
    "link": "https://www.sec.gov/Archives/edgar/data/1133421/000113342120000006/0001133421-20-000006-index.htm",
    "finalLink": "https://www.sec.gov/Archives/edgar/data/1133421/000113342120000006/noc-12312019x10k.htm"
  },
  {
    "date": "2018-12-31",
    "symbol": "NOC",
    "reportedCurrency": "USD",
    "cik": "0001133421",
    "fillingDate": "2019-01-31",
    "acceptedDate": "2019-01-31 06:39:46",
    "calendarYear": "2018",
    "period": "FY",
    "revenue": 30095000000,
    "costOfRevenue": 23304000000,
    "grossProfit": 6791000000,
    "grossProfitRatio": 0.2256521017,
    "researchAndDevelopmentExpenses": 764000000,
    "generalAndAdministrativeExpenses": 3011000000,
    "sellingAndMarketingExpenses": -394000000,
    "sellingGeneralAndAdministrativeExpenses": 2617000000,
    "otherExpenses": -341000000,
    "operatingExpenses": 3040000000,
    "costAndExpenses": 26315000000,
    "interestIncome": 0,
    "interestExpense": 562000000,
    "depreciationAndAmortization": 800000000,
    "ebitda": 5104000000,
    "ebitdaratio": 0.1695962785,
    "operatingIncome": 3780000000,
    "operatingIncomeRatio": 0.1256022595,
    "totalOtherIncomeExpensesNet": -38000000,
    "incomeBeforeTax": 3742000000,
    "incomeBeforeTaxRatio": 0.1243395913,
    "incomeTaxExpense": 513000000,
    "netIncome": 3229000000,
    "netIncomeRatio": 0.1072935704,
    "eps": 18.59,
    "epsdiluted": 18.49,
    "weightedAverageShsOut": 173700000,
    "weightedAverageShsOutDil": 174600000,
    "link": "https://www.sec.gov/Archives/edgar/data/1133421/000113342119000007/0001133421-19-000007-index.htm",
    "finalLink": "https://www.sec.gov/Archives/edgar/data/1133421/000113342119000007/noc-12312018x10k.htm"
  },
  {
    "date": "2017-12-31",
    "symbol": "NOC",
    "reportedCurrency": "USD",
    "cik": "0001133421",
    "fillingDate": "2018-01-29",
    "acceptedDate": "2018-01-29 17:09:25",
    "calendarYear": "2017",
    "period": "FY",
    "revenue": 25803000000,
    "costOfRevenue": 19849000000,
    "grossProfit": 5954000000,
    "grossProfitRatio": 0.2307483626,
    "researchAndDevelopmentExpenses": 639000000,
    "generalAndAdministrativeExpenses": 2712000000,
    "sellingAndMarketingExpenses": -1235000000,
    "sellingGeneralAndAdministrativeExpenses": 1477000000,
    "otherExpenses": 596000000,
    "operatingExpenses": 2712000000,
    "costAndExpenses": 22504000000,
    "interestIncome": 0,
    "interestExpense": 360000000,
    "depreciationAndAmortization": 475000000,
    "ebitda": 4928000000,
    "ebitdaratio": 0.1909855443,
    "operatingIncome": 3299000000,
    "operatingIncomeRatio": 0.1278533504,
    "totalOtherIncomeExpensesNet": 1011000000,
    "incomeBeforeTax": 3049000000,
    "incomeBeforeTaxRatio": 0.1181645545,
    "incomeTaxExpense": 1034000000,
    "netIncome": 2015000000,
    "netIncomeRatio": 0.0780916948,
    "eps": 11.55,
    "epsdiluted": 11.47,
    "weightedAverageShsOut": 174400000,
    "weightedAverageShsOutDil": 175600000,
    "link": "https://www.sec.gov/Archives/edgar/data/1133421/000113342118000005/0001133421-18-000005-index.htm",
    "finalLink": "https://www.sec.gov/Archives/edgar/data/1133421/000113342118000005/noc-12312017x10k.htm"
  },
  {
    "date": "2016-12-31",
    "symbol": "NOC",
    "reportedCurrency": "USD",
    "cik": "0001133421",
    "fillingDate": "2017-01-30",
    "acceptedDate": "2017-01-30 16:16:57",
    "calendarYear": "2016",
    "period": "FY",
    "revenue": 24508000000,
    "costOfRevenue": 18731000000,
    "grossProfit": 5777000000,
    "grossProfitRatio": 0.2357189489,
    "researchAndDevelopmentExpenses": 705000000,
    "generalAndAdministrativeExpenses": 2632000000,
    "sellingAndMarketingExpenses": 339000000,
    "sellingGeneralAndAdministrativeExpenses": 2971000000,
    "otherExpenses": -1044000000,
    "operatingExpenses": 2632000000,
    "costAndExpenses": 21315000000,
    "interestIncome": 0,
    "interestExpense": 301000000,
    "depreciationAndAmortization": 456000000,
    "ebitda": 3394000000,
    "ebitdaratio": 0.1384853925,
    "operatingIncome": 3193000000,
    "operatingIncomeRatio": 0.1302839889,
    "totalOtherIncomeExpensesNet": -270000000,
    "incomeBeforeTax": 2923000000,
    "incomeBeforeTaxRatio": 0.1192671781,
    "incomeTaxExpense": 723000000,
    "netIncome": 2200000000,
    "netIncomeRatio": 0.0897666068,
    "eps": 12.3,
    "epsdiluted": 12.19,
    "weightedAverageShsOut": 178900000,
    "weightedAverageShsOutDil": 180500000,
    "link": "https://www.sec.gov/Archives/edgar/data/1133421/000113342117000008/0001133421-17-000008-index.htm",
    "finalLink": "https://www.sec.gov/Archives/edgar/data/1133421/000113342117000008/noc-12312016x10k.htm"
  },
  {
    "date": "2015-12-31",
    "symbol": "NOC",
    "reportedCurrency": "USD",
    "cik": "0001133421",
    "fillingDate": "2016-02-01",
    "acceptedDate": "2016-02-01 17:14:57",
    "calendarYear": "2015",
    "period": "FY",
    "revenue": 23526000000,
    "costOfRevenue": 17884000000,
    "grossProfit": 5642000000,
    "grossProfitRatio": 0.2398197739,
    "researchAndDevelopmentExpenses": 712000000,
    "generalAndAdministrativeExpenses": 2566000000,
    "sellingAndMarketingExpenses": 0,
    "sellingGeneralAndAdministrativeExpenses": 2566000000,
    "otherExpenses": -712000000,
    "operatingExpenses": 2566000000,
    "costAndExpenses": 20450000000,
    "interestIncome": 0,
    "interestExpense": 301000000,
    "depreciationAndAmortization": 467000000,
    "ebitda": 3558000000,
    "ebitdaratio": 0.1512369294,
    "operatingIncome": 3076000000,
    "operatingIncomeRatio": 0.1307489586,
    "totalOtherIncomeExpensesNet": -286000000,
    "incomeBeforeTax": 2790000000,
    "incomeBeforeTaxRatio": 0.1185921959,
    "incomeTaxExpense": 800000000,
    "netIncome": 1990000000,
    "netIncomeRatio": 0.0845872652,
    "eps": 10.51,
    "epsdiluted": 10.39,
    "weightedAverageShsOut": 189400000,
    "weightedAverageShsOutDil": 191600000,
    "link": "https://www.sec.gov/Archives/edgar/data/1133421/000113342116000065/0001133421-16-000065-index.htm",
    "finalLink": "https://www.sec.gov/Archives/edgar/data/1133421/000113342116000065/noc-12312015x10k.htm"
  },
  {
    "date": "2014-12-31",
    "symbol": "NOC",
    "reportedCurrency": "USD",
    "cik": "0001133421",
    "fillingDate": "2015-02-02",
    "acceptedDate": "2015-02-02 17:09:25",
    "calendarYear": "2014",
    "period": "FY",
    "revenue": 23979000000,
    "costOfRevenue": 18378000000,
    "grossProfit": 5601000000,
    "grossProfitRatio": 0.233579382,
    "researchAndDevelopmentExpenses": 569000000,
    "generalAndAdministrativeExpenses": 2405000000,
    "sellingAndMarketingExpenses": 0,
    "sellingGeneralAndAdministrativeExpenses": 2405000000,
    "otherExpenses": -569000000,
    "operatingExpenses": 2405000000,
    "costAndExpenses": 20783000000,
    "interestIncome": 0,
    "interestExpense": 282000000,
    "depreciationAndAmortization": 462000000,
    "ebitda": 3681000000,
    "ebitdaratio": 0.1535093207,
    "operatingIncome": 3196000000,
    "operatingIncomeRatio": 0.1332832895,
    "totalOtherIncomeExpensesNet": -259000000,
    "incomeBeforeTax": 2937000000,
    "incomeBeforeTaxRatio": 0.1224821719,
    "incomeTaxExpense": 868000000,
    "netIncome": 2069000000,
    "netIncomeRatio": 0.0862838317,
    "eps": 9.91,
    "epsdiluted": 9.75,
    "weightedAverageShsOut": 208800000,
    "weightedAverageShsOutDil": 212100000,
    "link": "https://www.sec.gov/Archives/edgar/data/1133421/000113342115000008/0001133421-15-000008-index.htm",
    "finalLink": "https://www.sec.gov/Archives/edgar/data/1133421/000113342115000008/noc-12312014x10k.htm"
  },
  {
    "date": "2013-12-31",
    "symbol": "NOC",
    "reportedCurrency": "USD",
    "cik": "0001133421",
    "fillingDate": "2014-02-03",
    "acceptedDate": "2014-02-03 16:43:05",
    "calendarYear": "2013",
    "period": "FY",
    "revenue": 24661000000,
    "costOfRevenue": 19282000000,
    "grossProfit": 5379000000,
    "grossProfitRatio": 0.2181176757,
    "researchAndDevelopmentExpenses": 507000000,
    "generalAndAdministrativeExpenses": 2256000000,
    "sellingAndMarketingExpenses": 0,
    "sellingGeneralAndAdministrativeExpenses": 2256000000,
    "otherExpenses": -507000000,
    "operatingExpenses": 2256000000,
    "costAndExpenses": 21538000000,
    "interestIncome": 0,
    "interestExpense": 257000000,
    "depreciationAndAmortization": 495000000,
    "ebitda": 3615000000,
    "ebitdaratio": 0.1465877296,
    "operatingIncome": 3123000000,
    "operatingIncomeRatio": 0.1266372004,
    "totalOtherIncomeExpensesNet": -260000000,
    "incomeBeforeTax": 2863000000,
    "incomeBeforeTaxRatio": 0.1160942379,
    "incomeTaxExpense": 911000000,
    "netIncome": 1952000000,
    "netIncomeRatio": 0.079153319,
    "eps": 8.5,
    "epsdiluted": 8.35,
    "weightedAverageShsOut": 229600000,
    "weightedAverageShsOutDil": 233900000,
    "link": "https://www.sec.gov/Archives/edgar/data/1133421/000113342114000006/0001133421-14-000006-index.htm",
    "finalLink": "https://www.sec.gov/Archives/edgar/data/1133421/000113342114000006/noc-12312013x10k.htm"
  },
  {
    "date": "2012-12-31",
    "symbol": "NOC",
    "reportedCurrency": "USD",
    "cik": "0001133421",
    "fillingDate": "2013-02-05",
    "acceptedDate": "2013-02-04 17:42:40",
    "calendarYear": "2012",
    "period": "FY",
    "revenue": 25218000000,
    "costOfRevenue": 19638000000,
    "grossProfit": 5580000000,
    "grossProfitRatio": 0.2212705211,
    "researchAndDevelopmentExpenses": 520000000,
    "generalAndAdministrativeExpenses": 2450000000,
    "sellingAndMarketingExpenses": 0,
    "sellingGeneralAndAdministrativeExpenses": 2450000000,
    "otherExpenses": 0,
    "operatingExpenses": 2403000000,
    "costAndExpenses": 22088000000,
    "interestIncome": 0,
    "interestExpense": 212000000,
    "depreciationAndAmortization": 510000000,
    "ebitda": 3687000000,
    "ebitdaratio": 0.1462050916,
    "operatingIncome": 3130000000,
    "operatingIncomeRatio": 0.1241176937,
    "totalOtherIncomeExpensesNet": -165000000,
    "incomeBeforeTax": 2965000000,
    "incomeBeforeTaxRatio": 0.1175747482,
    "incomeTaxExpense": 987000000,
    "netIncome": 1978000000,
    "netIncomeRatio": 0.0784360378,
    "eps": 7.96,
    "epsdiluted": 7.81,
    "weightedAverageShsOut": 248600000,
    "weightedAverageShsOutDil": 253400000,
    "link": "https://www.sec.gov/Archives/edgar/data/1133421/000113342113000007/0001133421-13-000007-index.htm",
    "finalLink": "https://www.sec.gov/Archives/edgar/data/1133421/000113342113000007/noc-12312012x10k.htm"
  },
  {
    "date": "2011-12-31",
    "symbol": "NOC",
    "reportedCurrency": "USD",
    "cik": "0001133421",
    "fillingDate": "2012-02-08",
    "acceptedDate": "2012-02-08 09:01:52",
    "calendarYear": "2011",
    "period": "FY",
    "revenue": 26412000000,
    "costOfRevenue": 20786000000,
    "grossProfit": 5626000000,
    "grossProfitRatio": 0.2130092382,
    "researchAndDevelopmentExpenses": 0,
    "generalAndAdministrativeExpenses": 2350000000,
    "sellingAndMarketingExpenses": 0,
    "sellingGeneralAndAdministrativeExpenses": 2350000000,
    "otherExpenses": 0,
    "operatingExpenses": 23136000000,
    "costAndExpenses": 23136000000,
    "interestIncome": 0,
    "interestExpense": 221000000,
    "depreciationAndAmortization": 544000000,
    "ebitda": 3848000000,
    "ebitdaratio": 0.1456913524,
    "operatingIncome": 3276000000,
    "operatingIncomeRatio": 0.1240345298,
    "totalOtherIncomeExpensesNet": -193000000,
    "incomeBeforeTax": 3083000000,
    "incomeBeforeTaxRatio": 0.1167272452,
    "incomeTaxExpense": 997000000,
    "netIncome": 2118000000,
    "netIncomeRatio": 0.0801908224,
    "eps": 7.65,
    "epsdiluted": 7.52,
    "weightedAverageShsOut": 276800000,
    "weightedAverageShsOutDil": 281600000,
    "link": "https://www.sec.gov/Archives/edgar/data/1133421/000119312512045323/0001193125-12-045323-index.htm",
    "finalLink": "https://www.sec.gov/Archives/edgar/data/1133421/000119312512045323/d250683d10k.htm"
  },
  {
    "date": "2010-12-31",
    "symbol": "NOC",
    "reportedCurrency": "USD",
    "cik": "0001133421",
    "fillingDate": "2011-02-09",
    "acceptedDate": "2011-02-09 12:07:10",
    "calendarYear": "2010",
    "period": "FY",
    "revenue": 28143000000,
    "costOfRevenue": 22849000000,
    "grossProfit": 5294000000,
    "grossProfitRatio": 0.1881107203,
    "researchAndDevelopmentExpenses": 0,
    "generalAndAdministrativeExpenses": 3078000000,
    "sellingAndMarketingExpenses": -611000000,
    "sellingGeneralAndAdministrativeExpenses": 2467000000,
    "otherExpenses": 0,
    "operatingExpenses": 2467000000,
    "costAndExpenses": 25316000000,
    "interestIncome": 0,
    "interestExpense": 269000000,
    "depreciationAndAmortization": 555000000,
    "ebitda": 3382000000,
    "ebitdaratio": 0.1201719788,
    "operatingIncome": 2827000000,
    "operatingIncomeRatio": 0.1004512667,
    "totalOtherIncomeExpensesNet": -232000000,
    "incomeBeforeTax": 2366000000,
    "incomeBeforeTaxRatio": 0.0840706392,
    "incomeTaxExpense": 462000000,
    "netIncome": 2053000000,
    "netIncomeRatio": 0.0729488683,
    "eps": 6.91,
    "epsdiluted": 6.82,
    "weightedAverageShsOut": 296900000,
    "weightedAverageShsOutDil": 301100000,
    "link": "https://www.sec.gov/Archives/edgar/data/1133421/000095012311010835/0000950123-11-010835-index.htm",
    "finalLink": "https://www.sec.gov/Archives/edgar/data/1133421/000095012311010835/v57435e10vk.htm"
  },
  {
    "date": "2009-12-31",
    "symbol": "NOC",
    "reportedCurrency": "USD",
    "cik": "0001133421",
    "fillingDate": "2010-02-09",
    "acceptedDate": "2010-02-08 21:29:13",
    "calendarYear": "2009",
    "period": "FY",
    "revenue": 33755000000,
    "costOfRevenue": 28130000000,
    "grossProfit": 5625000000,
    "grossProfitRatio": 0.166641979,
    "researchAndDevelopmentExpenses": 0,
    "generalAndAdministrativeExpenses": 3142000000,
    "sellingAndMarketingExpenses": 0,
    "sellingGeneralAndAdministrativeExpenses": 3142000000,
    "otherExpenses": 0,
    "operatingExpenses": 3142000000,
    "costAndExpenses": 31272000000,
    "interestIncome": 0,
    "interestExpense": 281000000,
    "depreciationAndAmortization": 585000000,
    "ebitda": 3283000000,
    "ebitdaratio": 0.0972596652,
    "operatingIncome": 2483000000,
    "operatingIncomeRatio": 0.0735594727,
    "totalOtherIncomeExpensesNet": -217000000,
    "incomeBeforeTax": 2266000000,
    "incomeBeforeTaxRatio": 0.0671307954,
    "incomeTaxExpense": 693000000,
    "netIncome": 1686000000,
    "netIncomeRatio": 0.0499481558,
    "eps": 5.28,
    "epsdiluted": 5.21,
    "weightedAverageShsOut": 319200000,
    "weightedAverageShsOutDil": 323300000,
    "link": "https://www.sec.gov/Archives/edgar/data/1133421/000095012310010126/0000950123-10-010126-index.htm",
    "finalLink": "https://www.sec.gov/Archives/edgar/data/1133421/000095012310010126/v54508e10vk.htm"
  },
  {
    "date": "2008-12-31",
    "symbol": "NOC",
    "reportedCurrency": "USD",
    "cik": "0001133421",
    "fillingDate": "2009-02-10",
    "acceptedDate": "2009-02-10 06:01:46",
    "calendarYear": "2008",
    "period": "FY",
    "revenue": 33887000000,
    "costOfRevenue": 27698000000,
    "grossProfit": 6189000000,
    "grossProfitRatio": 0.1826364092,
    "researchAndDevelopmentExpenses": 0,
    "generalAndAdministrativeExpenses": 3240000000,
    "sellingAndMarketingExpenses": 0,
    "sellingGeneralAndAdministrativeExpenses": 3240000000,
    "otherExpenses": 3060000000,
    "operatingExpenses": 6300000000,
    "costAndExpenses": 33998000000,
    "interestIncome": 0,
    "interestExpense": 295000000,
    "depreciationAndAmortization": 761000000,
    "ebitda": 688000000,
    "ebitdaratio": 0.020302771,
    "operatingIncome": -111000000,
    "operatingIncomeRatio": -0.0032755924,
    "totalOtherIncomeExpensesNet": -257000000,
    "incomeBeforeTax": -368000000,
    "incomeBeforeTaxRatio": -0.0108596217,
    "incomeTaxExpense": 913000000,
    "netIncome": -1262000000,
    "netIncomeRatio": -0.03724142,
    "eps": -3.77,
    "epsdiluted": -3.77,
    "weightedAverageShsOut": 334500000,
    "weightedAverageShsOutDil": 334500000,
    "link": "https://www.sec.gov/Archives/edgar/data/1133421/000095013409002265/0000950134-09-002265-index.htm",
    "finalLink": "https://www.sec.gov/Archives/edgar/data/1133421/000095013409002265/v51127e10vk.htm"
  },
  {
    "date": "2007-12-31",
    "symbol": "NOC",
    "reportedCurrency": "USD",
    "cik": "0001133421",
    "fillingDate": "2008-02-20",
    "acceptedDate": "2008-02-20 14:36:35",
    "calendarYear": "2007",
    "period": "FY",
    "revenue": 32018000000,
    "costOfRevenue": 25804000000,
    "grossProfit": 6214000000,
    "grossProfitRatio": 0.1940783309,
    "researchAndDevelopmentExpenses": 0,
    "generalAndAdministrativeExpenses": 3208000000,
    "sellingAndMarketingExpenses": 0,
    "sellingGeneralAndAdministrativeExpenses": 3208000000,
    "otherExpenses": 0,
    "operatingExpenses": 3208000000,
    "costAndExpenses": 29012000000,
    "interestIncome": 0,
    "interestExpense": 0,
    "depreciationAndAmortization": 719000000,
    "ebitda": 3725000000,
    "ebitdaratio": 0.1163408083,
    "operatingIncome": 3006000000,
    "operatingIncomeRatio": 0.0938846899,
    "totalOtherIncomeExpensesNet": -320000000,
    "incomeBeforeTax": 2686000000,
    "incomeBeforeTaxRatio": 0.0838903117,
    "incomeTaxExpense": 883000000,
    "netIncome": 1790000000,
    "netIncomeRatio": 0.0559060528,
    "eps": 5.24,
    "epsdiluted": 5.12,
    "weightedAverageShsOut": 341700000,
    "weightedAverageShsOutDil": 354300000,
    "link": "https://www.sec.gov/Archives/edgar/data/1133421/000095012408000713/0000950124-08-000713-index.htm",
    "finalLink": "https://www.sec.gov/Archives/edgar/data/1133421/000095012408000713/v37202e10vk.htm"
  },
  {
    "date": "2006-12-31",
    "symbol": "NOC",
    "reportedCurrency": "USD",
    "cik": "0001133421",
    "fillingDate": "2007-02-21",
    "acceptedDate": "2007-02-21 16:51:52",
    "calendarYear": "2006",
    "period": "FY",
    "revenue": 30148000000,
    "costOfRevenue": 24660000000,
    "grossProfit": 5488000000,
    "grossProfitRatio": 0.1820352926,
    "researchAndDevelopmentExpenses": 0,
    "generalAndAdministrativeExpenses": 3034000000,
    "sellingAndMarketingExpenses": 0,
    "sellingGeneralAndAdministrativeExpenses": 3034000000,
    "otherExpenses": 0,
    "operatingExpenses": 3034000000,
    "costAndExpenses": 27694000000,
    "interestIncome": 0,
    "interestExpense": 0,
    "depreciationAndAmortization": 691000000,
    "ebitda": 3155000000,
    "ebitdaratio": 0.1046503914,
    "operatingIncome": 2454000000,
    "operatingIncomeRatio": 0.0813984344,
    "totalOtherIncomeExpensesNet": -178000000,
    "incomeBeforeTax": 2276000000,
    "incomeBeforeTaxRatio": 0.0754942285,
    "incomeTaxExpense": 709000000,
    "netIncome": 1542000000,
    "netIncomeRatio": 0.0511476715,
    "eps": 4.46,
    "epsdiluted": 4.37,
    "weightedAverageShsOut": 345700000,
    "weightedAverageShsOutDil": 358600000,
    "link": "https://www.sec.gov/Archives/edgar/data/1133421/000095012407000990/0000950124-07-000990-index.htm",
    "finalLink": "https://www.sec.gov/Archives/edgar/data/1133421/000095012407000990/v27342e10vk.htm"
  },
  {
    "date": "2005-12-31",
    "symbol": "NOC",
    "reportedCurrency": "USD",
    "cik": "0001133421",
    "fillingDate": "2006-02-17",
    "acceptedDate": "2006-02-17 14:26:05",
    "calendarYear": "2005",
    "period": "FY",
    "revenue": 30721000000,
    "costOfRevenue": 25590000000,
    "grossProfit": 5131000000,
    "grossProfitRatio": 0.1670193028,
    "researchAndDevelopmentExpenses": 0,
    "generalAndAdministrativeExpenses": 2953000000,
    "sellingAndMarketingExpenses": 0,
    "sellingGeneralAndAdministrativeExpenses": 2953000000,
    "otherExpenses": 0,
    "operatingExpenses": 2953000000,
    "costAndExpenses": 28543000000,
    "interestIncome": 0,
    "interestExpense": 0,
    "depreciationAndAmortization": 755000000,
    "ebitda": 2954000000,
    "ebitdaratio": 0.0961557241,
    "operatingIncome": 2178000000,
    "operatingIncomeRatio": 0.0708961297,
    "totalOtherIncomeExpensesNet": -113000000,
    "incomeBeforeTax": 2044000000,
    "incomeBeforeTaxRatio": 0.0665342925,
    "incomeTaxExpense": 661000000,
    "netIncome": 1400000000,
    "netIncomeRatio": 0.0455714332,
    "eps": 3.93,
    "epsdiluted": 3.85,
    "weightedAverageShsOut": 356500000,
    "weightedAverageShsOutDil": 363200000,
    "link": "https://www.sec.gov/Archives/edgar/data/1133421/000119312506034521/0001193125-06-034521-index.htm",
    "finalLink": "https://www.sec.gov/Archives/edgar/data/1133421/000119312506034521/d10k.htm"
  },
  {
    "date": "2004-12-31",
    "symbol": "NOC",
    "reportedCurrency": "USD",
    "cik": "0001133421",
    "fillingDate": "2005-03-04",
    "acceptedDate": "2005-03-03 18:11:50",
    "calendarYear": "2004",
    "period": "FY",
    "revenue": 29853000000,
    "costOfRevenue": 25135000000,
    "grossProfit": 4718000000,
    "grossProfitRatio": 0.1580410679,
    "researchAndDevelopmentExpenses": 0,
    "generalAndAdministrativeExpenses": 2712000000,
    "sellingAndMarketingExpenses": 0,
    "sellingGeneralAndAdministrativeExpenses": 2712000000,
    "otherExpenses": -35000000,
    "operatingExpenses": 2677000000,
    "costAndExpenses": 27812000000,
    "interestIncome": 0,
    "interestExpense": 0,
    "depreciationAndAmortization": 717000000,
    "ebitda": 2702000000,
    "ebitdaratio": 0.0905101665,
    "operatingIncome": 2041000000,
    "operatingIncomeRatio": 0.0683683382,
    "totalOtherIncomeExpensesNet": -391000000,
    "incomeBeforeTax": 1615000000,
    "incomeBeforeTaxRatio": 0.0540984156,
    "incomeTaxExpense": 522000000,
    "netIncome": 1084000000,
    "netIncomeRatio": 0.0363112585,
    "eps": 3.01,
    "epsdiluted": 2.97,
    "weightedAverageShsOut": 359700000,
    "weightedAverageShsOutDil": 365000000,
    "link": "https://www.sec.gov/Archives/edgar/data/1133421/000119312505041833/0001193125-05-041833-index.htm",
    "finalLink": "https://www.sec.gov/Archives/edgar/data/1133421/000119312505041833/d10k.htm"
  },
  {
    "date": "2003-12-31",
    "symbol": "NOC",
    "reportedCurrency": "USD",
    "cik": "0001133421",
    "fillingDate": "2004-03-10",
    "acceptedDate": "2004-03-10 17:30:30",
    "calendarYear": "2003",
    "period": "FY",
    "revenue": 26206000000,
    "costOfRevenue": 22322000000,
    "grossProfit": 3884000000,
    "grossProfitRatio": 0.1482103335,
    "researchAndDevelopmentExpenses": 0,
    "generalAndAdministrativeExpenses": 2346000000,
    "sellingAndMarketingExpenses": 0,
    "sellingGeneralAndAdministrativeExpenses": 2346000000,
    "otherExpenses": 0,
    "operatingExpenses": 2346000000,
    "costAndExpenses": 24668000000,
    "interestIncome": 0,
    "interestExpense": 0,
    "depreciationAndAmortization": 635000000,
    "ebitda": 2103000000,
    "ebitdaratio": 0.080248798,
    "operatingIncome": 1538000000,
    "operatingIncomeRatio": 0.0586888499,
    "totalOtherIncomeExpensesNet": -413000000,
    "incomeBeforeTax": 1131000000,
    "incomeBeforeTaxRatio": 0.0431580554,
    "incomeTaxExpense": 323000000,
    "netIncome": 866000000,
    "netIncomeRatio": 0.0330458674,
    "eps": 2.11,
    "epsdiluted": 2.09,
    "weightedAverageShsOut": 404739336,
    "weightedAverageShsOutDil": 408612440,
    "link": "https://www.sec.gov/Archives/edgar/data/1133421/000119312504038360/0001193125-04-038360-index.htm",
    "finalLink": "https://www.sec.gov/Archives/edgar/data/1133421/000119312504038360/d10k.htm"
  },
  {
    "date": "2002-12-31",
    "symbol": "NOC",
    "reportedCurrency": "USD",
    "cik": "0001133421",
    "fillingDate": "2003-03-24",
    "acceptedDate": "2003-03-21 20:57:49",
    "calendarYear": "2002",
    "period": "FY",
    "revenue": 17206000000,
    "costOfRevenue": 14104000000,
    "grossProfit": 3102000000,
    "grossProfitRatio": 0.1802859468,
    "researchAndDevelopmentExpenses": 0,
    "generalAndAdministrativeExpenses": 1711000000,
    "sellingAndMarketingExpenses": 0,
    "sellingGeneralAndAdministrativeExpenses": 1711000000,
    "otherExpenses": 0,
    "operatingExpenses": 1711000000,
    "costAndExpenses": 15815000000,
    "interestIncome": 0,
    "interestExpense": 0,
    "depreciationAndAmortization": 525000000,
    "ebitda": 1645000000,
    "ebitdaratio": 0.0956061839,
    "operatingIncome": 1391000000,
    "operatingIncomeRatio": 0.0808438917,
    "totalOtherIncomeExpensesNet": -111000000,
    "incomeBeforeTax": 1009000000,
    "incomeBeforeTaxRatio": 0.0586423341,
    "incomeTaxExpense": 312000000,
    "netIncome": 64000000,
    "netIncomeRatio": 0.0037196327,
    "eps": 1.87,
    "epsdiluted": 1.84,
    "weightedAverageShsOut": 224900000,
    "weightedAverageShsOutDil": 228820000,
    "link": "https://www.sec.gov/Archives/edgar/data/1133421/000089843003002012/0000898430-03-002012-index.htm",
    "finalLink": "https://www.sec.gov/Archives/edgar/data/1133421/000089843003002012/d10k.htm"
  },
  {
    "date": "2001-12-31",
    "symbol": "NOC",
    "reportedCurrency": "USD",
    "cik": "0001133421",
    "fillingDate": "2002-03-22",
    "acceptedDate": "2002-03-22 00:00:00",
    "calendarYear": "2001",
    "period": "FY",
    "revenue": 13558000000,
    "costOfRevenue": 11219000000,
    "grossProfit": 2339000000,
    "grossProfitRatio": 0.1725180705,
    "researchAndDevelopmentExpenses": 0,
    "generalAndAdministrativeExpenses": 1335000000,
    "sellingAndMarketingExpenses": 0,
    "sellingGeneralAndAdministrativeExpenses": 1335000000,
    "otherExpenses": 0,
    "operatingExpenses": 1335000000,
    "costAndExpenses": 12554000000,
    "interestIncome": 0,
    "interestExpense": 0,
    "depreciationAndAmortization": 645000000,
    "ebitda": 1678000000,
    "ebitdaratio": 0.123764567,
    "operatingIncome": 1004000000,
    "operatingIncomeRatio": 0.0740522201,
    "totalOtherIncomeExpensesNet": -306000000,
    "incomeBeforeTax": 699000000,
    "incomeBeforeTaxRatio": 0.0515562767,
    "incomeTaxExpense": 272000000,
    "netIncome": 427000000,
    "netIncomeRatio": 0.0314943207,
    "eps": 2.39,
    "epsdiluted": 2.37,
    "weightedAverageShsOut": 171129707,
    "weightedAverageShsOutDil": 172573840,
    "link": "https://www.sec.gov/Archives/edgar/data/1133421/000089843002000975/0000898430-02-000975-index.htm",
    "finalLink": "https://www.sec.gov/Archives/edgar/data/1133421/000089843002000975/d10k405.htm"
  },
  {
    "date": "2000-12-31",
    "symbol": "NOC",
    "reportedCurrency": "USD",
    "cik": "0001133421",
    "fillingDate": "2000-12-31",
    "acceptedDate": "2000-12-31 00:00:00",
    "calendarYear": "2000",
    "period": "FY",
    "revenue": 7618000000,
    "costOfRevenue": 5065000000,
    "grossProfit": 2553000000,
    "grossProfitRatio": 0.33512733,
    "researchAndDevelopmentExpenses": 0,
    "generalAndAdministrativeExpenses": 0,
    "sellingAndMarketingExpenses": 0,
    "sellingGeneralAndAdministrativeExpenses": 1074000000,
    "otherExpenses": 381000000,
    "operatingExpenses": 1455000000,
    "costAndExpenses": 6520000000,
    "interestIncome": 0,
    "interestExpense": 0,
    "depreciationAndAmortization": 381000000,
    "ebitda": 1479000000,
    "ebitdaratio": 0.194145445,
    "operatingIncome": 1098000000,
    "operatingIncomeRatio": 0.1441323182,
    "totalOtherIncomeExpensesNet": -123000000,
    "incomeBeforeTax": 975000000,
    "incomeBeforeTaxRatio": 0.1279863481,
    "incomeTaxExpense": 350000000,
    "netIncome": 608000000,
    "netIncomeRatio": 0.079810974,
    "eps": 4.31,
    "epsdiluted": 4.29,
    "weightedAverageShsOut": 141160000,
    "weightedAverageShsOutDil": 141760000,
    "link": null,
    "finalLink": null
  },
  {
    "date": "1999-12-31",
    "symbol": "NOC",
    "reportedCurrency": "USD",
    "cik": "0001133421",
    "fillingDate": "1999-12-31",
    "acceptedDate": "1999-12-31 00:00:00",
    "calendarYear": "1999",
    "period": "FY",
    "revenue": 8995000000,
    "costOfRevenue": 6463000000,
    "grossProfit": 2532000000,
    "grossProfitRatio": 0.2814897165,
    "researchAndDevelopmentExpenses": 0,
    "generalAndAdministrativeExpenses": 0,
    "sellingAndMarketingExpenses": 0,
    "sellingGeneralAndAdministrativeExpenses": 1174000000,
    "otherExpenses": 389000000,
    "operatingExpenses": 1563000000,
    "costAndExpenses": 8026000000,
    "interestIncome": 0,
    "interestExpense": 0,
    "depreciationAndAmortization": 389000000,
    "ebitda": 1343000000,
    "ebitdaratio": 0.1493051695,
    "operatingIncome": 969000000,
    "operatingIncomeRatio": 0.1077265147,
    "totalOtherIncomeExpensesNet": -207000000,
    "incomeBeforeTax": 762000000,
    "incomeBeforeTaxRatio": 0.0847137298,
    "incomeTaxExpense": 279000000,
    "netIncome": 467000000,
    "netIncomeRatio": 0.0519177321,
    "eps": 3.37,
    "epsdiluted": 3.35,
    "weightedAverageShsOut": 138781575,
    "weightedAverageShsOutDil": 139611360,
    "link": null,
    "finalLink": null
  },
  {
    "date": "1998-12-31",
    "symbol": "NOC",
    "reportedCurrency": "USD",
    "cik": "0001133421",
    "fillingDate": "1998-12-31",
    "acceptedDate": "1998-12-31 00:00:00",
    "calendarYear": "1998",
    "period": "FY",
    "revenue": 8902000000,
    "costOfRevenue": 6537000000,
    "grossProfit": 2365000000,
    "grossProfitRatio": 0.2656706358,
    "researchAndDevelopmentExpenses": 0,
    "generalAndAdministrativeExpenses": 0,
    "sellingAndMarketingExpenses": 0,
    "sellingGeneralAndAdministrativeExpenses": 1216000000,
    "otherExpenses": 393000000,
    "operatingExpenses": 1609000000,
    "costAndExpenses": 8146000000,
    "interestIncome": 0,
    "interestExpense": 0,
    "depreciationAndAmortization": 393000000,
    "ebitda": 1145000000,
    "ebitdaratio": 0.1286227814,
    "operatingIncome": 756000000,
    "operatingIncomeRatio": 0.084924736,
    "totalOtherIncomeExpensesNet": -443000000,
    "incomeBeforeTax": 312000000,
    "incomeBeforeTaxRatio": 0.0350483038,
    "incomeTaxExpense": 118000000,
    "netIncome": 194000000,
    "netIncomeRatio": 0.0217928555,
    "eps": 1.42,
    "epsdiluted": 1.4,
    "weightedAverageShsOut": 137102473,
    "weightedAverageShsOutDil": 139068100,
    "link": null,
    "finalLink": null
  },
  {
    "date": "1997-12-31",
    "symbol": "NOC",
    "reportedCurrency": "USD",
    "cik": "0001133421",
    "fillingDate": "1997-12-31",
    "acceptedDate": "1997-12-31 00:00:00",
    "calendarYear": "1997",
    "period": "FY",
    "revenue": 9153000000,
    "costOfRevenue": 6622000000,
    "grossProfit": 2531000000,
    "grossProfitRatio": 0.2765213591,
    "researchAndDevelopmentExpenses": 0,
    "generalAndAdministrativeExpenses": 0,
    "sellingAndMarketingExpenses": 0,
    "sellingGeneralAndAdministrativeExpenses": 1233000000,
    "otherExpenses": 418000000,
    "operatingExpenses": 1651000000,
    "costAndExpenses": 8273000000,
    "interestIncome": 0,
    "interestExpense": 0,
    "depreciationAndAmortization": 418000000,
    "ebitda": 1298000000,
    "ebitdaratio": 0.1418114279,
    "operatingIncome": 880000000,
    "operatingIncomeRatio": 0.096143341,
    "totalOtherIncomeExpensesNet": -229000000,
    "incomeBeforeTax": 651000000,
    "incomeBeforeTaxRatio": 0.0711242216,
    "incomeTaxExpense": 244000000,
    "netIncome": 407000000,
    "netIncomeRatio": 0.0444662952,
    "eps": 3.05,
    "epsdiluted": 2.99,
    "weightedAverageShsOut": 133442623,
    "weightedAverageShsOutDil": 136120401,
    "link": null,
    "finalLink": null
  },
  {
    "date": "1996-12-31",
    "symbol": "NOC",
    "reportedCurrency": "USD",
    "cik": "0001133421",
    "fillingDate": "1996-12-31",
    "acceptedDate": "1996-12-31 00:00:00",
    "calendarYear": "1996",
    "period": "FY",
    "revenue": 8071000000,
    "costOfRevenue": 5849000000,
    "grossProfit": 2222000000,
    "grossProfitRatio": 0.2753066535,
    "researchAndDevelopmentExpenses": 0,
    "generalAndAdministrativeExpenses": 0,
    "sellingAndMarketingExpenses": 0,
    "sellingGeneralAndAdministrativeExpenses": 1197000000,
    "otherExpenses": 367000000,
    "operatingExpenses": 1564000000,
    "costAndExpenses": 7413000000,
    "interestIncome": 0,
    "interestExpense": 0,
    "depreciationAndAmortization": 367000000,
    "ebitda": 1078000000,
    "ebitdaratio": 0.1335646141,
    "operatingIncome": 658000000,
    "operatingIncomeRatio": 0.0815264527,
    "totalOtherIncomeExpensesNet": -271000000,
    "incomeBeforeTax": 384000000,
    "incomeBeforeTaxRatio": 0.0475777475,
    "incomeTaxExpense": 150000000,
    "netIncome": 234000000,
    "netIncomeRatio": 0.0289926899,
    "eps": 2.11,
    "epsdiluted": 2.08,
    "weightedAverageShsOut": 125118483,
    "weightedAverageShsOutDil": 127228916,
    "link": null,
    "finalLink": null
  },
  {
    "date": "1995-12-31",
    "symbol": "NOC",
    "reportedCurrency": "USD",
    "cik": "0001133421",
    "fillingDate": "1995-12-31",
    "acceptedDate": "1995-12-31 00:00:00",
    "calendarYear": "1995",
    "period": "FY",
    "revenue": 6818000000,
    "costOfRevenue": 5039000000,
    "grossProfit": 1779000000,
    "grossProfitRatio": 0.2609269581,
    "researchAndDevelopmentExpenses": 0,
    "generalAndAdministrativeExpenses": 0,
    "sellingAndMarketingExpenses": 0,
    "sellingGeneralAndAdministrativeExpenses": 963000000,
    "otherExpenses": 280000000,
    "operatingExpenses": 1243000000,
    "costAndExpenses": 6282000000,
    "interestIncome": 0,
    "interestExpense": 0,
    "depreciationAndAmortization": 280000000,
    "ebitda": 862000000,
    "ebitdaratio": 0.1264300381,
    "operatingIncome": 536000000,
    "operatingIncomeRatio": 0.0786154297,
    "totalOtherIncomeExpensesNet": -124000000,
    "incomeBeforeTax": 409000000,
    "incomeBeforeTaxRatio": 0.0599882664,
    "incomeTaxExpense": 157000000,
    "netIncome": 252000000,
    "netIncomeRatio": 0.0369609856,
    "eps": 2.4,
    "epsdiluted": 2.36,
    "weightedAverageShsOut": 115657620,
    "weightedAverageShsOutDil": 117622081,
    "link": null,
    "finalLink": null
  },
  {
    "date": "1994-12-31",
    "symbol": "NOC",
    "reportedCurrency": "USD",
    "cik": "0001133421",
    "fillingDate": "1994-12-31",
    "acceptedDate": "1994-12-31 00:00:00",
    "calendarYear": "1994",
    "period": "FY",
    "revenue": 6711000000,
    "costOfRevenue": 5210000000,
    "grossProfit": 1501000000,
    "grossProfitRatio": 0.2236626434,
    "researchAndDevelopmentExpenses": 0,
    "generalAndAdministrativeExpenses": 0,
    "sellingAndMarketingExpenses": 0,
    "sellingGeneralAndAdministrativeExpenses": 1035000000,
    "otherExpenses": 267000000,
    "operatingExpenses": 1302000000,
    "costAndExpenses": 6512000000,
    "interestIncome": 0,
    "interestExpense": 0,
    "depreciationAndAmortization": 267000000,
    "ebitda": 466000000,
    "ebitdaratio": 0.0694382357,
    "operatingIncome": 199000000,
    "operatingIncomeRatio": 0.0296528088,
    "totalOtherIncomeExpensesNet": -134000000,
    "incomeBeforeTax": 65000000,
    "incomeBeforeTaxRatio": 0.0096855908,
    "incomeTaxExpense": 30000000,
    "netIncome": 35000000,
    "netIncomeRatio": 0.0052153181,
    "eps": 0.46,
    "epsdiluted": 0.46,
    "weightedAverageShsOut": 76086957,
    "weightedAverageShsOutDil": 76923077,
    "link": null,
    "finalLink": null
  },
  {
    "date": "1993-12-31",
    "symbol": "NOC",
    "reportedCurrency": "USD",
    "cik": "0001133421",
    "fillingDate": "1993-12-31",
    "acceptedDate": "1993-12-31 00:00:00",
    "calendarYear": "1993",
    "period": "FY",
    "revenue": 5063000000,
    "costOfRevenue": 4148000000,
    "grossProfit": 915000000,
    "grossProfitRatio": 0.1807228916,
    "researchAndDevelopmentExpenses": 0,
    "generalAndAdministrativeExpenses": 0,
    "sellingAndMarketingExpenses": 0,
    "sellingGeneralAndAdministrativeExpenses": 485000000,
    "otherExpenses": 211000000,
    "operatingExpenses": 696000000,
    "costAndExpenses": 4844000000,
    "interestIncome": 0,
    "interestExpense": 0,
    "depreciationAndAmortization": 211000000,
    "ebitda": 430000000,
    "ebitdaratio": 0.0849298835,
    "operatingIncome": 219000000,
    "operatingIncomeRatio": 0.0432549872,
    "totalOtherIncomeExpensesNet": -49000000,
    "incomeBeforeTax": 170000000,
    "incomeBeforeTaxRatio": 0.0335769307,
    "incomeTaxExpense": 74000000,
    "netIncome": 96000000,
    "netIncomeRatio": 0.0189610903,
    "eps": 1.02,
    "epsdiluted": 1,
    "weightedAverageShsOut": 94117647,
    "weightedAverageShsOutDil": 95522388,
    "link": null,
    "finalLink": null
  },
  {
    "date": "1992-12-31",
    "symbol": "NOC",
    "reportedCurrency": "USD",
    "cik": "0001133421",
    "fillingDate": "1992-12-31",
    "acceptedDate": "1992-12-31 00:00:00",
    "calendarYear": "1992",
    "period": "FY",
    "revenue": 5550000000,
    "costOfRevenue": 4708000000,
    "grossProfit": 842000000,
    "grossProfitRatio": 0.1517117117,
    "researchAndDevelopmentExpenses": 0,
    "generalAndAdministrativeExpenses": 0,
    "sellingAndMarketingExpenses": 0,
    "sellingGeneralAndAdministrativeExpenses": 455000000,
    "otherExpenses": 158000000,
    "operatingExpenses": 613000000,
    "costAndExpenses": 5321000000,
    "interestIncome": 0,
    "interestExpense": 0,
    "depreciationAndAmortization": 158000000,
    "ebitda": 387000000,
    "ebitdaratio": 0.0697297297,
    "operatingIncome": 229000000,
    "operatingIncomeRatio": 0.0412612613,
    "totalOtherIncomeExpensesNet": -49000000,
    "incomeBeforeTax": 180000000,
    "incomeBeforeTaxRatio": 0.0324324324,
    "incomeTaxExpense": 59000000,
    "netIncome": 121000000,
    "netIncomeRatio": 0.0218018018,
    "eps": 1.28,
    "epsdiluted": 1.28,
    "weightedAverageShsOut": 94531250,
    "weightedAverageShsOutDil": 94531250,
    "link": null,
    "finalLink": null
  },
  {
    "date": "1991-12-31",
    "symbol": "NOC",
    "reportedCurrency": "USD",
    "cik": "0001133421",
    "fillingDate": "1991-12-31",
    "acceptedDate": "1991-12-31 00:00:00",
    "calendarYear": "1991",
    "period": "FY",
    "revenue": 5694200000,
    "costOfRevenue": 4640000000,
    "grossProfit": 1054200000,
    "grossProfitRatio": 0.1851357522,
    "researchAndDevelopmentExpenses": 0,
    "generalAndAdministrativeExpenses": 0,
    "sellingAndMarketingExpenses": 0,
    "sellingGeneralAndAdministrativeExpenses": 531400000,
    "otherExpenses": 171300000,
    "operatingExpenses": 702700000,
    "costAndExpenses": 5342700000,
    "interestIncome": 0,
    "interestExpense": 0,
    "depreciationAndAmortization": 171300000,
    "ebitda": 522800000,
    "ebitdaratio": 0.0918127217,
    "operatingIncome": 351500000,
    "operatingIncomeRatio": 0.0617294791,
    "totalOtherIncomeExpensesNet": -74300000,
    "incomeBeforeTax": 277200000,
    "incomeBeforeTaxRatio": 0.0486811141,
    "incomeTaxExpense": 9000000,
    "netIncome": 268200000,
    "netIncomeRatio": 0.0471005585,
    "eps": 2.85,
    "epsdiluted": 2.85,
    "weightedAverageShsOut": 94270650,
    "weightedAverageShsOutDil": 94270650,
    "link": null,
    "finalLink": null
  },
  {
    "date": "1990-12-31",
    "symbol": "NOC",
    "reportedCurrency": "USD",
    "cik": "0001133421",
    "fillingDate": "1990-12-31",
    "acceptedDate": "1990-12-31 00:00:00",
    "calendarYear": "1990",
    "period": "FY",
    "revenue": 5489800000,
    "costOfRevenue": 4561100000,
    "grossProfit": 928700000,
    "grossProfitRatio": 0.1691682757,
    "researchAndDevelopmentExpenses": 0,
    "generalAndAdministrativeExpenses": 0,
    "sellingAndMarketingExpenses": 0,
    "sellingGeneralAndAdministrativeExpenses": 450500000,
    "otherExpenses": 186600000,
    "operatingExpenses": 637100000,
    "costAndExpenses": 5198200000,
    "interestIncome": 0,
    "interestExpense": 0,
    "depreciationAndAmortization": 186600000,
    "ebitda": 478200000,
    "ebitdaratio": 0.0871069984,
    "operatingIncome": 291600000,
    "operatingIncomeRatio": 0.0531166891,
    "totalOtherIncomeExpensesNet": 20900000,
    "incomeBeforeTax": 312500000,
    "incomeBeforeTaxRatio": 0.0569237495,
    "incomeTaxExpense": 102100000,
    "netIncome": 210400000,
    "netIncomeRatio": 0.0383256221,
    "eps": 2.24,
    "epsdiluted": 2.24,
    "weightedAverageShsOut": 93928571,
    "weightedAverageShsOutDil": 93928571,
    "link": null,
    "finalLink": null
  },
  {
    "date": "1989-12-31",
    "symbol": "NOC",
    "reportedCurrency": "USD",
    "cik": "0001133421",
    "fillingDate": "1989-12-31",
    "acceptedDate": "1989-12-31 00:00:00",
    "calendarYear": "1989",
    "period": "FY",
    "revenue": 5248400000,
    "costOfRevenue": 4471300000,
    "grossProfit": 777100000,
    "grossProfitRatio": 0.1480641719,
    "researchAndDevelopmentExpenses": 0,
    "generalAndAdministrativeExpenses": 0,
    "sellingAndMarketingExpenses": 0,
    "sellingGeneralAndAdministrativeExpenses": 533200000,
    "otherExpenses": 220600000,
    "operatingExpenses": 753800000,
    "costAndExpenses": 5225100000,
    "interestIncome": 0,
    "interestExpense": 0,
    "depreciationAndAmortization": 220600000,
    "ebitda": 243900000,
    "ebitdaratio": 0.0464713055,
    "operatingIncome": 23300000,
    "operatingIncomeRatio": 0.0044394482,
    "totalOtherIncomeExpensesNet": -134800000,
    "incomeBeforeTax": -111500000,
    "incomeBeforeTaxRatio": -0.0212445698,
    "incomeTaxExpense": -31000000,
    "netIncome": -80500000,
    "netIncomeRatio": -0.0153380078,
    "eps": -0.85,
    "epsdiluted": -0.85,
    "weightedAverageShsOut": 94152047,
    "weightedAverageShsOutDil": 94152047,
    "link": null,
    "finalLink": null
  },
  {
    "date": "1988-12-31",
    "symbol": "NOC",
    "reportedCurrency": "USD",
    "cik": "0001133421",
    "fillingDate": "1988-12-31",
    "acceptedDate": "1988-12-30 19:00:00",
    "calendarYear": "1988",
    "period": "FY",
    "revenue": 5797100000,
    "costOfRevenue": 5016800000,
    "grossProfit": 780300000,
    "grossProfitRatio": 0.1346017837,
    "researchAndDevelopmentExpenses": 0,
    "generalAndAdministrativeExpenses": 0,
    "sellingAndMarketingExpenses": 0,
    "sellingGeneralAndAdministrativeExpenses": 514300000,
    "otherExpenses": 240800000,
    "operatingExpenses": 755100000,
    "costAndExpenses": 5771900000,
    "interestIncome": 0,
    "interestExpense": 0,
    "depreciationAndAmortization": 240800000,
    "ebitda": 266000000,
    "ebitdaratio": 0.0458850115,
    "operatingIncome": 25200000,
    "operatingIncomeRatio": 0.0043470011,
    "totalOtherIncomeExpensesNet": -79100000,
    "incomeBeforeTax": -53900000,
    "incomeBeforeTaxRatio": -0.0092977523,
    "incomeTaxExpense": -23000000,
    "netIncome": -30900000,
    "netIncomeRatio": -0.0053302513,
    "eps": -0.33,
    "epsdiluted": -0.33,
    "weightedAverageShsOut": 95076923,
    "weightedAverageShsOutDil": 95076923,
    "link": "",
    "finalLink": ""
  },
  {
    "date": "1987-12-31",
    "symbol": "NOC",
    "reportedCurrency": "USD",
    "cik": "0001133421",
    "fillingDate": "1987-12-31",
    "acceptedDate": "1987-12-30 19:00:00",
    "calendarYear": "1987",
    "period": "FY",
    "revenue": 6052500000,
    "costOfRevenue": 5110900000,
    "grossProfit": 941600000,
    "grossProfitRatio": 0.1555720777,
    "researchAndDevelopmentExpenses": 0,
    "generalAndAdministrativeExpenses": 0,
    "sellingAndMarketingExpenses": 0,
    "sellingGeneralAndAdministrativeExpenses": 527600000,
    "otherExpenses": 246800000,
    "operatingExpenses": 774400000,
    "costAndExpenses": 5885300000,
    "interestIncome": 0,
    "interestExpense": 0,
    "depreciationAndAmortization": 246800000,
    "ebitda": 414000000,
    "ebitdaratio": 0.068401487,
    "operatingIncome": 167200000,
    "operatingIncomeRatio": 0.0276249484,
    "totalOtherIncomeExpensesNet": -29800000,
    "incomeBeforeTax": 137400000,
    "incomeBeforeTaxRatio": 0.0227013631,
    "incomeTaxExpense": 43200000,
    "netIncome": 94200000,
    "netIncomeRatio": 0.0155638166,
    "eps": 1,
    "epsdiluted": 1,
    "weightedAverageShsOut": 93731343,
    "weightedAverageShsOutDil": 93731343,
    "link": "",
    "finalLink": ""
  },
  {
    "date": "1986-12-31",
    "symbol": "NOC",
    "reportedCurrency": "USD",
    "cik": "0001133421",
    "fillingDate": "1986-12-31",
    "acceptedDate": "1986-12-30 19:00:00",
    "calendarYear": "1986",
    "period": "FY",
    "revenue": 5608400000,
    "costOfRevenue": 4760300000,
    "grossProfit": 848100000,
    "grossProfitRatio": 0.1512195992,
    "researchAndDevelopmentExpenses": 0,
    "generalAndAdministrativeExpenses": 0,
    "sellingAndMarketingExpenses": 0,
    "sellingGeneralAndAdministrativeExpenses": 551700000,
    "otherExpenses": 225600000,
    "operatingExpenses": 777300000,
    "costAndExpenses": 5537600000,
    "interestIncome": 0,
    "interestExpense": 0,
    "depreciationAndAmortization": 225600000,
    "ebitda": 296400000,
    "ebitdaratio": 0.0528492975,
    "operatingIncome": 70800000,
    "operatingIncomeRatio": 0.0126239213,
    "totalOtherIncomeExpensesNet": -21300000,
    "incomeBeforeTax": 49500000,
    "incomeBeforeTaxRatio": 0.0088260466,
    "incomeTaxExpense": 8300000,
    "netIncome": 41200000,
    "netIncomeRatio": 0.0073461237,
    "eps": 0.45,
    "epsdiluted": 0.45,
    "weightedAverageShsOut": 92584270,
    "weightedAverageShsOutDil": 92584270,
    "link": "",
    "finalLink": ""
  },
  {
    "date": "1985-12-31",
    "symbol": "NOC",
    "reportedCurrency": "USD",
    "cik": "0001133421",
    "fillingDate": "1985-12-31",
    "acceptedDate": "1985-12-30 19:00:00",
    "calendarYear": "1985",
    "period": "FY",
    "revenue": 5056600000,
    "costOfRevenue": 4012000000,
    "grossProfit": 1044600000,
    "grossProfitRatio": 0.2065814974,
    "researchAndDevelopmentExpenses": 0,
    "generalAndAdministrativeExpenses": 0,
    "sellingAndMarketingExpenses": 0,
    "sellingGeneralAndAdministrativeExpenses": 543400000,
    "otherExpenses": 193400000,
    "operatingExpenses": 736800000,
    "costAndExpenses": 4748800000,
    "interestIncome": 0,
    "interestExpense": 0,
    "depreciationAndAmortization": 193400000,
    "ebitda": 501200000,
    "ebitdaratio": 0.0991179844,
    "operatingIncome": 307800000,
    "operatingIncomeRatio": 0.0608709409,
    "totalOtherIncomeExpensesNet": 40300000,
    "incomeBeforeTax": 348100000,
    "incomeBeforeTaxRatio": 0.068840723,
    "incomeTaxExpense": 133700000,
    "netIncome": 214400000,
    "netIncomeRatio": 0.0424000316,
    "eps": 2.32,
    "epsdiluted": 2.32,
    "weightedAverageShsOut": 92613391,
    "weightedAverageShsOutDil": 92613391,
    "link": "",
    "finalLink": ""
  }
]