[
  {
    "date": "2025-06-30",
    "symbol": "NRG",
    "reportedCurrency": "USD",
    "cik": "0001013871",
    "fillingDate": "2025-08-06",
    "acceptedDate": "2025-08-06 16:01:22",
    "calendarYear": "2025",
    "period": "Q2",
    "revenue": 6740000000,
    "costOfRevenue": 5629000000,
    "grossProfit": 1111000000,
    "grossProfitRatio": 0.1648367953,
    "researchAndDevelopmentExpenses": 0,
    "generalAndAdministrativeExpenses": 0,
    "sellingAndMarketingExpenses": 0,
    "sellingGeneralAndAdministrativeExpenses": 724000000,
    "otherExpenses": 344000000,
    "operatingExpenses": 1068000000,
    "costAndExpenses": 6697000000,
    "interestIncome": 0,
    "interestExpense": 143000000,
    "depreciationAndAmortization": 344000000,
    "ebitda": 339000000,
    "ebitdaratio": 0.0502967359,
    "operatingIncome": 43000000,
    "operatingIncomeRatio": 0.006379822,
    "totalOtherIncomeExpensesNet": -196000000,
    "incomeBeforeTax": -153000000,
    "incomeBeforeTaxRatio": -0.0227002967,
    "incomeTaxExpense": -49000000,
    "netIncome": -104000000,
    "netIncomeRatio": -0.0154302671,
    "eps": -0.62,
    "epsdiluted": -0.62,
    "weightedAverageShsOut": 196000000,
    "weightedAverageShsOutDil": 196000000,
    "link": "https://www.sec.gov/Archives/edgar/data/1013871/000101387125000020/0001013871-25-000020-index.htm",
    "finalLink": "https://www.sec.gov/Archives/edgar/data/1013871/000101387125000020/nrg-20250630.htm"
  },
  {
    "date": "2025-03-31",
    "symbol": "NRG",
    "reportedCurrency": "USD",
    "cik": "0001013871",
    "fillingDate": "2025-05-12",
    "acceptedDate": "2025-05-12 16:21:36",
    "calendarYear": "2025",
    "period": "Q1",
    "revenue": 8585000000,
    "costOfRevenue": 6561000000,
    "grossProfit": 2024000000,
    "grossProfitRatio": 0.2357600466,
    "researchAndDevelopmentExpenses": 0,
    "generalAndAdministrativeExpenses": 0,
    "sellingAndMarketingExpenses": 0,
    "sellingGeneralAndAdministrativeExpenses": 549000000,
    "otherExpenses": 341000000,
    "operatingExpenses": 890000000,
    "costAndExpenses": 7451000000,
    "interestIncome": 0,
    "interestExpense": 163000000,
    "depreciationAndAmortization": 326000000,
    "ebitda": 1474000000,
    "ebitdaratio": 0.1716948165,
    "operatingIncome": 1134000000,
    "operatingIncomeRatio": 0.1320908561,
    "totalOtherIncomeExpensesNet": -149000000,
    "incomeBeforeTax": 985000000,
    "incomeBeforeTaxRatio": 0.1147350029,
    "incomeTaxExpense": 235000000,
    "netIncome": 750000000,
    "netIncomeRatio": 0.0873616773,
    "eps": 3.7,
    "epsdiluted": 3.61,
    "weightedAverageShsOut": 198000000,
    "weightedAverageShsOutDil": 203000000,
    "link": "https://www.sec.gov/Archives/edgar/data/1013871/000101387125000013/0001013871-25-000013-index.htm",
    "finalLink": "https://www.sec.gov/Archives/edgar/data/1013871/000101387125000013/nrg-20250331.htm"
  },
  {
    "date": "2024-12-31",
    "symbol": "NRG",
    "reportedCurrency": "USD",
    "cik": "0001013871",
    "fillingDate": "2025-02-26",
    "acceptedDate": "2025-02-26 15:36:57",
    "calendarYear": "2024",
    "period": "Q4",
    "revenue": 6819000000,
    "costOfRevenue": 4871000000,
    "grossProfit": 1948000000,
    "grossProfitRatio": 0.285672386,
    "researchAndDevelopmentExpenses": 0,
    "generalAndAdministrativeExpenses": 0,
    "sellingAndMarketingExpenses": 0,
    "sellingGeneralAndAdministrativeExpenses": 292000000,
    "otherExpenses": 702000000,
    "operatingExpenses": 994000000,
    "costAndExpenses": 5865000000,
    "interestIncome": 0,
    "interestExpense": 123000000,
    "depreciationAndAmortization": 358000000,
    "ebitda": 1196000000,
    "ebitdaratio": 0.1753922863,
    "operatingIncome": 954000000,
    "operatingIncomeRatio": 0.1399032116,
    "totalOtherIncomeExpensesNet": -239000000,
    "incomeBeforeTax": 715000000,
    "incomeBeforeTaxRatio": 0.1048540842,
    "incomeTaxExpense": 72000000,
    "netIncome": 643000000,
    "netIncomeRatio": 0.0942953512,
    "eps": 0,
    "epsdiluted": 0,
    "weightedAverageShsOut": 206500000,
    "weightedAverageShsOutDil": 209500000,
    "link": "https://www.sec.gov/Archives/edgar/data/1013871/000101387125000006/0001013871-25-000006-index.htm",
    "finalLink": "https://www.sec.gov/Archives/edgar/data/1013871/000101387125000006/nrg-20241231.htm"
  },
  {
    "date": "2024-09-30",
    "symbol": "NRG",
    "reportedCurrency": "USD",
    "cik": "0001013871",
    "fillingDate": "2024-11-08",
    "acceptedDate": "2024-11-08 15:40:30",
    "calendarYear": "2024",
    "period": "Q3",
    "revenue": 7223000000,
    "costOfRevenue": 7239000000,
    "grossProfit": -16000000,
    "grossProfitRatio": -0.0022151461,
    "researchAndDevelopmentExpenses": 0,
    "generalAndAdministrativeExpenses": 0,
    "sellingAndMarketingExpenses": 0,
    "sellingGeneralAndAdministrativeExpenses": 645000000,
    "otherExpenses": 151000000,
    "operatingExpenses": 796000000,
    "costAndExpenses": 8035000000,
    "interestIncome": 0,
    "interestExpense": 213000000,
    "depreciationAndAmortization": 352000000,
    "ebitda": -449000000,
    "ebitdaratio": -0.0621625363,
    "operatingIncome": -812000000,
    "operatingIncomeRatio": -0.1124186626,
    "totalOtherIncomeExpensesNet": -202000000,
    "incomeBeforeTax": -1014000000,
    "incomeBeforeTaxRatio": -0.1403848816,
    "incomeTaxExpense": -247000000,
    "netIncome": -767000000,
    "netIncomeRatio": -0.1061885643,
    "eps": -3.79,
    "epsdiluted": -3.79,
    "weightedAverageShsOut": 207000000,
    "weightedAverageShsOutDil": 207000000,
    "link": "https://www.sec.gov/Archives/edgar/data/1013871/000101387124000020/0001013871-24-000020-index.htm",
    "finalLink": "https://www.sec.gov/Archives/edgar/data/1013871/000101387124000020/nrg-20240930.htm"
  },
  {
    "date": "2024-06-30",
    "symbol": "NRG",
    "reportedCurrency": "USD",
    "cik": "0001013871",
    "fillingDate": "2024-08-08",
    "acceptedDate": "2024-08-08 15:33:50",
    "calendarYear": "2024",
    "period": "Q2",
    "revenue": 6659000000,
    "costOfRevenue": 4328000000,
    "grossProfit": 2331000000,
    "grossProfitRatio": 0.3500525604,
    "researchAndDevelopmentExpenses": 0,
    "generalAndAdministrativeExpenses": 0,
    "sellingAndMarketingExpenses": 0,
    "sellingGeneralAndAdministrativeExpenses": 545000000,
    "otherExpenses": 376000000,
    "operatingExpenses": 921000000,
    "costAndExpenses": 5249000000,
    "interestIncome": 0,
    "interestExpense": 163000000,
    "depreciationAndAmortization": 360000000,
    "ebitda": 1575000000,
    "ebitdaratio": 0.2365220003,
    "operatingIncome": 1410000000,
    "operatingIncomeRatio": 0.211743505,
    "totalOtherIncomeExpensesNet": -358000000,
    "incomeBeforeTax": 1052000000,
    "incomeBeforeTaxRatio": 0.1579816789,
    "incomeTaxExpense": 314000000,
    "netIncome": 738000000,
    "netIncomeRatio": 0.1108274516,
    "eps": 3.47,
    "epsdiluted": 3.37,
    "weightedAverageShsOut": 208000000,
    "weightedAverageShsOutDil": 214000000,
    "link": "https://www.sec.gov/Archives/edgar/data/1013871/000101387124000015/0001013871-24-000015-index.htm",
    "finalLink": "https://www.sec.gov/Archives/edgar/data/1013871/000101387124000015/nrg-20240630.htm"
  },
  {
    "date": "2024-03-31",
    "symbol": "NRG",
    "reportedCurrency": "USD",
    "cik": "0001013871",
    "fillingDate": "2024-05-07",
    "acceptedDate": "2024-05-07 15:06:17",
    "calendarYear": "2024",
    "period": "Q1",
    "revenue": 7429000000,
    "costOfRevenue": 5662000000,
    "grossProfit": 1767000000,
    "grossProfitRatio": 0.2378516624,
    "researchAndDevelopmentExpenses": 0,
    "generalAndAdministrativeExpenses": 0,
    "sellingAndMarketingExpenses": 0,
    "sellingGeneralAndAdministrativeExpenses": 549000000,
    "otherExpenses": 346000000,
    "operatingExpenses": 895000000,
    "costAndExpenses": 6557000000,
    "interestIncome": 0,
    "interestExpense": 152000000,
    "depreciationAndAmortization": 333000000,
    "ebitda": 1180000000,
    "ebitdaratio": 0.1588369902,
    "operatingIncome": 872000000,
    "operatingIncomeRatio": 0.1173778436,
    "totalOtherIncomeExpensesNet": -177000000,
    "incomeBeforeTax": 695000000,
    "incomeBeforeTaxRatio": 0.0935522951,
    "incomeTaxExpense": 184000000,
    "netIncome": 511000000,
    "netIncomeRatio": 0.0687844932,
    "eps": 2.36,
    "epsdiluted": 2.31,
    "weightedAverageShsOut": 209000000,
    "weightedAverageShsOutDil": 214000000,
    "link": "https://www.sec.gov/Archives/edgar/data/1013871/000101387124000010/0001013871-24-000010-index.htm",
    "finalLink": "https://www.sec.gov/Archives/edgar/data/1013871/000101387124000010/nrg-20240331.htm"
  },
  {
    "date": "2023-12-31",
    "symbol": "NRG",
    "reportedCurrency": "USD",
    "cik": "0001013871",
    "fillingDate": "2024-02-28",
    "acceptedDate": "2024-02-28 16:20:44",
    "calendarYear": "2023",
    "period": "Q4",
    "revenue": 6807000000,
    "costOfRevenue": 6365000000,
    "grossProfit": 442000000,
    "grossProfitRatio": 0.064933157,
    "researchAndDevelopmentExpenses": 0,
    "generalAndAdministrativeExpenses": 0,
    "sellingAndMarketingExpenses": 0,
    "sellingGeneralAndAdministrativeExpenses": 382000000,
    "otherExpenses": -777000000,
    "operatingExpenses": -395000000,
    "costAndExpenses": 5970000000,
    "interestIncome": 0,
    "interestExpense": 195000000,
    "depreciationAndAmortization": 319000000,
    "ebitda": 1167000000,
    "ebitdaratio": 0.1714411635,
    "operatingIncome": 837000000,
    "operatingIncomeRatio": 0.1229616571,
    "totalOtherIncomeExpensesNet": -184000000,
    "incomeBeforeTax": 653000000,
    "incomeBeforeTaxRatio": 0.0959306596,
    "incomeTaxExpense": 171000000,
    "netIncome": 482000000,
    "netIncomeRatio": 0.0708094608,
    "eps": 0,
    "epsdiluted": 0,
    "weightedAverageShsOut": 222000000,
    "weightedAverageShsOutDil": 222000000,
    "link": "https://www.sec.gov/Archives/edgar/data/1013871/000101387124000005/0001013871-24-000005-index.htm",
    "finalLink": "https://www.sec.gov/Archives/edgar/data/1013871/000101387124000005/nrg-20231231.htm"
  },
  {
    "date": "2023-09-30",
    "symbol": "NRG",
    "reportedCurrency": "USD",
    "cik": "0001013871",
    "fillingDate": "2023-11-02",
    "acceptedDate": "2023-11-02 16:10:13",
    "calendarYear": "2023",
    "period": "Q3",
    "revenue": 7946000000,
    "costOfRevenue": 6406000000,
    "grossProfit": 1540000000,
    "grossProfitRatio": 0.1938082054,
    "researchAndDevelopmentExpenses": 0,
    "generalAndAdministrativeExpenses": 0,
    "sellingAndMarketingExpenses": 0,
    "sellingGeneralAndAdministrativeExpenses": 602000000,
    "otherExpenses": 377000000,
    "operatingExpenses": 979000000,
    "costAndExpenses": 7385000000,
    "interestIncome": 0,
    "interestExpense": 173000000,
    "depreciationAndAmortization": 445000000,
    "ebitda": 1026000000,
    "ebitdaratio": 0.1291215706,
    "operatingIncome": 561000000,
    "operatingIncomeRatio": 0.0706015605,
    "totalOtherIncomeExpensesNet": -153000000,
    "incomeBeforeTax": 408000000,
    "incomeBeforeTaxRatio": 0.0513465895,
    "incomeTaxExpense": 65000000,
    "netIncome": 343000000,
    "netIncomeRatio": 0.043166373,
    "eps": 1.42,
    "epsdiluted": 1.41,
    "weightedAverageShsOut": 230000000,
    "weightedAverageShsOutDil": 232000000,
    "link": "https://www.sec.gov/Archives/edgar/data/1013871/000101387123000022/0001013871-23-000022-index.htm",
    "finalLink": "https://www.sec.gov/Archives/edgar/data/1013871/000101387123000022/nrg-20230930.htm"
  },
  {
    "date": "2023-06-30",
    "symbol": "NRG",
    "reportedCurrency": "USD",
    "cik": "0001013871",
    "fillingDate": "2023-08-08",
    "acceptedDate": "2023-08-08 16:05:33",
    "calendarYear": "2023",
    "period": "Q2",
    "revenue": 6348000000,
    "costOfRevenue": 4962000000,
    "grossProfit": 1386000000,
    "grossProfitRatio": 0.2183364839,
    "researchAndDevelopmentExpenses": 0,
    "generalAndAdministrativeExpenses": 0,
    "sellingAndMarketingExpenses": 0,
    "sellingGeneralAndAdministrativeExpenses": 522000000,
    "otherExpenses": 334000000,
    "operatingExpenses": 856000000,
    "costAndExpenses": 5818000000,
    "interestIncome": 0,
    "interestExpense": 151000000,
    "depreciationAndAmortization": 328000000,
    "ebitda": 876000000,
    "ebitdaratio": 0.1379962193,
    "operatingIncome": 530000000,
    "operatingIncomeRatio": 0.0834908633,
    "totalOtherIncomeExpensesNet": -133000000,
    "incomeBeforeTax": 397000000,
    "incomeBeforeTaxRatio": 0.0625393825,
    "incomeTaxExpense": 89000000,
    "netIncome": 308000000,
    "netIncomeRatio": 0.0485192187,
    "eps": 1.26,
    "epsdiluted": 1.25,
    "weightedAverageShsOut": 231000000,
    "weightedAverageShsOutDil": 232000000,
    "link": "https://www.sec.gov/Archives/edgar/data/1013871/000101387123000017/0001013871-23-000017-index.htm",
    "finalLink": "https://www.sec.gov/Archives/edgar/data/1013871/000101387123000017/nrg-20230630.htm"
  },
  {
    "date": "2023-03-31",
    "symbol": "NRG",
    "reportedCurrency": "USD",
    "cik": "0001013871",
    "fillingDate": "2023-05-04",
    "acceptedDate": "2023-05-04 15:53:26",
    "calendarYear": "2023",
    "period": "Q1",
    "revenue": 7722000000,
    "costOfRevenue": 8778000000,
    "grossProfit": -1056000000,
    "grossProfitRatio": -0.1367521368,
    "researchAndDevelopmentExpenses": 0,
    "generalAndAdministrativeExpenses": 0,
    "sellingAndMarketingExpenses": 0,
    "sellingGeneralAndAdministrativeExpenses": 426000000,
    "otherExpenses": 62000000,
    "operatingExpenses": 488000000,
    "costAndExpenses": 9266000000,
    "interestIncome": 0,
    "interestExpense": 148000000,
    "depreciationAndAmortization": 203000000,
    "ebitda": -1320000000,
    "ebitdaratio": -0.1709401709,
    "operatingIncome": -1544000000,
    "operatingIncomeRatio": -0.1999481999,
    "totalOtherIncomeExpensesNet": -127000000,
    "incomeBeforeTax": -1671000000,
    "incomeBeforeTaxRatio": -0.2163947164,
    "incomeTaxExpense": -336000000,
    "netIncome": -1335000000,
    "netIncomeRatio": -0.1728826729,
    "eps": -5.82,
    "epsdiluted": -5.82,
    "weightedAverageShsOut": 230000000,
    "weightedAverageShsOutDil": 230000000,
    "link": "https://www.sec.gov/Archives/edgar/data/1013871/000101387123000012/0001013871-23-000012-index.htm",
    "finalLink": "https://www.sec.gov/Archives/edgar/data/1013871/000101387123000012/nrg-20230331.htm"
  },
  {
    "date": "2022-12-31",
    "symbol": "NRG",
    "reportedCurrency": "USD",
    "cik": "0001013871",
    "fillingDate": "2023-02-23",
    "acceptedDate": "2023-02-23 17:21:44",
    "calendarYear": "2022",
    "period": "Q4",
    "revenue": 7855000000,
    "costOfRevenue": 8827000000,
    "grossProfit": -972000000,
    "grossProfitRatio": -0.123742839,
    "researchAndDevelopmentExpenses": 0,
    "generalAndAdministrativeExpenses": 0,
    "sellingAndMarketingExpenses": 0,
    "sellingGeneralAndAdministrativeExpenses": 255000000,
    "otherExpenses": 90000000,
    "operatingExpenses": 345000000,
    "costAndExpenses": 9172000000,
    "interestIncome": 0,
    "interestExpense": 104000000,
    "depreciationAndAmortization": 161000000,
    "ebitda": -1127000000,
    "ebitdaratio": -0.1434754933,
    "operatingIncome": -1317000000,
    "operatingIncomeRatio": -0.1676639083,
    "totalOtherIncomeExpensesNet": -75000000,
    "incomeBeforeTax": -1392000000,
    "incomeBeforeTaxRatio": -0.1772119669,
    "incomeTaxExpense": -297000000,
    "netIncome": -1095000000,
    "netIncomeRatio": -0.139401655,
    "eps": 0,
    "epsdiluted": 0,
    "weightedAverageShsOut": 229561030,
    "weightedAverageShsOutDil": 229561030,
    "link": "https://www.sec.gov/Archives/edgar/data/1013871/000101387123000004/0001013871-23-000004-index.htm",
    "finalLink": "https://www.sec.gov/Archives/edgar/data/1013871/000101387123000004/nrg-20221231.htm"
  },
  {
    "date": "2022-09-30",
    "symbol": "NRG",
    "reportedCurrency": "USD",
    "cik": "0001013871",
    "fillingDate": "2022-11-07",
    "acceptedDate": "2022-11-07 17:08:41",
    "calendarYear": "2022",
    "period": "Q3",
    "revenue": 8510000000,
    "costOfRevenue": 7802000000,
    "grossProfit": 708000000,
    "grossProfitRatio": 0.0831962397,
    "researchAndDevelopmentExpenses": 0,
    "generalAndAdministrativeExpenses": 0,
    "sellingAndMarketingExpenses": 0,
    "sellingGeneralAndAdministrativeExpenses": 378000000,
    "otherExpenses": 174000000,
    "operatingExpenses": 552000000,
    "costAndExpenses": 8354000000,
    "interestIncome": 0,
    "interestExpense": 105000000,
    "depreciationAndAmortization": 159000000,
    "ebitda": 347000000,
    "ebitdaratio": 0.0407755582,
    "operatingIncome": 156000000,
    "operatingIncomeRatio": 0.0183313749,
    "totalOtherIncomeExpensesNet": -73000000,
    "incomeBeforeTax": 83000000,
    "incomeBeforeTaxRatio": 0.0097532315,
    "incomeTaxExpense": 16000000,
    "netIncome": 67000000,
    "netIncomeRatio": 0.0078730905,
    "eps": 0.29,
    "epsdiluted": 0.29,
    "weightedAverageShsOut": 235000000,
    "weightedAverageShsOutDil": 235000000,
    "link": "https://www.sec.gov/Archives/edgar/data/1013871/000101387122000027/0001013871-22-000027-index.htm",
    "finalLink": "https://www.sec.gov/Archives/edgar/data/1013871/000101387122000027/nrg-20220930.htm"
  },
  {
    "date": "2022-06-30",
    "symbol": "NRG",
    "reportedCurrency": "USD",
    "cik": "0001013871",
    "fillingDate": "2022-08-04",
    "acceptedDate": "2022-08-04 16:47:40",
    "calendarYear": "2022",
    "period": "Q2",
    "revenue": 7282000000,
    "costOfRevenue": 5887000000,
    "grossProfit": 1395000000,
    "grossProfitRatio": 0.1915682505,
    "researchAndDevelopmentExpenses": 0,
    "generalAndAdministrativeExpenses": 0,
    "sellingAndMarketingExpenses": 0,
    "sellingGeneralAndAdministrativeExpenses": 351000000,
    "otherExpenses": 290000000,
    "operatingExpenses": 641000000,
    "costAndExpenses": 6528000000,
    "interestIncome": 0,
    "interestExpense": 105000000,
    "depreciationAndAmortization": 171000000,
    "ebitda": 941000000,
    "ebitdaratio": 0.129222741,
    "operatingIncome": 754000000,
    "operatingIncomeRatio": 0.1035429827,
    "totalOtherIncomeExpensesNet": -89000000,
    "incomeBeforeTax": 665000000,
    "incomeBeforeTaxRatio": 0.0913210656,
    "incomeTaxExpense": 152000000,
    "netIncome": 513000000,
    "netIncomeRatio": 0.0704476792,
    "eps": 2.16,
    "epsdiluted": 2.16,
    "weightedAverageShsOut": 237000000,
    "weightedAverageShsOutDil": 237000000,
    "link": "https://www.sec.gov/Archives/edgar/data/1013871/000101387122000022/0001013871-22-000022-index.htm",
    "finalLink": "https://www.sec.gov/Archives/edgar/data/1013871/000101387122000022/nrg-20220630.htm"
  },
  {
    "date": "2022-03-31",
    "symbol": "NRG",
    "reportedCurrency": "USD",
    "cik": "0001013871",
    "fillingDate": "2022-05-06",
    "acceptedDate": "2022-05-06 16:06:36",
    "calendarYear": "2022",
    "period": "Q1",
    "revenue": 7896000000,
    "costOfRevenue": 4930000000,
    "grossProfit": 2966000000,
    "grossProfitRatio": 0.375633232,
    "researchAndDevelopmentExpenses": 0,
    "generalAndAdministrativeExpenses": 0,
    "sellingAndMarketingExpenses": 0,
    "sellingGeneralAndAdministrativeExpenses": 347000000,
    "otherExpenses": 194000000,
    "operatingExpenses": 541000000,
    "costAndExpenses": 5471000000,
    "interestIncome": 0,
    "interestExpense": 103000000,
    "depreciationAndAmortization": 197000000,
    "ebitda": 2607000000,
    "ebitdaratio": 0.3301671733,
    "operatingIncome": 2425000000,
    "operatingIncomeRatio": 0.3071175279,
    "totalOtherIncomeExpensesNet": -118000000,
    "incomeBeforeTax": 2307000000,
    "incomeBeforeTaxRatio": 0.2921732523,
    "incomeTaxExpense": 571000000,
    "netIncome": 1736000000,
    "netIncomeRatio": 0.219858156,
    "eps": 7.17,
    "epsdiluted": 7.17,
    "weightedAverageShsOut": 242000000,
    "weightedAverageShsOutDil": 242000000,
    "link": "https://www.sec.gov/Archives/edgar/data/1013871/000101387122000016/0001013871-22-000016-index.htm",
    "finalLink": "https://www.sec.gov/Archives/edgar/data/1013871/000101387122000016/nrg-20220331.htm"
  },
  {
    "date": "2021-12-31",
    "symbol": "NRG",
    "reportedCurrency": "USD",
    "cik": "0001013871",
    "fillingDate": "2022-02-24",
    "acceptedDate": "2022-02-24 17:12:47",
    "calendarYear": "2021",
    "period": "Q4",
    "revenue": 7046000000,
    "costOfRevenue": 6986000000,
    "grossProfit": 60000000,
    "grossProfitRatio": 0.0085154698,
    "researchAndDevelopmentExpenses": 0,
    "generalAndAdministrativeExpenses": 0,
    "sellingAndMarketingExpenses": 0,
    "sellingGeneralAndAdministrativeExpenses": 320000000,
    "otherExpenses": 219000000,
    "operatingExpenses": 539000000,
    "costAndExpenses": 7525000000,
    "interestIncome": 0,
    "interestExpense": 111000000,
    "depreciationAndAmortization": 334000000,
    "ebitda": -150000000,
    "ebitdaratio": -0.0212886744,
    "operatingIncome": -479000000,
    "operatingIncomeRatio": -0.0679818337,
    "totalOtherIncomeExpensesNet": -116000000,
    "incomeBeforeTax": -595000000,
    "incomeBeforeTaxRatio": -0.0844450752,
    "incomeTaxExpense": -168000000,
    "netIncome": -427000000,
    "netIncomeRatio": -0.0606017599,
    "eps": 0,
    "epsdiluted": 0,
    "weightedAverageShsOut": 243753899,
    "weightedAverageShsOutDil": 245000000,
    "link": "https://www.sec.gov/Archives/edgar/data/1013871/000101387122000010/0001013871-22-000010-index.htm",
    "finalLink": "https://www.sec.gov/Archives/edgar/data/1013871/000101387122000010/nrg-20211231.htm"
  },
  {
    "date": "2021-09-30",
    "symbol": "NRG",
    "reportedCurrency": "USD",
    "cik": "0001013871",
    "fillingDate": "2021-11-04",
    "acceptedDate": "2021-11-04 16:46:14",
    "calendarYear": "2021",
    "period": "Q3",
    "revenue": 6609000000,
    "costOfRevenue": 3692000000,
    "grossProfit": 2917000000,
    "grossProfitRatio": 0.4413678317,
    "researchAndDevelopmentExpenses": 0,
    "generalAndAdministrativeExpenses": 0,
    "sellingAndMarketingExpenses": 0,
    "sellingGeneralAndAdministrativeExpenses": 318000000,
    "otherExpenses": 280000000,
    "operatingExpenses": 598000000,
    "costAndExpenses": 4290000000,
    "interestIncome": 0,
    "interestExpense": 122000000,
    "depreciationAndAmortization": 223000000,
    "ebitda": 2508000000,
    "ebitdaratio": 0.3794825238,
    "operatingIncome": 2319000000,
    "operatingIncomeRatio": 0.3508851566,
    "totalOtherIncomeExpensesNet": -156000000,
    "incomeBeforeTax": 2163000000,
    "incomeBeforeTaxRatio": 0.3272809805,
    "incomeTaxExpense": 545000000,
    "netIncome": 1618000000,
    "netIncomeRatio": 0.2448176729,
    "eps": 6.6,
    "epsdiluted": 6.6,
    "weightedAverageShsOut": 245000000,
    "weightedAverageShsOutDil": 245000000,
    "link": "https://www.sec.gov/Archives/edgar/data/1013871/000101387121000022/0001013871-21-000022-index.htm",
    "finalLink": "https://www.sec.gov/Archives/edgar/data/1013871/000101387121000022/nrg-20210930.htm"
  },
  {
    "date": "2021-06-30",
    "symbol": "NRG",
    "reportedCurrency": "USD",
    "cik": "0001013871",
    "fillingDate": "2021-08-05",
    "acceptedDate": "2021-08-05 16:39:13",
    "calendarYear": "2021",
    "period": "Q2",
    "revenue": 5243000000,
    "costOfRevenue": 2948000000,
    "grossProfit": 2295000000,
    "grossProfitRatio": 0.4377264925,
    "researchAndDevelopmentExpenses": 0,
    "generalAndAdministrativeExpenses": 0,
    "sellingAndMarketingExpenses": 0,
    "sellingGeneralAndAdministrativeExpenses": 317000000,
    "otherExpenses": 421000000,
    "operatingExpenses": 738000000,
    "costAndExpenses": 3686000000,
    "interestIncome": 0,
    "interestExpense": 125000000,
    "depreciationAndAmortization": 166000000,
    "ebitda": 1749000000,
    "ebitdaratio": 0.3335876407,
    "operatingIncome": 1557000000,
    "operatingIncomeRatio": 0.2969673851,
    "totalOtherIncomeExpensesNet": -99000000,
    "incomeBeforeTax": 1458000000,
    "incomeBeforeTaxRatio": 0.2780850658,
    "incomeTaxExpense": 380000000,
    "netIncome": 1078000000,
    "netIncomeRatio": 0.2056074766,
    "eps": 4.4,
    "epsdiluted": 4.4,
    "weightedAverageShsOut": 244999999,
    "weightedAverageShsOutDil": 245000000,
    "link": "https://www.sec.gov/Archives/edgar/data/1013871/000101387121000016/0001013871-21-000016-index.htm",
    "finalLink": "https://www.sec.gov/Archives/edgar/data/1013871/000101387121000016/nrg-20210630.htm"
  },
  {
    "date": "2021-03-31",
    "symbol": "NRG",
    "reportedCurrency": "USD",
    "cik": "0001013871",
    "fillingDate": "2021-05-06",
    "acceptedDate": "2021-05-06 15:52:19",
    "calendarYear": "2021",
    "period": "Q1",
    "revenue": 8091000000,
    "costOfRevenue": 6857000000,
    "grossProfit": 1234000000,
    "grossProfitRatio": 0.1525151403,
    "researchAndDevelopmentExpenses": 0,
    "generalAndAdministrativeExpenses": 0,
    "sellingAndMarketingExpenses": 0,
    "sellingGeneralAndAdministrativeExpenses": 337000000,
    "otherExpenses": 953000000,
    "operatingExpenses": 1290000000,
    "costAndExpenses": 8147000000,
    "interestIncome": 0,
    "interestExpense": 127000000,
    "depreciationAndAmortization": 337000000,
    "ebitda": 297000000,
    "ebitdaratio": 0.0367074527,
    "operatingIncome": -56000000,
    "operatingIncomeRatio": -0.0069212705,
    "totalOtherIncomeExpensesNet": -111000000,
    "incomeBeforeTax": -167000000,
    "incomeBeforeTaxRatio": -0.0206402175,
    "incomeTaxExpense": -85000000,
    "netIncome": -82000000,
    "netIncomeRatio": -0.0101347176,
    "eps": -0.33,
    "epsdiluted": -0.33,
    "weightedAverageShsOut": 245000000,
    "weightedAverageShsOutDil": 245000000,
    "link": "https://www.sec.gov/Archives/edgar/data/1013871/000101387121000010/0001013871-21-000010-index.htm",
    "finalLink": "https://www.sec.gov/Archives/edgar/data/1013871/000101387121000010/nrg-20210331.htm"
  },
  {
    "date": "2020-12-31",
    "symbol": "NRG",
    "reportedCurrency": "USD",
    "cik": "0001013871",
    "fillingDate": "2021-03-01",
    "acceptedDate": "2021-03-01 16:28:03",
    "calendarYear": "2020",
    "period": "Q4",
    "revenue": 2027000000,
    "costOfRevenue": 1615000000,
    "grossProfit": 412000000,
    "grossProfitRatio": 0.2032560434,
    "researchAndDevelopmentExpenses": 2000000,
    "generalAndAdministrativeExpenses": 0,
    "sellingAndMarketingExpenses": 0,
    "sellingGeneralAndAdministrativeExpenses": 263000000,
    "otherExpenses": 163000000,
    "operatingExpenses": 428000000,
    "costAndExpenses": 2043000000,
    "interestIncome": 0,
    "interestExpense": 109000000,
    "depreciationAndAmortization": 141000000,
    "ebitda": 112000000,
    "ebitdaratio": 0.0552540701,
    "operatingIncome": -16000000,
    "operatingIncomeRatio": -0.0078934386,
    "totalOtherIncomeExpensesNet": -122000000,
    "incomeBeforeTax": -138000000,
    "incomeBeforeTaxRatio": -0.0680809077,
    "incomeTaxExpense": 35000000,
    "netIncome": -173000000,
    "netIncomeRatio": -0.0853478046,
    "eps": 0,
    "epsdiluted": 0,
    "weightedAverageShsOut": 242000000,
    "weightedAverageShsOutDil": 244000000,
    "link": "https://www.sec.gov/Archives/edgar/data/1013871/000101387121000005/0001013871-21-000005-index.htm",
    "finalLink": "https://www.sec.gov/Archives/edgar/data/1013871/000101387121000005/nrg-20201231.htm"
  },
  {
    "date": "2020-09-30",
    "symbol": "NRG",
    "reportedCurrency": "USD",
    "cik": "0001013871",
    "fillingDate": "2020-11-05",
    "acceptedDate": "2020-11-05 17:00:59",
    "calendarYear": "2020",
    "period": "Q3",
    "revenue": 2809000000,
    "costOfRevenue": 2034000000,
    "grossProfit": 775000000,
    "grossProfitRatio": 0.2758988964,
    "researchAndDevelopmentExpenses": 1000000,
    "generalAndAdministrativeExpenses": 0,
    "sellingAndMarketingExpenses": 0,
    "sellingGeneralAndAdministrativeExpenses": 216000000,
    "otherExpenses": 165000000,
    "operatingExpenses": 382000000,
    "costAndExpenses": 2416000000,
    "interestIncome": 0,
    "interestExpense": 99000000,
    "depreciationAndAmortization": 169000000,
    "ebitda": 609000000,
    "ebitdaratio": 0.2168031328,
    "operatingIncome": 393000000,
    "operatingIncomeRatio": 0.1399074404,
    "totalOtherIncomeExpensesNet": -52000000,
    "incomeBeforeTax": 341000000,
    "incomeBeforeTaxRatio": 0.1213955144,
    "incomeTaxExpense": 92000000,
    "netIncome": 249000000,
    "netIncomeRatio": 0.0886436454,
    "eps": 1.02,
    "epsdiluted": 1.02,
    "weightedAverageShsOut": 244000000,
    "weightedAverageShsOutDil": 245000000,
    "link": "https://www.sec.gov/Archives/edgar/data/1013871/000101387120000040/0001013871-20-000040-index.htm",
    "finalLink": "https://www.sec.gov/Archives/edgar/data/1013871/000101387120000040/nrg-20200930.htm"
  },
  {
    "date": "2020-06-30",
    "symbol": "NRG",
    "reportedCurrency": "USD",
    "cik": "0001013871",
    "fillingDate": "2020-08-06",
    "acceptedDate": "2020-08-06 15:58:45",
    "calendarYear": "2020",
    "period": "Q2",
    "revenue": 2238000000,
    "costOfRevenue": 1434000000,
    "grossProfit": 804000000,
    "grossProfitRatio": 0.3592493298,
    "researchAndDevelopmentExpenses": 2000000,
    "generalAndAdministrativeExpenses": 0,
    "sellingAndMarketingExpenses": 0,
    "sellingGeneralAndAdministrativeExpenses": 186000000,
    "otherExpenses": 132000000,
    "operatingExpenses": 320000000,
    "costAndExpenses": 1754000000,
    "interestIncome": 0,
    "interestExpense": 96000000,
    "depreciationAndAmortization": 148000000,
    "ebitda": 658000000,
    "ebitdaratio": 0.2940125112,
    "operatingIncome": 484000000,
    "operatingIncomeRatio": 0.2162645219,
    "totalOtherIncomeExpensesNet": -70000000,
    "incomeBeforeTax": 414000000,
    "incomeBeforeTaxRatio": 0.1849865952,
    "incomeTaxExpense": 101000000,
    "netIncome": 313000000,
    "netIncomeRatio": 0.1398570152,
    "eps": 1.28,
    "epsdiluted": 1.27,
    "weightedAverageShsOut": 245000000,
    "weightedAverageShsOutDil": 246000000,
    "link": "https://www.sec.gov/Archives/edgar/data/1013871/000101387120000034/0001013871-20-000034-index.htm",
    "finalLink": "https://www.sec.gov/Archives/edgar/data/1013871/000101387120000034/nrg-20200630.htm"
  },
  {
    "date": "2020-03-31",
    "symbol": "NRG",
    "reportedCurrency": "USD",
    "cik": "0001013871",
    "fillingDate": "2020-05-07",
    "acceptedDate": "2020-05-07 15:44:25",
    "calendarYear": "2020",
    "period": "Q1",
    "revenue": 2019000000,
    "costOfRevenue": 1457000000,
    "grossProfit": 562000000,
    "grossProfitRatio": 0.2783556216,
    "researchAndDevelopmentExpenses": 3000000,
    "generalAndAdministrativeExpenses": 0,
    "sellingAndMarketingExpenses": 0,
    "sellingGeneralAndAdministrativeExpenses": 190000000,
    "otherExpenses": 125000000,
    "operatingExpenses": 318000000,
    "costAndExpenses": 1775000000,
    "interestIncome": 0,
    "interestExpense": 98000000,
    "depreciationAndAmortization": 129000000,
    "ebitda": 371000000,
    "ebitdaratio": 0.1837543338,
    "operatingIncome": 244000000,
    "operatingIncomeRatio": 0.1208519069,
    "totalOtherIncomeExpensesNet": -100000000,
    "incomeBeforeTax": 144000000,
    "incomeBeforeTaxRatio": 0.0713224368,
    "incomeTaxExpense": 23000000,
    "netIncome": 121000000,
    "netIncomeRatio": 0.0599306587,
    "eps": 0.49,
    "epsdiluted": 0.49,
    "weightedAverageShsOut": 248000000,
    "weightedAverageShsOutDil": 249000000,
    "link": "https://www.sec.gov/Archives/edgar/data/1013871/000101387120000023/0001013871-20-000023-index.htm",
    "finalLink": "https://www.sec.gov/Archives/edgar/data/1013871/000101387120000023/nrg-20200331.htm"
  },
  {
    "date": "2019-12-31",
    "symbol": "NRG",
    "reportedCurrency": "USD",
    "cik": "0001013871",
    "fillingDate": "2020-02-27",
    "acceptedDate": "2020-02-27 16:57:48",
    "calendarYear": "2019",
    "period": "Q4",
    "revenue": 2195000000,
    "costOfRevenue": 1654000000,
    "grossProfit": 541000000,
    "grossProfitRatio": 0.2464692483,
    "researchAndDevelopmentExpenses": 2000000,
    "generalAndAdministrativeExpenses": 0,
    "sellingAndMarketingExpenses": 0,
    "sellingGeneralAndAdministrativeExpenses": 212000000,
    "otherExpenses": 118000000,
    "operatingExpenses": 332000000,
    "costAndExpenses": 1986000000,
    "interestIncome": 0,
    "interestExpense": 95000000,
    "depreciationAndAmortization": 168000000,
    "ebitda": 383000000,
    "ebitdaratio": 0.1744874715,
    "operatingIncome": 209000000,
    "operatingIncomeRatio": 0.0952164009,
    "totalOtherIncomeExpensesNet": -89000000,
    "incomeBeforeTax": 120000000,
    "incomeBeforeTaxRatio": 0.0546697039,
    "incomeTaxExpense": -3343000000,
    "netIncome": 3383000000,
    "netIncomeRatio": 1.5412300683,
    "eps": 0,
    "epsdiluted": 0,
    "weightedAverageShsOut": 248000000,
    "weightedAverageShsOutDil": 248000000,
    "link": "https://www.sec.gov/Archives/edgar/data/1013871/000101387120000013/0001013871-20-000013-index.htm",
    "finalLink": "https://www.sec.gov/Archives/edgar/data/1013871/000101387120000013/nrg-20191231.htm"
  },
  {
    "date": "2019-09-30",
    "symbol": "NRG",
    "reportedCurrency": "USD",
    "cik": "0001013871",
    "fillingDate": "2019-11-07",
    "acceptedDate": "2019-11-07 15:33:01",
    "calendarYear": "2019",
    "period": "Q3",
    "revenue": 2996000000,
    "costOfRevenue": 2153000000,
    "grossProfit": 843000000,
    "grossProfitRatio": 0.2813751669,
    "researchAndDevelopmentExpenses": 1000000,
    "generalAndAdministrativeExpenses": 0,
    "sellingAndMarketingExpenses": 0,
    "sellingGeneralAndAdministrativeExpenses": 210000000,
    "otherExpenses": 92000000,
    "operatingExpenses": 303000000,
    "costAndExpenses": 2456000000,
    "interestIncome": 0,
    "interestExpense": 99000000,
    "depreciationAndAmortization": 118000000,
    "ebitda": 597000000,
    "ebitdaratio": 0.1992656876,
    "operatingIncome": 540000000,
    "operatingIncomeRatio": 0.1802403204,
    "totalOtherIncomeExpensesNet": -160000000,
    "incomeBeforeTax": 380000000,
    "incomeBeforeTaxRatio": 0.126835781,
    "incomeTaxExpense": 6000000,
    "netIncome": 372000000,
    "netIncomeRatio": 0.1241655541,
    "eps": 1.46,
    "epsdiluted": 1.45,
    "weightedAverageShsOut": 254000000,
    "weightedAverageShsOutDil": 256000000,
    "link": "https://www.sec.gov/Archives/edgar/data/1013871/000101387119000035/0001013871-19-000035-index.htm",
    "finalLink": "https://www.sec.gov/Archives/edgar/data/1013871/000101387119000035/nrg-20190930.htm"
  },
  {
    "date": "2019-06-30",
    "symbol": "NRG",
    "reportedCurrency": "USD",
    "cik": "0001013871",
    "fillingDate": "2019-08-07",
    "acceptedDate": "2019-08-07 17:03:02",
    "calendarYear": "2019",
    "period": "Q2",
    "revenue": 2465000000,
    "costOfRevenue": 1845000000,
    "grossProfit": 620000000,
    "grossProfitRatio": 0.2515212982,
    "researchAndDevelopmentExpenses": 2000000,
    "generalAndAdministrativeExpenses": 0,
    "sellingAndMarketingExpenses": 0,
    "sellingGeneralAndAdministrativeExpenses": 211000000,
    "otherExpenses": 87000000,
    "operatingExpenses": 300000000,
    "costAndExpenses": 2145000000,
    "interestIncome": 0,
    "interestExpense": 105000000,
    "depreciationAndAmortization": 107000000,
    "ebitda": 400000000,
    "ebitdaratio": 0.1622718053,
    "operatingIncome": 320000000,
    "operatingIncomeRatio": 0.1298174442,
    "totalOtherIncomeExpensesNet": -132000000,
    "incomeBeforeTax": 188000000,
    "incomeBeforeTaxRatio": 0.0762677485,
    "incomeTaxExpense": -1000000,
    "netIncome": 201000000,
    "netIncomeRatio": 0.0815415822,
    "eps": 0.76,
    "epsdiluted": 0.75,
    "weightedAverageShsOut": 265000000,
    "weightedAverageShsOutDil": 267000000,
    "link": "https://www.sec.gov/Archives/edgar/data/1013871/000101387119000028/0001013871-19-000028-index.htm",
    "finalLink": "https://www.sec.gov/Archives/edgar/data/1013871/000101387119000028/nrgq2201910q.htm"
  },
  {
    "date": "2019-03-31",
    "symbol": "NRG",
    "reportedCurrency": "USD",
    "cik": "0001013871",
    "fillingDate": "2019-05-02",
    "acceptedDate": "2019-05-02 16:40:17",
    "calendarYear": "2019",
    "period": "Q1",
    "revenue": 2165000000,
    "costOfRevenue": 1651000000,
    "grossProfit": 514000000,
    "grossProfitRatio": 0.2374133949,
    "researchAndDevelopmentExpenses": 2000000,
    "generalAndAdministrativeExpenses": 0,
    "sellingAndMarketingExpenses": 0,
    "sellingGeneralAndAdministrativeExpenses": 194000000,
    "otherExpenses": 97000000,
    "operatingExpenses": 293000000,
    "costAndExpenses": 1944000000,
    "interestIncome": 0,
    "interestExpense": 114000000,
    "depreciationAndAmortization": 104000000,
    "ebitda": 316000000,
    "ebitdaratio": 0.1459584296,
    "operatingIncome": 221000000,
    "operatingIncomeRatio": 0.1020785219,
    "totalOtherIncomeExpensesNet": -123000000,
    "incomeBeforeTax": 98000000,
    "incomeBeforeTaxRatio": 0.0452655889,
    "incomeTaxExpense": 4000000,
    "netIncome": 482000000,
    "netIncomeRatio": 0.2226327945,
    "eps": 1.73,
    "epsdiluted": 1.72,
    "weightedAverageShsOut": 278000000,
    "weightedAverageShsOutDil": 280000000,
    "link": "https://www.sec.gov/Archives/edgar/data/1013871/000101387119000017/0001013871-19-000017-index.htm",
    "finalLink": "https://www.sec.gov/Archives/edgar/data/1013871/000101387119000017/nrgq1201910q.htm"
  },
  {
    "date": "2018-12-31",
    "symbol": "NRG",
    "reportedCurrency": "USD",
    "cik": "0001013871",
    "fillingDate": "2019-02-28",
    "acceptedDate": "2019-02-28 16:39:10",
    "calendarYear": "2018",
    "period": "Q4",
    "revenue": 1683000000,
    "costOfRevenue": 1378000000,
    "grossProfit": 305000000,
    "grossProfitRatio": 0.1812240048,
    "researchAndDevelopmentExpenses": 2000000,
    "generalAndAdministrativeExpenses": 0,
    "sellingAndMarketingExpenses": 0,
    "sellingGeneralAndAdministrativeExpenses": 208000000,
    "otherExpenses": 94000000,
    "operatingExpenses": 304000000,
    "costAndExpenses": 1682000000,
    "interestIncome": 0,
    "interestExpense": 122000000,
    "depreciationAndAmortization": 90000000,
    "ebitda": 59000000,
    "ebitdaratio": 0.0350564468,
    "operatingIncome": 1000000,
    "operatingIncomeRatio": 0.0005941771,
    "totalOtherIncomeExpensesNet": -154000000,
    "incomeBeforeTax": -153000000,
    "incomeBeforeTaxRatio": -0.0909090909,
    "incomeTaxExpense": -12000000,
    "netIncome": -12000000,
    "netIncomeRatio": -0.0071301248,
    "eps": 0,
    "epsdiluted": 0,
    "weightedAverageShsOut": 278000000,
    "weightedAverageShsOutDil": 278000000,
    "link": "https://www.sec.gov/Archives/edgar/data/1013871/000101387119000007/0001013871-19-000007-index.htm",
    "finalLink": "https://www.sec.gov/Archives/edgar/data/1013871/000101387119000007/nrg201810-k.htm"
  },
  {
    "date": "2018-09-30",
    "symbol": "NRG",
    "reportedCurrency": "USD",
    "cik": "0001013871",
    "fillingDate": "2018-11-08",
    "acceptedDate": "2018-11-08 15:04:15",
    "calendarYear": "2018",
    "period": "Q3",
    "revenue": 2960000000,
    "costOfRevenue": 2238000000,
    "grossProfit": 722000000,
    "grossProfitRatio": 0.2439189189,
    "researchAndDevelopmentExpenses": 1000000,
    "generalAndAdministrativeExpenses": 0,
    "sellingAndMarketingExpenses": 0,
    "sellingGeneralAndAdministrativeExpenses": 211000000,
    "otherExpenses": 112000000,
    "operatingExpenses": 324000000,
    "costAndExpenses": 2562000000,
    "interestIncome": 0,
    "interestExpense": 122000000,
    "depreciationAndAmortization": 127000000,
    "ebitda": 544000000,
    "ebitdaratio": 0.1837837838,
    "operatingIncome": 398000000,
    "operatingIncomeRatio": 0.1344594595,
    "totalOtherIncomeExpensesNet": -103000000,
    "incomeBeforeTax": 295000000,
    "incomeBeforeTaxRatio": 0.0996621622,
    "incomeTaxExpense": 8000000,
    "netIncome": -72000000,
    "netIncomeRatio": -0.0243243243,
    "eps": -0.24,
    "epsdiluted": -0.24,
    "weightedAverageShsOut": 299000000,
    "weightedAverageShsOutDil": 299000000,
    "link": "https://www.sec.gov/Archives/edgar/data/1013871/000101387118000039/0001013871-18-000039-index.htm",
    "finalLink": "https://www.sec.gov/Archives/edgar/data/1013871/000101387118000039/nrgq3201810q.htm"
  },
  {
    "date": "2018-06-30",
    "symbol": "NRG",
    "reportedCurrency": "USD",
    "cik": "0001013871",
    "fillingDate": "2018-08-02",
    "acceptedDate": "2018-08-02 17:26:35",
    "calendarYear": "2018",
    "period": "Q2",
    "revenue": 2461000000,
    "costOfRevenue": 1889000000,
    "grossProfit": 572000000,
    "grossProfitRatio": 0.2324258432,
    "researchAndDevelopmentExpenses": 3000000,
    "generalAndAdministrativeExpenses": 0,
    "sellingAndMarketingExpenses": 0,
    "sellingGeneralAndAdministrativeExpenses": 200000000,
    "otherExpenses": 195000000,
    "operatingExpenses": 398000000,
    "costAndExpenses": 2287000000,
    "interestIncome": 0,
    "interestExpense": 123000000,
    "depreciationAndAmortization": 143000000,
    "ebitda": 298000000,
    "ebitdaratio": 0.1210889882,
    "operatingIncome": 174000000,
    "operatingIncomeRatio": 0.0707029663,
    "totalOtherIncomeExpensesNet": -142000000,
    "incomeBeforeTax": 32000000,
    "incomeBeforeTaxRatio": 0.0130028444,
    "incomeTaxExpense": 5000000,
    "netIncome": 72000000,
    "netIncomeRatio": 0.0292563998,
    "eps": 0.23,
    "epsdiluted": 0.23,
    "weightedAverageShsOut": 310000000,
    "weightedAverageShsOutDil": 314000000,
    "link": "https://www.sec.gov/Archives/edgar/data/1013871/000101387118000032/0001013871-18-000032-index.htm",
    "finalLink": "https://www.sec.gov/Archives/edgar/data/1013871/000101387118000032/nrg201863010q.htm"
  },
  {
    "date": "2018-03-31",
    "symbol": "NRG",
    "reportedCurrency": "USD",
    "cik": "0001013871",
    "fillingDate": "2018-05-03",
    "acceptedDate": "2018-05-03 15:09:54",
    "calendarYear": "2018",
    "period": "Q1",
    "revenue": 2065000000,
    "costOfRevenue": 1385000000,
    "grossProfit": 680000000,
    "grossProfitRatio": 0.3292978208,
    "researchAndDevelopmentExpenses": 5000000,
    "generalAndAdministrativeExpenses": 0,
    "sellingAndMarketingExpenses": 0,
    "sellingGeneralAndAdministrativeExpenses": 176000000,
    "otherExpenses": 138000000,
    "operatingExpenses": 319000000,
    "costAndExpenses": 1704000000,
    "interestIncome": 0,
    "interestExpense": 116000000,
    "depreciationAndAmortization": 153000000,
    "ebitda": 513000000,
    "ebitdaratio": 0.2484261501,
    "operatingIncome": 361000000,
    "operatingIncomeRatio": 0.1748184019,
    "totalOtherIncomeExpensesNet": -117000000,
    "incomeBeforeTax": 244000000,
    "incomeBeforeTaxRatio": 0.1181598063,
    "incomeTaxExpense": 6000000,
    "netIncome": 279000000,
    "netIncomeRatio": 0.1351089588,
    "eps": 0.88,
    "epsdiluted": 0.87,
    "weightedAverageShsOut": 318000000,
    "weightedAverageShsOutDil": 322000000,
    "link": "https://www.sec.gov/Archives/edgar/data/1013871/000101387118000023/0001013871-18-000023-index.htm",
    "finalLink": "https://www.sec.gov/Archives/edgar/data/1013871/000101387118000023/nrg2018033110q.htm"
  },
  {
    "date": "2017-12-31",
    "symbol": "NRG",
    "reportedCurrency": "USD",
    "cik": "0001013871",
    "fillingDate": "2018-03-01",
    "acceptedDate": "2018-03-01 16:13:43",
    "calendarYear": "2017",
    "period": "Q4",
    "revenue": 2497000000,
    "costOfRevenue": 1684000000,
    "grossProfit": 813000000,
    "grossProfitRatio": 0.3255907089,
    "researchAndDevelopmentExpenses": 18000000,
    "generalAndAdministrativeExpenses": 0,
    "sellingAndMarketingExpenses": 0,
    "sellingGeneralAndAdministrativeExpenses": 210000000,
    "otherExpenses": 1930000000,
    "operatingExpenses": 2158000000,
    "costAndExpenses": 3842000000,
    "interestIncome": 0,
    "interestExpense": 198000000,
    "depreciationAndAmortization": 310000000,
    "ebitda": -1157000000,
    "ebitdaratio": -0.4633560272,
    "operatingIncome": -1345000000,
    "operatingIncomeRatio": -0.5386463757,
    "totalOtherIncomeExpensesNet": -320000000,
    "incomeBeforeTax": -1665000000,
    "incomeBeforeTaxRatio": -0.6668001602,
    "incomeTaxExpense": 3000000,
    "netIncome": -1534000000,
    "netIncomeRatio": -0.6143372046,
    "eps": 0,
    "epsdiluted": 0,
    "weightedAverageShsOut": 317000000,
    "weightedAverageShsOutDil": 318000000,
    "link": "https://www.sec.gov/Archives/edgar/data/1013871/000101387118000011/0001013871-18-000011-index.htm",
    "finalLink": "https://www.sec.gov/Archives/edgar/data/1013871/000101387118000011/nrg201710-k.htm"
  },
  {
    "date": "2017-09-30",
    "symbol": "NRG",
    "reportedCurrency": "USD",
    "cik": "0001013871",
    "fillingDate": "2017-11-02",
    "acceptedDate": "2017-11-02 16:00:55",
    "calendarYear": "2017",
    "period": "Q3",
    "revenue": 2740000000,
    "costOfRevenue": 2072000000,
    "grossProfit": 668000000,
    "grossProfitRatio": 0.2437956204,
    "researchAndDevelopmentExpenses": 6000000,
    "generalAndAdministrativeExpenses": 0,
    "sellingAndMarketingExpenses": 0,
    "sellingGeneralAndAdministrativeExpenses": 190000000,
    "otherExpenses": 175000000,
    "operatingExpenses": 371000000,
    "costAndExpenses": 2443000000,
    "interestIncome": 0,
    "interestExpense": 139000000,
    "depreciationAndAmortization": 14000000,
    "ebitda": 323000000,
    "ebitdaratio": 0.1178832117,
    "operatingIncome": 297000000,
    "operatingIncomeRatio": 0.1083941606,
    "totalOtherIncomeExpensesNet": -111000000,
    "incomeBeforeTax": 186000000,
    "incomeBeforeTaxRatio": 0.0678832117,
    "incomeTaxExpense": 1000000,
    "netIncome": 171000000,
    "netIncomeRatio": 0.0624087591,
    "eps": 0.54,
    "epsdiluted": 0.53,
    "weightedAverageShsOut": 317000000,
    "weightedAverageShsOutDil": 322000000,
    "link": "https://www.sec.gov/Archives/edgar/data/1013871/000101387117000027/0001013871-17-000027-index.htm",
    "finalLink": "https://www.sec.gov/Archives/edgar/data/1013871/000101387117000027/nrg2017093010q.htm"
  },
  {
    "date": "2017-06-30",
    "symbol": "NRG",
    "reportedCurrency": "USD",
    "cik": "0001013871",
    "fillingDate": "2017-08-03",
    "acceptedDate": "2017-08-03 16:49:24",
    "calendarYear": "2017",
    "period": "Q2",
    "revenue": 2701000000,
    "costOfRevenue": 1841000000,
    "grossProfit": 860000000,
    "grossProfitRatio": 0.3184005924,
    "researchAndDevelopmentExpenses": 18000000,
    "generalAndAdministrativeExpenses": 0,
    "sellingAndMarketingExpenses": 0,
    "sellingGeneralAndAdministrativeExpenses": 221000000,
    "otherExpenses": 282000000,
    "operatingExpenses": 521000000,
    "costAndExpenses": 2362000000,
    "interestIncome": 0,
    "interestExpense": 247000000,
    "depreciationAndAmortization": 293000000,
    "ebitda": 643000000,
    "ebitdaratio": 0.2380599778,
    "operatingIncome": 339000000,
    "operatingIncomeRatio": 0.1255090707,
    "totalOtherIncomeExpensesNet": -236000000,
    "incomeBeforeTax": 103000000,
    "incomeBeforeTaxRatio": 0.0381340244,
    "incomeTaxExpense": 4000000,
    "netIncome": -626000000,
    "netIncomeRatio": -0.2317660126,
    "eps": -1.98,
    "epsdiluted": -1.98,
    "weightedAverageShsOut": 316000000,
    "weightedAverageShsOutDil": 316000000,
    "link": "https://www.sec.gov/Archives/edgar/data/1013871/000101387117000021/0001013871-17-000021-index.htm",
    "finalLink": "https://www.sec.gov/Archives/edgar/data/1013871/000101387117000021/nrg2017063010q.htm"
  },
  {
    "date": "2017-03-31",
    "symbol": "NRG",
    "reportedCurrency": "USD",
    "cik": "0001013871",
    "fillingDate": "2017-05-02",
    "acceptedDate": "2017-05-02 14:35:25",
    "calendarYear": "2017",
    "period": "Q1",
    "revenue": 2382000000,
    "costOfRevenue": 1862000000,
    "grossProfit": 520000000,
    "grossProfitRatio": 0.2183039463,
    "researchAndDevelopmentExpenses": 17000000,
    "generalAndAdministrativeExpenses": 0,
    "sellingAndMarketingExpenses": 0,
    "sellingGeneralAndAdministrativeExpenses": 260000000,
    "otherExpenses": 207000000,
    "operatingExpenses": 484000000,
    "costAndExpenses": 2346000000,
    "interestIncome": 0,
    "interestExpense": 225000000,
    "depreciationAndAmortization": 299000000,
    "ebitda": 351000000,
    "ebitdaratio": 0.1473551637,
    "operatingIncome": 36000000,
    "operatingIncomeRatio": 0.0151133501,
    "totalOtherIncomeExpensesNet": -209000000,
    "incomeBeforeTax": -173000000,
    "incomeBeforeTaxRatio": -0.0726280437,
    "incomeTaxExpense": -4000000,
    "netIncome": -163000000,
    "netIncomeRatio": -0.0684298908,
    "eps": -0.52,
    "epsdiluted": -0.52,
    "weightedAverageShsOut": 314634146,
    "weightedAverageShsOutDil": 316000000,
    "link": "https://www.sec.gov/Archives/edgar/data/1013871/000101387117000013/0001013871-17-000013-index.htm",
    "finalLink": "https://www.sec.gov/Archives/edgar/data/1013871/000101387117000013/nrg2017033110q.htm"
  },
  {
    "date": "2016-12-31",
    "symbol": "NRG",
    "reportedCurrency": "USD",
    "cik": "0001013871",
    "fillingDate": "2017-02-28",
    "acceptedDate": "2017-02-28 16:59:08",
    "calendarYear": "2016",
    "period": "Q4",
    "revenue": 2532000000,
    "costOfRevenue": 1817000000,
    "grossProfit": 715000000,
    "grossProfitRatio": 0.282385466,
    "researchAndDevelopmentExpenses": 23000000,
    "generalAndAdministrativeExpenses": 0,
    "sellingAndMarketingExpenses": 0,
    "sellingGeneralAndAdministrativeExpenses": 299000000,
    "otherExpenses": 1184000000,
    "operatingExpenses": 1506000000,
    "costAndExpenses": 3323000000,
    "interestIncome": 0,
    "interestExpense": 220000000,
    "depreciationAndAmortization": 416000000,
    "ebitda": -498000000,
    "ebitdaratio": -0.1966824645,
    "operatingIncome": -791000000,
    "operatingIncomeRatio": -0.3124012638,
    "totalOtherIncomeExpensesNet": -343000000,
    "incomeBeforeTax": -1134000000,
    "incomeBeforeTaxRatio": -0.4478672986,
    "incomeTaxExpense": -79000000,
    "netIncome": -987000000,
    "netIncomeRatio": -0.3898104265,
    "eps": 0,
    "epsdiluted": 0,
    "weightedAverageShsOut": 316000000,
    "weightedAverageShsOutDil": 316000000,
    "link": "https://www.sec.gov/Archives/edgar/data/1013871/000101387117000007/0001013871-17-000007-index.htm",
    "finalLink": "https://www.sec.gov/Archives/edgar/data/1013871/000101387117000007/nrg201610-k.htm"
  },
  {
    "date": "2016-09-30",
    "symbol": "NRG",
    "reportedCurrency": "USD",
    "cik": "0001013871",
    "fillingDate": "2016-11-04",
    "acceptedDate": "2016-11-04 13:49:29",
    "calendarYear": "2016",
    "period": "Q3",
    "revenue": 3421000000,
    "costOfRevenue": 2440000000,
    "grossProfit": 981000000,
    "grossProfitRatio": 0.2867582578,
    "researchAndDevelopmentExpenses": 21000000,
    "generalAndAdministrativeExpenses": 0,
    "sellingAndMarketingExpenses": 0,
    "sellingGeneralAndAdministrativeExpenses": 277000000,
    "otherExpenses": 255000000,
    "operatingExpenses": 553000000,
    "costAndExpenses": 2993000000,
    "interestIncome": 0,
    "interestExpense": 237000000,
    "depreciationAndAmortization": 360000000,
    "ebitda": 753000000,
    "ebitdaratio": 0.2201110786,
    "operatingIncome": 428000000,
    "operatingIncomeRatio": 0.1251096171,
    "totalOtherIncomeExpensesNet": -272000000,
    "incomeBeforeTax": 156000000,
    "incomeBeforeTaxRatio": 0.0456007015,
    "incomeTaxExpense": 28000000,
    "netIncome": 402000000,
    "netIncomeRatio": 0.1175095001,
    "eps": 1.27,
    "epsdiluted": 1.27,
    "weightedAverageShsOut": 316000000,
    "weightedAverageShsOutDil": 317000000,
    "link": "https://www.sec.gov/Archives/edgar/data/1013871/000101387116000039/0001013871-16-000039-index.htm",
    "finalLink": "https://www.sec.gov/Archives/edgar/data/1013871/000101387116000039/nrg2016093010q2.htm"
  },
  {
    "date": "2016-06-30",
    "symbol": "NRG",
    "reportedCurrency": "USD",
    "cik": "0001013871",
    "fillingDate": "2016-08-09",
    "acceptedDate": "2016-08-09 15:08:32",
    "calendarYear": "2016",
    "period": "Q2",
    "revenue": 2248000000,
    "costOfRevenue": 1443000000,
    "grossProfit": 805000000,
    "grossProfitRatio": 0.3580960854,
    "researchAndDevelopmentExpenses": 18000000,
    "generalAndAdministrativeExpenses": 0,
    "sellingAndMarketingExpenses": 0,
    "sellingGeneralAndAdministrativeExpenses": 266000000,
    "otherExpenses": 358000000,
    "operatingExpenses": 642000000,
    "costAndExpenses": 2085000000,
    "interestIncome": 0,
    "interestExpense": 277000000,
    "depreciationAndAmortization": 284000000,
    "ebitda": 383000000,
    "ebitdaratio": 0.1703736655,
    "operatingIncome": 163000000,
    "operatingIncomeRatio": 0.0725088968,
    "totalOtherIncomeExpensesNet": -301000000,
    "incomeBeforeTax": -138000000,
    "incomeBeforeTaxRatio": -0.0613879004,
    "incomeTaxExpense": 25000000,
    "netIncome": -271000000,
    "netIncomeRatio": -0.1205516014,
    "eps": -0.61,
    "epsdiluted": -0.61,
    "weightedAverageShsOut": 315000000,
    "weightedAverageShsOutDil": 315000000,
    "link": "https://www.sec.gov/Archives/edgar/data/1013871/000101387116000032/0001013871-16-000032-index.htm",
    "finalLink": "https://www.sec.gov/Archives/edgar/data/1013871/000101387116000032/nrg2016063010q.htm"
  },
  {
    "date": "2016-03-31",
    "symbol": "NRG",
    "reportedCurrency": "USD",
    "cik": "0001013871",
    "fillingDate": "2016-05-05",
    "acceptedDate": "2016-05-05 13:09:42",
    "calendarYear": "2016",
    "period": "Q1",
    "revenue": 3229000000,
    "costOfRevenue": 2194000000,
    "grossProfit": 1035000000,
    "grossProfitRatio": 0.3205326727,
    "researchAndDevelopmentExpenses": 26000000,
    "generalAndAdministrativeExpenses": 0,
    "sellingAndMarketingExpenses": 0,
    "sellingGeneralAndAdministrativeExpenses": 252000000,
    "otherExpenses": 281000000,
    "operatingExpenses": 559000000,
    "costAndExpenses": 2753000000,
    "interestIncome": 0,
    "interestExpense": 284000000,
    "depreciationAndAmortization": 352000000,
    "ebitda": 704000000,
    "ebitdaratio": 0.2180241561,
    "operatingIncome": 476000000,
    "operatingIncomeRatio": 0.1474140601,
    "totalOtherIncomeExpensesNet": -408000000,
    "incomeBeforeTax": 68000000,
    "incomeBeforeTaxRatio": 0.0210591514,
    "incomeTaxExpense": 21000000,
    "netIncome": 82000000,
    "netIncomeRatio": 0.0253948591,
    "eps": 0.24,
    "epsdiluted": 0.24,
    "weightedAverageShsOut": 315000000,
    "weightedAverageShsOutDil": 315000000,
    "link": "https://www.sec.gov/Archives/edgar/data/1013871/000101387116000025/0001013871-16-000025-index.htm",
    "finalLink": "https://www.sec.gov/Archives/edgar/data/1013871/000101387116000025/nrg2016033110q.htm"
  },
  {
    "date": "2015-12-31",
    "symbol": "NRG",
    "reportedCurrency": "USD",
    "cik": "0001013871",
    "fillingDate": "2016-02-29",
    "acceptedDate": "2016-02-29 13:46:58",
    "calendarYear": "2015",
    "period": "Q4",
    "revenue": 3020000000,
    "costOfRevenue": 2225000000,
    "grossProfit": 795000000,
    "grossProfitRatio": 0.2632450331,
    "researchAndDevelopmentExpenses": 41000000,
    "generalAndAdministrativeExpenses": 0,
    "sellingAndMarketingExpenses": 0,
    "sellingGeneralAndAdministrativeExpenses": 334000000,
    "otherExpenses": 5147000000,
    "operatingExpenses": 5522000000,
    "costAndExpenses": 7747000000,
    "interestIncome": 0,
    "interestExpense": 273000000,
    "depreciationAndAmortization": 415000000,
    "ebitda": -4285000000,
    "ebitdaratio": -1.4188741722,
    "operatingIncome": -4727000000,
    "operatingIncomeRatio": -1.5652317881,
    "totalOtherIncomeExpensesNet": -246000000,
    "incomeBeforeTax": -4973000000,
    "incomeBeforeTaxRatio": -1.6466887417,
    "incomeTaxExpense": 1385000000,
    "netIncome": -6314000000,
    "netIncomeRatio": -2.0907284768,
    "eps": 0,
    "epsdiluted": 0,
    "weightedAverageShsOut": 314000000,
    "weightedAverageShsOutDil": 315000000,
    "link": "https://www.sec.gov/Archives/edgar/data/1013871/000101387116000022/0001013871-16-000022-index.htm",
    "finalLink": "https://www.sec.gov/Archives/edgar/data/1013871/000101387116000022/a201510-k.htm"
  },
  {
    "date": "2015-09-30",
    "symbol": "NRG",
    "reportedCurrency": "USD",
    "cik": "0001013871",
    "fillingDate": "2015-11-04",
    "acceptedDate": "2015-11-04 15:52:09",
    "calendarYear": "2015",
    "period": "Q3",
    "revenue": 4434000000,
    "costOfRevenue": 3042000000,
    "grossProfit": 1392000000,
    "grossProfitRatio": 0.3139377537,
    "researchAndDevelopmentExpenses": 38000000,
    "generalAndAdministrativeExpenses": 0,
    "sellingAndMarketingExpenses": 0,
    "sellingGeneralAndAdministrativeExpenses": 327000000,
    "otherExpenses": 648000000,
    "operatingExpenses": 1013000000,
    "costAndExpenses": 4055000000,
    "interestIncome": 0,
    "interestExpense": 291000000,
    "depreciationAndAmortization": 431000000,
    "ebitda": 836000000,
    "ebitdaratio": 0.1885430762,
    "operatingIncome": 379000000,
    "operatingIncomeRatio": 0.0854758683,
    "totalOtherIncomeExpensesNet": -265000000,
    "incomeBeforeTax": 114000000,
    "incomeBeforeTaxRatio": 0.0257104195,
    "incomeTaxExpense": 47000000,
    "netIncome": 66000000,
    "netIncomeRatio": 0.0148849797,
    "eps": 0.18,
    "epsdiluted": 0.18,
    "weightedAverageShsOut": 331000000,
    "weightedAverageShsOutDil": 332000000,
    "link": "https://www.sec.gov/Archives/edgar/data/1013871/000101387115000018/0001013871-15-000018-index.htm",
    "finalLink": "https://www.sec.gov/Archives/edgar/data/1013871/000101387115000018/nrg2015093010q.htm"
  },
  {
    "date": "2015-06-30",
    "symbol": "NRG",
    "reportedCurrency": "USD",
    "cik": "0001013871",
    "fillingDate": "2015-08-04",
    "acceptedDate": "2015-08-04 14:25:25",
    "calendarYear": "2015",
    "period": "Q2",
    "revenue": 3400000000,
    "costOfRevenue": 2436000000,
    "grossProfit": 964000000,
    "grossProfitRatio": 0.2835294118,
    "researchAndDevelopmentExpenses": 37000000,
    "generalAndAdministrativeExpenses": 0,
    "sellingAndMarketingExpenses": 0,
    "sellingGeneralAndAdministrativeExpenses": 296000000,
    "otherExpenses": 399000000,
    "operatingExpenses": 732000000,
    "costAndExpenses": 3168000000,
    "interestIncome": 0,
    "interestExpense": 263000000,
    "depreciationAndAmortization": 419000000,
    "ebitda": 656000000,
    "ebitdaratio": 0.1929411765,
    "operatingIncome": 232000000,
    "operatingIncomeRatio": 0.0682352941,
    "totalOtherIncomeExpensesNet": -258000000,
    "incomeBeforeTax": -26000000,
    "incomeBeforeTaxRatio": -0.0076470588,
    "incomeTaxExpense": -17000000,
    "netIncome": -14000000,
    "netIncomeRatio": -0.0041176471,
    "eps": -0.06,
    "epsdiluted": -0.06,
    "weightedAverageShsOut": 333000000,
    "weightedAverageShsOutDil": 333000000,
    "link": "https://www.sec.gov/Archives/edgar/data/1013871/000101387115000015/0001013871-15-000015-index.htm",
    "finalLink": "https://www.sec.gov/Archives/edgar/data/1013871/000101387115000015/nrg2015063010q.htm"
  },
  {
    "date": "2015-03-31",
    "symbol": "NRG",
    "reportedCurrency": "USD",
    "cik": "0001013871",
    "fillingDate": "2015-05-08",
    "acceptedDate": "2015-05-08 13:58:33",
    "calendarYear": "2015",
    "period": "Q1",
    "revenue": 3829000000,
    "costOfRevenue": 3063000000,
    "grossProfit": 766000000,
    "grossProfitRatio": 0.200052233,
    "researchAndDevelopmentExpenses": 34000000,
    "generalAndAdministrativeExpenses": 0,
    "sellingAndMarketingExpenses": 0,
    "sellingGeneralAndAdministrativeExpenses": 265000000,
    "otherExpenses": 391000000,
    "operatingExpenses": 690000000,
    "costAndExpenses": 3753000000,
    "interestIncome": 0,
    "interestExpense": 301000000,
    "depreciationAndAmortization": 427000000,
    "ebitda": 519000000,
    "ebitdaratio": 0.1355445286,
    "operatingIncome": 76000000,
    "operatingIncomeRatio": 0.0198485244,
    "totalOtherIncomeExpensesNet": -285000000,
    "incomeBeforeTax": -209000000,
    "incomeBeforeTaxRatio": -0.0545834422,
    "incomeTaxExpense": -73000000,
    "netIncome": -120000000,
    "netIncomeRatio": -0.0313397754,
    "eps": -0.37,
    "epsdiluted": -0.37,
    "weightedAverageShsOut": 336000000,
    "weightedAverageShsOutDil": 336000000,
    "link": "https://www.sec.gov/Archives/edgar/data/1013871/000101387115000010/0001013871-15-000010-index.htm",
    "finalLink": "https://www.sec.gov/Archives/edgar/data/1013871/000101387115000010/nrg2015033110q.htm"
  },
  {
    "date": "2014-12-31",
    "symbol": "NRG",
    "reportedCurrency": "USD",
    "cik": "0001013871",
    "fillingDate": "2015-02-27",
    "acceptedDate": "2015-02-27 16:57:31",
    "calendarYear": "2014",
    "period": "Q4",
    "revenue": 4192000000,
    "costOfRevenue": 2951000000,
    "grossProfit": 1241000000,
    "grossProfitRatio": 0.2960400763,
    "researchAndDevelopmentExpenses": 29000000,
    "generalAndAdministrativeExpenses": 0,
    "sellingAndMarketingExpenses": 0,
    "sellingGeneralAndAdministrativeExpenses": 290000000,
    "otherExpenses": 469000000,
    "operatingExpenses": 788000000,
    "costAndExpenses": 3739000000,
    "interestIncome": 0,
    "interestExpense": 310000000,
    "depreciationAndAmortization": 452000000,
    "ebitda": 930000000,
    "ebitdaratio": 0.221851145,
    "operatingIncome": 453000000,
    "operatingIncomeRatio": 0.1080629771,
    "totalOtherIncomeExpensesNet": -285000000,
    "incomeBeforeTax": 168000000,
    "incomeBeforeTaxRatio": 0.0400763359,
    "incomeTaxExpense": 71000000,
    "netIncome": 119000000,
    "netIncomeRatio": 0.0283874046,
    "eps": 0,
    "epsdiluted": 0,
    "weightedAverageShsOut": 336000000,
    "weightedAverageShsOutDil": 336000000,
    "link": "https://www.sec.gov/Archives/edgar/data/1013871/000101387115000004/0001013871-15-000004-index.htm",
    "finalLink": "https://www.sec.gov/Archives/edgar/data/1013871/000101387115000004/a201410-k.htm"
  },
  {
    "date": "2014-09-30",
    "symbol": "NRG",
    "reportedCurrency": "USD",
    "cik": "0001013871",
    "fillingDate": "2014-11-05",
    "acceptedDate": "2014-11-05 15:08:36",
    "calendarYear": "2014",
    "period": "Q3",
    "revenue": 4569000000,
    "costOfRevenue": 3278000000,
    "grossProfit": 1291000000,
    "grossProfitRatio": 0.2825563581,
    "researchAndDevelopmentExpenses": 22000000,
    "generalAndAdministrativeExpenses": 0,
    "sellingAndMarketingExpenses": 0,
    "sellingGeneralAndAdministrativeExpenses": 258000000,
    "otherExpenses": 462000000,
    "operatingExpenses": 742000000,
    "costAndExpenses": 4020000000,
    "interestIncome": 0,
    "interestExpense": 280000000,
    "depreciationAndAmortization": 418000000,
    "ebitda": 969000000,
    "ebitdaratio": 0.2120814183,
    "operatingIncome": 549000000,
    "operatingIncomeRatio": 0.1201575837,
    "totalOtherIncomeExpensesNet": -278000000,
    "incomeBeforeTax": 271000000,
    "incomeBeforeTaxRatio": 0.0593127599,
    "incomeTaxExpense": 89000000,
    "netIncome": 168000000,
    "netIncomeRatio": 0.0367695338,
    "eps": 0.49,
    "epsdiluted": 0.48,
    "weightedAverageShsOut": 338000000,
    "weightedAverageShsOutDil": 343000000,
    "link": "https://www.sec.gov/Archives/edgar/data/1013871/000101387114000022/0001013871-14-000022-index.htm",
    "finalLink": "https://www.sec.gov/Archives/edgar/data/1013871/000101387114000022/nrg2014093010q.htm"
  },
  {
    "date": "2014-06-30",
    "symbol": "NRG",
    "reportedCurrency": "USD",
    "cik": "0001013871",
    "fillingDate": "2014-08-07",
    "acceptedDate": "2014-08-07 13:37:14",
    "calendarYear": "2014",
    "period": "Q2",
    "revenue": 3621000000,
    "costOfRevenue": 2828000000,
    "grossProfit": 793000000,
    "grossProfitRatio": 0.2190002762,
    "researchAndDevelopmentExpenses": 21000000,
    "generalAndAdministrativeExpenses": 0,
    "sellingAndMarketingExpenses": 0,
    "sellingGeneralAndAdministrativeExpenses": 257000000,
    "otherExpenses": 426000000,
    "operatingExpenses": 704000000,
    "costAndExpenses": 3532000000,
    "interestIncome": 0,
    "interestExpense": 274000000,
    "depreciationAndAmortization": 404000000,
    "ebitda": 472000000,
    "ebitdaratio": 0.1303507318,
    "operatingIncome": 89000000,
    "operatingIncomeRatio": 0.0245788456,
    "totalOtherIncomeExpensesNet": -295000000,
    "incomeBeforeTax": -206000000,
    "incomeBeforeTaxRatio": -0.0568903618,
    "incomeTaxExpense": -126000000,
    "netIncome": -97000000,
    "netIncomeRatio": -0.0267881801,
    "eps": -0.3,
    "epsdiluted": -0.3,
    "weightedAverageShsOut": 337000000,
    "weightedAverageShsOutDil": 337000000,
    "link": "https://www.sec.gov/Archives/edgar/data/1013871/000101387114000012/0001013871-14-000012-index.htm",
    "finalLink": "https://www.sec.gov/Archives/edgar/data/1013871/000101387114000012/nrg2014063010q.htm"
  },
  {
    "date": "2014-03-31",
    "symbol": "NRG",
    "reportedCurrency": "USD",
    "cik": "0001013871",
    "fillingDate": "2014-05-06",
    "acceptedDate": "2014-05-06 15:19:04",
    "calendarYear": "2014",
    "period": "Q1",
    "revenue": 3486000000,
    "costOfRevenue": 2737000000,
    "grossProfit": 749000000,
    "grossProfitRatio": 0.2148594378,
    "researchAndDevelopmentExpenses": 19000000,
    "generalAndAdministrativeExpenses": 0,
    "sellingAndMarketingExpenses": 0,
    "sellingGeneralAndAdministrativeExpenses": 222000000,
    "otherExpenses": 328000000,
    "operatingExpenses": 569000000,
    "costAndExpenses": 3306000000,
    "interestIncome": 0,
    "interestExpense": 255000000,
    "depreciationAndAmortization": 359000000,
    "ebitda": 516000000,
    "ebitdaratio": 0.148020654,
    "operatingIncome": 180000000,
    "operatingIncomeRatio": 0.0516351119,
    "totalOtherIncomeExpensesNet": -278000000,
    "incomeBeforeTax": -98000000,
    "incomeBeforeTaxRatio": -0.0281124498,
    "incomeTaxExpense": -31000000,
    "netIncome": -56000000,
    "netIncomeRatio": -0.016064257,
    "eps": -0.18,
    "epsdiluted": -0.18,
    "weightedAverageShsOut": 324000000,
    "weightedAverageShsOutDil": 324000000,
    "link": "https://www.sec.gov/Archives/edgar/data/1013871/000101387114000009/0001013871-14-000009-index.htm",
    "finalLink": "https://www.sec.gov/Archives/edgar/data/1013871/000101387114000009/nrg2014033110q.htm"
  },
  {
    "date": "2013-12-31",
    "symbol": "NRG",
    "reportedCurrency": "USD",
    "cik": "0001013871",
    "fillingDate": "2014-09-10",
    "acceptedDate": "2014-09-10 15:40:02",
    "calendarYear": "2013",
    "period": "Q4",
    "revenue": 2795000000,
    "costOfRevenue": 1942000000,
    "grossProfit": 853000000,
    "grossProfitRatio": 0.3051878354,
    "researchAndDevelopmentExpenses": 21000000,
    "generalAndAdministrativeExpenses": 0,
    "sellingAndMarketingExpenses": 0,
    "sellingGeneralAndAdministrativeExpenses": 233000000,
    "otherExpenses": 827000000,
    "operatingExpenses": 1081000000,
    "costAndExpenses": 3023000000,
    "interestIncome": 0,
    "interestExpense": 218000000,
    "depreciationAndAmortization": 318000000,
    "ebitda": 13000000,
    "ebitdaratio": 0.0046511628,
    "operatingIncome": -228000000,
    "operatingIncomeRatio": -0.0815742397,
    "totalOtherIncomeExpensesNet": -312000000,
    "incomeBeforeTax": -540000000,
    "incomeBeforeTaxRatio": -0.1932021467,
    "incomeTaxExpense": -235000000,
    "netIncome": -312000000,
    "netIncomeRatio": -0.111627907,
    "eps": 0,
    "epsdiluted": 0,
    "weightedAverageShsOut": 323000000,
    "weightedAverageShsOutDil": 324000000,
    "link": "https://www.sec.gov/Archives/edgar/data/1013871/000101387114000019/0001013871-14-000019-index.htm",
    "finalLink": "https://www.sec.gov/Archives/edgar/data/1013871/000101387114000019/nrgamendmentno2to201310-k.htm"
  },
  {
    "date": "2013-09-30",
    "symbol": "NRG",
    "reportedCurrency": "USD",
    "cik": "0001013871",
    "fillingDate": "2013-11-12",
    "acceptedDate": "2013-11-12 16:39:10",
    "calendarYear": "2013",
    "period": "Q3",
    "revenue": 3490000000,
    "costOfRevenue": 2373000000,
    "grossProfit": 1117000000,
    "grossProfitRatio": 0.3200573066,
    "researchAndDevelopmentExpenses": 24000000,
    "generalAndAdministrativeExpenses": 0,
    "sellingAndMarketingExpenses": 0,
    "sellingGeneralAndAdministrativeExpenses": 213000000,
    "otherExpenses": 353000000,
    "operatingExpenses": 590000000,
    "costAndExpenses": 2963000000,
    "interestIncome": 0,
    "interestExpense": 228000000,
    "depreciationAndAmortization": 289000000,
    "ebitda": 853000000,
    "ebitdaratio": 0.2444126074,
    "operatingIncome": 527000000,
    "operatingIncomeRatio": 0.1510028653,
    "totalOtherIncomeExpensesNet": -229000000,
    "incomeBeforeTax": 298000000,
    "incomeBeforeTaxRatio": 0.0853868195,
    "incomeTaxExpense": 160000000,
    "netIncome": 119000000,
    "netIncomeRatio": 0.0340974212,
    "eps": 0.36,
    "epsdiluted": 0.36,
    "weightedAverageShsOut": 323000000,
    "weightedAverageShsOutDil": 327000000,
    "link": "https://www.sec.gov/Archives/edgar/data/1013871/000101387113000015/0001013871-13-000015-index.htm",
    "finalLink": "https://www.sec.gov/Archives/edgar/data/1013871/000101387113000015/nrg2013093010q.htm"
  },
  {
    "date": "2013-06-30",
    "symbol": "NRG",
    "reportedCurrency": "USD",
    "cik": "0001013871",
    "fillingDate": "2013-08-09",
    "acceptedDate": "2013-08-09 15:35:25",
    "calendarYear": "2013",
    "period": "Q2",
    "revenue": 2929000000,
    "costOfRevenue": 2051000000,
    "grossProfit": 878000000,
    "grossProfitRatio": 0.2997610106,
    "researchAndDevelopmentExpenses": 21000000,
    "generalAndAdministrativeExpenses": 0,
    "sellingAndMarketingExpenses": 0,
    "sellingGeneralAndAdministrativeExpenses": 230000000,
    "otherExpenses": 340000000,
    "operatingExpenses": 591000000,
    "costAndExpenses": 2642000000,
    "interestIncome": 0,
    "interestExpense": 206000000,
    "depreciationAndAmortization": 416000000,
    "ebitda": 690000000,
    "ebitdaratio": 0.2355752817,
    "operatingIncome": 287000000,
    "operatingIncomeRatio": 0.0979856606,
    "totalOtherIncomeExpensesNet": -219000000,
    "incomeBeforeTax": 68000000,
    "incomeBeforeTaxRatio": 0.0232161147,
    "incomeTaxExpense": -63000000,
    "netIncome": 124000000,
    "netIncomeRatio": 0.042335268,
    "eps": 0.37,
    "epsdiluted": 0.37,
    "weightedAverageShsOut": 323000000,
    "weightedAverageShsOutDil": 327000000,
    "link": "https://www.sec.gov/Archives/edgar/data/1013871/000101387113000010/0001013871-13-000010-index.htm",
    "finalLink": "https://www.sec.gov/Archives/edgar/data/1013871/000101387113000010/nrg2013063010q.htm"
  },
  {
    "date": "2013-03-31",
    "symbol": "NRG",
    "reportedCurrency": "USD",
    "cik": "0001013871",
    "fillingDate": "2013-05-07",
    "acceptedDate": "2013-05-07 15:48:41",
    "calendarYear": "2013",
    "period": "Q1",
    "revenue": 2081000000,
    "costOfRevenue": 1753000000,
    "grossProfit": 328000000,
    "grossProfitRatio": 0.1576165305,
    "researchAndDevelopmentExpenses": 18000000,
    "generalAndAdministrativeExpenses": 0,
    "sellingAndMarketingExpenses": 0,
    "sellingGeneralAndAdministrativeExpenses": 227000000,
    "otherExpenses": 349000000,
    "operatingExpenses": 594000000,
    "costAndExpenses": 2347000000,
    "interestIncome": 0,
    "interestExpense": 196000000,
    "depreciationAndAmortization": 344000000,
    "ebitda": 57000000,
    "ebitdaratio": 0.0273906776,
    "operatingIncome": -266000000,
    "operatingIncomeRatio": -0.1278231619,
    "totalOtherIncomeExpensesNet": -217000000,
    "incomeBeforeTax": -483000000,
    "incomeBeforeTaxRatio": -0.2320999519,
    "incomeTaxExpense": -152000000,
    "netIncome": -332000000,
    "netIncomeRatio": -0.1595386833,
    "eps": -1.03,
    "epsdiluted": -1.03,
    "weightedAverageShsOut": 323000000,
    "weightedAverageShsOutDil": 323000000,
    "link": "https://www.sec.gov/Archives/edgar/data/1013871/000101387113000006/0001013871-13-000006-index.htm",
    "finalLink": "https://www.sec.gov/Archives/edgar/data/1013871/000101387113000006/nrg2013033110q.htm"
  },
  {
    "date": "2012-12-31",
    "symbol": "NRG",
    "reportedCurrency": "USD",
    "cik": "0001013871",
    "fillingDate": "2013-02-27",
    "acceptedDate": "2013-02-27 15:45:43",
    "calendarYear": "2012",
    "period": "Q4",
    "revenue": 2063000000,
    "costOfRevenue": 1469000000,
    "grossProfit": 594000000,
    "grossProfitRatio": 0.2879301987,
    "researchAndDevelopmentExpenses": 10000000,
    "generalAndAdministrativeExpenses": 0,
    "sellingAndMarketingExpenses": 0,
    "sellingGeneralAndAdministrativeExpenses": 211000000,
    "otherExpenses": 336000000,
    "operatingExpenses": 557000000,
    "costAndExpenses": 2026000000,
    "interestIncome": 0,
    "interestExpense": 166000000,
    "depreciationAndAmortization": 295000000,
    "ebitda": 898000000,
    "ebitdaratio": 0.4352884149,
    "operatingIncome": 37000000,
    "operatingIncomeRatio": 0.017935046,
    "totalOtherIncomeExpensesNet": 400000000,
    "incomeBeforeTax": 437000000,
    "incomeBeforeTaxRatio": 0.2118274358,
    "incomeTaxExpense": -81000000,
    "netIncome": 516000000,
    "netIncomeRatio": 0.2501211827,
    "eps": 0,
    "epsdiluted": 0,
    "weightedAverageShsOut": 230000000,
    "weightedAverageShsOutDil": 231000000,
    "link": "https://www.sec.gov/Archives/edgar/data/1013871/000101387113000003/0001013871-13-000003-index.htm",
    "finalLink": "https://www.sec.gov/Archives/edgar/data/1013871/000101387113000003/a201210-k.htm"
  },
  {
    "date": "2012-09-30",
    "symbol": "NRG",
    "reportedCurrency": "USD",
    "cik": "0001013871",
    "fillingDate": "2012-11-02",
    "acceptedDate": "2012-11-02 13:54:57",
    "calendarYear": "2012",
    "period": "Q3",
    "revenue": 2331000000,
    "costOfRevenue": 1740000000,
    "grossProfit": 591000000,
    "grossProfitRatio": 0.2535392535,
    "researchAndDevelopmentExpenses": 24000000,
    "generalAndAdministrativeExpenses": 0,
    "sellingAndMarketingExpenses": 0,
    "sellingGeneralAndAdministrativeExpenses": 224000000,
    "otherExpenses": 257000000,
    "operatingExpenses": 505000000,
    "costAndExpenses": 2245000000,
    "interestIncome": 0,
    "interestExpense": 163000000,
    "depreciationAndAmortization": 279000000,
    "ebitda": 337000000,
    "ebitdaratio": 0.1445731446,
    "operatingIncome": 86000000,
    "operatingIncomeRatio": 0.0368940369,
    "totalOtherIncomeExpensesNet": -191000000,
    "incomeBeforeTax": -105000000,
    "incomeBeforeTaxRatio": -0.045045045,
    "incomeTaxExpense": -113000000,
    "netIncome": -1000000,
    "netIncomeRatio": -0.0004290004,
    "eps": -0.01,
    "epsdiluted": -0.01,
    "weightedAverageShsOut": 228000000,
    "weightedAverageShsOutDil": 228000000,
    "link": "https://www.sec.gov/Archives/edgar/data/1013871/000101387112000013/0001013871-12-000013-index.htm",
    "finalLink": "https://www.sec.gov/Archives/edgar/data/1013871/000101387112000013/nrg2012093010q.htm"
  },
  {
    "date": "2012-06-30",
    "symbol": "NRG",
    "reportedCurrency": "USD",
    "cik": "0001013871",
    "fillingDate": "2012-08-08",
    "acceptedDate": "2012-08-08 12:37:47",
    "calendarYear": "2012",
    "period": "Q2",
    "revenue": 2166000000,
    "costOfRevenue": 1337000000,
    "grossProfit": 829000000,
    "grossProfitRatio": 0.3827331487,
    "researchAndDevelopmentExpenses": 15000000,
    "generalAndAdministrativeExpenses": 0,
    "sellingAndMarketingExpenses": 0,
    "sellingGeneralAndAdministrativeExpenses": 183000000,
    "otherExpenses": 234000000,
    "operatingExpenses": 432000000,
    "costAndExpenses": 1769000000,
    "interestIncome": 0,
    "interestExpense": 167000000,
    "depreciationAndAmortization": 283000000,
    "ebitda": 696000000,
    "ebitdaratio": 0.3213296399,
    "operatingIncome": 397000000,
    "operatingIncomeRatio": 0.1832871653,
    "totalOtherIncomeExpensesNet": -151000000,
    "incomeBeforeTax": 246000000,
    "incomeBeforeTaxRatio": 0.1135734072,
    "incomeTaxExpense": -13000000,
    "netIncome": 251000000,
    "netIncomeRatio": 0.1158818098,
    "eps": 1.09,
    "epsdiluted": 1.08,
    "weightedAverageShsOut": 228000000,
    "weightedAverageShsOutDil": 229000000,
    "link": "https://www.sec.gov/Archives/edgar/data/1013871/000101387112000009/0001013871-12-000009-index.htm",
    "finalLink": "https://www.sec.gov/Archives/edgar/data/1013871/000101387112000009/nrg2012063010q.htm"
  },
  {
    "date": "2012-03-31",
    "symbol": "NRG",
    "reportedCurrency": "USD",
    "cik": "0001013871",
    "fillingDate": "2012-05-03",
    "acceptedDate": "2012-05-03 12:41:00",
    "calendarYear": "2012",
    "period": "Q1",
    "revenue": 1862000000,
    "costOfRevenue": 1583000000,
    "grossProfit": 279000000,
    "grossProfitRatio": 0.1498388829,
    "researchAndDevelopmentExpenses": 13000000,
    "generalAndAdministrativeExpenses": 0,
    "sellingAndMarketingExpenses": 0,
    "sellingGeneralAndAdministrativeExpenses": 206000000,
    "otherExpenses": 230000000,
    "operatingExpenses": 449000000,
    "costAndExpenses": 2032000000,
    "interestIncome": 0,
    "interestExpense": 165000000,
    "depreciationAndAmortization": 278000000,
    "ebitda": 117000000,
    "ebitdaratio": 0.0628356606,
    "operatingIncome": -170000000,
    "operatingIncomeRatio": -0.0912996778,
    "totalOtherIncomeExpensesNet": -156000000,
    "incomeBeforeTax": -326000000,
    "incomeBeforeTaxRatio": -0.1750805585,
    "incomeTaxExpense": -120000000,
    "netIncome": -207000000,
    "netIncomeRatio": -0.1111707841,
    "eps": -0.92,
    "epsdiluted": -0.92,
    "weightedAverageShsOut": 228000000,
    "weightedAverageShsOutDil": 228000000,
    "link": "https://www.sec.gov/Archives/edgar/data/1013871/000144530512001407/0001445305-12-001407-index.htm",
    "finalLink": "https://www.sec.gov/Archives/edgar/data/1013871/000144530512001407/nrg2012033110q.htm"
  },
  {
    "date": "2011-12-31",
    "symbol": "NRG",
    "reportedCurrency": "USD",
    "cik": "0001013871",
    "fillingDate": "2012-02-28",
    "acceptedDate": "2012-02-28 13:33:40",
    "calendarYear": "2011",
    "period": "Q4",
    "revenue": 2132000000,
    "costOfRevenue": 1690000000,
    "grossProfit": 442000000,
    "grossProfitRatio": 0.2073170732,
    "researchAndDevelopmentExpenses": 13000000,
    "generalAndAdministrativeExpenses": 0,
    "sellingAndMarketingExpenses": 0,
    "sellingGeneralAndAdministrativeExpenses": 189000000,
    "otherExpenses": 231000000,
    "operatingExpenses": 433000000,
    "costAndExpenses": 2123000000,
    "interestIncome": 0,
    "interestExpense": 161000000,
    "depreciationAndAmortization": 288000000,
    "ebitda": 312000000,
    "ebitdaratio": 0.1463414634,
    "operatingIncome": 9000000,
    "operatingIncomeRatio": 0.0042213884,
    "totalOtherIncomeExpensesNet": -146000000,
    "incomeBeforeTax": -137000000,
    "incomeBeforeTaxRatio": -0.0642589118,
    "incomeTaxExpense": -28000000,
    "netIncome": -109000000,
    "netIncomeRatio": -0.0511257036,
    "eps": 0,
    "epsdiluted": 0,
    "weightedAverageShsOut": 228000000,
    "weightedAverageShsOutDil": 228000000,
    "link": "https://www.sec.gov/Archives/edgar/data/1013871/000144530512000493/0001445305-12-000493-index.htm",
    "finalLink": "https://www.sec.gov/Archives/edgar/data/1013871/000144530512000493/a201110-k.htm"
  },
  {
    "date": "2011-09-30",
    "symbol": "NRG",
    "reportedCurrency": "USD",
    "cik": "0001013871",
    "fillingDate": "2011-11-03",
    "acceptedDate": "2011-11-03 12:51:13",
    "calendarYear": "2011",
    "period": "Q3",
    "revenue": 2674000000,
    "costOfRevenue": 2053000000,
    "grossProfit": 621000000,
    "grossProfitRatio": 0.23223635,
    "researchAndDevelopmentExpenses": 11000000,
    "generalAndAdministrativeExpenses": 0,
    "sellingAndMarketingExpenses": 0,
    "sellingGeneralAndAdministrativeExpenses": 169000000,
    "otherExpenses": 398000000,
    "operatingExpenses": 578000000,
    "costAndExpenses": 2631000000,
    "interestIncome": 0,
    "interestExpense": 164000000,
    "depreciationAndAmortization": 275000000,
    "ebitda": 304000000,
    "ebitdaratio": 0.1136873598,
    "operatingIncome": 43000000,
    "operatingIncomeRatio": 0.0160807779,
    "totalOtherIncomeExpensesNet": -178000000,
    "incomeBeforeTax": -135000000,
    "incomeBeforeTaxRatio": -0.0504861631,
    "incomeTaxExpense": -80000000,
    "netIncome": -55000000,
    "netIncomeRatio": -0.0205684368,
    "eps": -0.24,
    "epsdiluted": -0.24,
    "weightedAverageShsOut": 240000000,
    "weightedAverageShsOutDil": 240000000,
    "link": "https://www.sec.gov/Archives/edgar/data/1013871/000144530511003199/0001445305-11-003199-index.htm",
    "finalLink": "https://www.sec.gov/Archives/edgar/data/1013871/000144530511003199/nrg2011093010q.htm"
  },
  {
    "date": "2011-06-30",
    "symbol": "NRG",
    "reportedCurrency": "USD",
    "cik": "0001013871",
    "fillingDate": "2011-08-04",
    "acceptedDate": "2011-08-04 12:41:24",
    "calendarYear": "2011",
    "period": "Q2",
    "revenue": 2278000000,
    "costOfRevenue": 1608000000,
    "grossProfit": 670000000,
    "grossProfitRatio": 0.2941176471,
    "researchAndDevelopmentExpenses": 12000000,
    "generalAndAdministrativeExpenses": 0,
    "sellingAndMarketingExpenses": 0,
    "sellingGeneralAndAdministrativeExpenses": 167000000,
    "otherExpenses": 222000000,
    "operatingExpenses": 401000000,
    "costAndExpenses": 2009000000,
    "interestIncome": 0,
    "interestExpense": 167000000,
    "depreciationAndAmortization": 275000000,
    "ebitda": 433000000,
    "ebitdaratio": 0.1900790167,
    "operatingIncome": 269000000,
    "operatingIncomeRatio": 0.1180860404,
    "totalOtherIncomeExpensesNet": -278000000,
    "incomeBeforeTax": -9000000,
    "incomeBeforeTaxRatio": -0.0039508341,
    "incomeTaxExpense": -630000000,
    "netIncome": 621000000,
    "netIncomeRatio": 0.2726075505,
    "eps": 2.54,
    "epsdiluted": 2.53,
    "weightedAverageShsOut": 243000000,
    "weightedAverageShsOutDil": 244000000,
    "link": "https://www.sec.gov/Archives/edgar/data/1013871/000144530511002344/0001445305-11-002344-index.htm",
    "finalLink": "https://www.sec.gov/Archives/edgar/data/1013871/000144530511002344/nrg201163010q.htm"
  },
  {
    "date": "2011-03-31",
    "symbol": "NRG",
    "reportedCurrency": "USD",
    "cik": "0001013871",
    "fillingDate": "2011-05-05",
    "acceptedDate": "2011-05-05 12:55:45",
    "calendarYear": "2011",
    "period": "Q1",
    "revenue": 1995000000,
    "costOfRevenue": 1324000000,
    "grossProfit": 671000000,
    "grossProfitRatio": 0.3363408521,
    "researchAndDevelopmentExpenses": 9000000,
    "generalAndAdministrativeExpenses": 0,
    "sellingAndMarketingExpenses": 0,
    "sellingGeneralAndAdministrativeExpenses": 143000000,
    "otherExpenses": 205000000,
    "operatingExpenses": 357000000,
    "costAndExpenses": 1681000000,
    "interestIncome": 0,
    "interestExpense": 173000000,
    "depreciationAndAmortization": 264000000,
    "ebitda": 72000000,
    "ebitdaratio": 0.0360902256,
    "operatingIncome": 314000000,
    "operatingIncomeRatio": 0.1573934837,
    "totalOtherIncomeExpensesNet": -679000000,
    "incomeBeforeTax": -365000000,
    "incomeBeforeTaxRatio": -0.1829573935,
    "incomeTaxExpense": -105000000,
    "netIncome": -260000000,
    "netIncomeRatio": -0.1303258145,
    "eps": -1.06,
    "epsdiluted": -1.06,
    "weightedAverageShsOut": 247000000,
    "weightedAverageShsOutDil": 247000000,
    "link": "https://www.sec.gov/Archives/edgar/data/1013871/000110465911026199/0001104659-11-026199-index.htm",
    "finalLink": "https://www.sec.gov/Archives/edgar/data/1013871/000110465911026199/a11-8686_110q.htm"
  },
  {
    "date": "2010-12-31",
    "symbol": "NRG",
    "reportedCurrency": "USD",
    "cik": "0001013871",
    "fillingDate": "2011-02-22",
    "acceptedDate": "2011-02-22 14:09:25",
    "calendarYear": "2010",
    "period": "Q4",
    "revenue": 1816000000,
    "costOfRevenue": 1270000000,
    "grossProfit": 546000000,
    "grossProfitRatio": 0.300660793,
    "researchAndDevelopmentExpenses": 19000000,
    "generalAndAdministrativeExpenses": 0,
    "sellingAndMarketingExpenses": 0,
    "sellingGeneralAndAdministrativeExpenses": 157000000,
    "otherExpenses": 218000000,
    "operatingExpenses": 394000000,
    "costAndExpenses": 1664000000,
    "interestIncome": 0,
    "interestExpense": 163000000,
    "depreciationAndAmortization": 249000000,
    "ebitda": 403000000,
    "ebitdaratio": 0.2219162996,
    "operatingIncome": 152000000,
    "operatingIncomeRatio": 0.0837004405,
    "totalOtherIncomeExpensesNet": -161000000,
    "incomeBeforeTax": -9000000,
    "incomeBeforeTaxRatio": -0.0049559471,
    "incomeTaxExpense": 6000000,
    "netIncome": -15000000,
    "netIncomeRatio": -0.0082599119,
    "eps": 0,
    "epsdiluted": 0,
    "weightedAverageShsOut": 246000000,
    "weightedAverageShsOutDil": 247000000,
    "link": "https://www.sec.gov/Archives/edgar/data/1013871/000104746911001125/0001047469-11-001125-index.htm",
    "finalLink": "https://www.sec.gov/Archives/edgar/data/1013871/000104746911001125/a2202097z10-k.htm"
  },
  {
    "date": "2010-09-30",
    "symbol": "NRG",
    "reportedCurrency": "USD",
    "cik": "0001013871",
    "fillingDate": "2010-11-04",
    "acceptedDate": "2010-11-04 12:34:43",
    "calendarYear": "2010",
    "period": "Q3",
    "revenue": 2685000000,
    "costOfRevenue": 1835000000,
    "grossProfit": 850000000,
    "grossProfitRatio": 0.3165735568,
    "researchAndDevelopmentExpenses": 14000000,
    "generalAndAdministrativeExpenses": 0,
    "sellingAndMarketingExpenses": 0,
    "sellingGeneralAndAdministrativeExpenses": 172000000,
    "otherExpenses": 210000000,
    "operatingExpenses": 396000000,
    "costAndExpenses": 2231000000,
    "interestIncome": 0,
    "interestExpense": 169000000,
    "depreciationAndAmortization": 203000000,
    "ebitda": 690000000,
    "ebitdaratio": 0.2569832402,
    "operatingIncome": 454000000,
    "operatingIncomeRatio": 0.1690875233,
    "totalOtherIncomeExpensesNet": -142000000,
    "incomeBeforeTax": 312000000,
    "incomeBeforeTaxRatio": 0.1162011173,
    "incomeTaxExpense": 89000000,
    "netIncome": 223000000,
    "netIncomeRatio": 0.0830540037,
    "eps": 0.88,
    "epsdiluted": 0.87,
    "weightedAverageShsOut": 252000000,
    "weightedAverageShsOutDil": 253000000,
    "link": "https://www.sec.gov/Archives/edgar/data/1013871/000095012310100699/0000950123-10-100699-index.htm",
    "finalLink": "https://www.sec.gov/Archives/edgar/data/1013871/000095012310100699/y86427e10vq.htm"
  },
  {
    "date": "2010-06-30",
    "symbol": "NRG",
    "reportedCurrency": "USD",
    "cik": "0001013871",
    "fillingDate": "2010-08-02",
    "acceptedDate": "2010-08-02 12:29:19",
    "calendarYear": "2010",
    "period": "Q2",
    "revenue": 2133000000,
    "costOfRevenue": 1329000000,
    "grossProfit": 804000000,
    "grossProfitRatio": 0.3769338959,
    "researchAndDevelopmentExpenses": 13000000,
    "generalAndAdministrativeExpenses": 0,
    "sellingAndMarketingExpenses": 0,
    "sellingGeneralAndAdministrativeExpenses": 139000000,
    "otherExpenses": 208000000,
    "operatingExpenses": 360000000,
    "costAndExpenses": 1689000000,
    "interestIncome": 0,
    "interestExpense": 147000000,
    "depreciationAndAmortization": 218000000,
    "ebitda": 692000000,
    "ebitdaratio": 0.3244256915,
    "operatingIncome": 444000000,
    "operatingIncomeRatio": 0.2081575246,
    "totalOtherIncomeExpensesNet": -117000000,
    "incomeBeforeTax": 327000000,
    "incomeBeforeTaxRatio": 0.1533052039,
    "incomeTaxExpense": 117000000,
    "netIncome": 211000000,
    "netIncomeRatio": 0.0989217065,
    "eps": 0.82,
    "epsdiluted": 0.81,
    "weightedAverageShsOut": 255000000,
    "weightedAverageShsOutDil": 256000000,
    "link": "https://www.sec.gov/Archives/edgar/data/1013871/000095012310070956/0000950123-10-070956-index.htm",
    "finalLink": "https://www.sec.gov/Archives/edgar/data/1013871/000095012310070956/y84600e10vq.htm"
  },
  {
    "date": "2010-03-31",
    "symbol": "NRG",
    "reportedCurrency": "USD",
    "cik": "0001013871",
    "fillingDate": "2010-05-10",
    "acceptedDate": "2010-05-10 12:11:17",
    "calendarYear": "2010",
    "period": "Q1",
    "revenue": 2215000000,
    "costOfRevenue": 1639000000,
    "grossProfit": 576000000,
    "grossProfitRatio": 0.2600451467,
    "researchAndDevelopmentExpenses": 9000000,
    "generalAndAdministrativeExpenses": 0,
    "sellingAndMarketingExpenses": 0,
    "sellingGeneralAndAdministrativeExpenses": 130000000,
    "otherExpenses": 179000000,
    "operatingExpenses": 318000000,
    "costAndExpenses": 1957000000,
    "interestIncome": 0,
    "interestExpense": 153000000,
    "depreciationAndAmortization": 212000000,
    "ebitda": 488000000,
    "ebitdaratio": 0.2203160271,
    "operatingIncome": 258000000,
    "operatingIncomeRatio": 0.1164785553,
    "totalOtherIncomeExpensesNet": -135000000,
    "incomeBeforeTax": 123000000,
    "incomeBeforeTaxRatio": 0.055530474,
    "incomeTaxExpense": 65000000,
    "netIncome": 58000000,
    "netIncomeRatio": 0.0261851016,
    "eps": 0.22,
    "epsdiluted": 0.22,
    "weightedAverageShsOut": 254000000,
    "weightedAverageShsOutDil": 257000000,
    "link": "https://www.sec.gov/Archives/edgar/data/1013871/000095012310046942/0000950123-10-046942-index.htm",
    "finalLink": "https://www.sec.gov/Archives/edgar/data/1013871/000095012310046942/y83568e10vq.htm"
  },
  {
    "date": "2009-12-31",
    "symbol": "NRG",
    "reportedCurrency": "USD",
    "cik": "0001013871",
    "fillingDate": "2010-02-23",
    "acceptedDate": "2010-02-23 17:17:24",
    "calendarYear": "2009",
    "period": "Q4",
    "revenue": 2141000000,
    "costOfRevenue": 1422000000,
    "grossProfit": 719000000,
    "grossProfitRatio": 0.3358243811,
    "researchAndDevelopmentExpenses": 14000000,
    "generalAndAdministrativeExpenses": 0,
    "sellingAndMarketingExpenses": 0,
    "sellingGeneralAndAdministrativeExpenses": 167000000,
    "otherExpenses": 224000000,
    "operatingExpenses": 405000000,
    "costAndExpenses": 1827000000,
    "interestIncome": 0,
    "interestExpense": 159000000,
    "depreciationAndAmortization": 306000000,
    "ebitda": 612000000,
    "ebitdaratio": 0.2858477347,
    "operatingIncome": 314000000,
    "operatingIncomeRatio": 0.146660439,
    "totalOtherIncomeExpensesNet": -167000000,
    "incomeBeforeTax": 147000000,
    "incomeBeforeTaxRatio": 0.0686595049,
    "incomeTaxExpense": 114000000,
    "netIncome": 33000000,
    "netIncomeRatio": 0.0154133582,
    "eps": 0,
    "epsdiluted": 0,
    "weightedAverageShsOut": 243000000,
    "weightedAverageShsOutDil": 254000000,
    "link": "https://www.sec.gov/Archives/edgar/data/1013871/000095012310015824/0000950123-10-015824-index.htm",
    "finalLink": "https://www.sec.gov/Archives/edgar/data/1013871/000095012310015824/y81314e10vk.htm"
  },
  {
    "date": "2009-09-30",
    "symbol": "NRG",
    "reportedCurrency": "USD",
    "cik": "0001013871",
    "fillingDate": "2009-11-02",
    "acceptedDate": "2009-11-02 15:49:07",
    "calendarYear": "2009",
    "period": "Q3",
    "revenue": 2916000000,
    "costOfRevenue": 1893000000,
    "grossProfit": 1023000000,
    "grossProfitRatio": 0.3508230453,
    "researchAndDevelopmentExpenses": 12000000,
    "generalAndAdministrativeExpenses": 6000000,
    "sellingAndMarketingExpenses": 176000000,
    "sellingGeneralAndAdministrativeExpenses": 182000000,
    "otherExpenses": 218000000,
    "operatingExpenses": 412000000,
    "costAndExpenses": 2305000000,
    "interestIncome": 0,
    "interestExpense": 178000000,
    "depreciationAndAmortization": 285000000,
    "ebitda": 907000000,
    "ebitdaratio": 0.311042524,
    "operatingIncome": 611000000,
    "operatingIncomeRatio": 0.2095336077,
    "totalOtherIncomeExpensesNet": -167000000,
    "incomeBeforeTax": 444000000,
    "incomeBeforeTaxRatio": 0.1522633745,
    "incomeTaxExpense": 166000000,
    "netIncome": 278000000,
    "netIncomeRatio": 0.0953360768,
    "eps": 1.09,
    "epsdiluted": 1.02,
    "weightedAverageShsOut": 249000000,
    "weightedAverageShsOutDil": 272000000,
    "link": "https://www.sec.gov/Archives/edgar/data/1013871/000095012309056216/0000950123-09-056216-index.htm",
    "finalLink": "https://www.sec.gov/Archives/edgar/data/1013871/000095012309056216/y79152e10vq.htm"
  },
  {
    "date": "2009-06-30",
    "symbol": "NRG",
    "reportedCurrency": "USD",
    "cik": "0001013871",
    "fillingDate": "2009-07-30",
    "acceptedDate": "2009-07-30 15:13:56",
    "calendarYear": "2009",
    "period": "Q2",
    "revenue": 2237000000,
    "costOfRevenue": 1242000000,
    "grossProfit": 995000000,
    "grossProfitRatio": 0.4447921323,
    "researchAndDevelopmentExpenses": 9000000,
    "generalAndAdministrativeExpenses": 0,
    "sellingAndMarketingExpenses": 0,
    "sellingGeneralAndAdministrativeExpenses": 131000000,
    "otherExpenses": 236000000,
    "operatingExpenses": 376000000,
    "costAndExpenses": 1618000000,
    "interestIncome": 0,
    "interestExpense": 159000000,
    "depreciationAndAmortization": 271000000,
    "ebitda": 1012000000,
    "ebitdaratio": 0.4523915959,
    "operatingIncome": 619000000,
    "operatingIncomeRatio": 0.2767098793,
    "totalOtherIncomeExpensesNet": -37000000,
    "incomeBeforeTax": 582000000,
    "incomeBeforeTaxRatio": 0.2601698704,
    "incomeTaxExpense": 150000000,
    "netIncome": 433000000,
    "netIncomeRatio": 0.1935628073,
    "eps": 1.68,
    "epsdiluted": 1.56,
    "weightedAverageShsOut": 253000000,
    "weightedAverageShsOutDil": 275000000,
    "link": "https://www.sec.gov/Archives/edgar/data/1013871/000095012309027607/0000950123-09-027607-index.htm",
    "finalLink": "https://www.sec.gov/Archives/edgar/data/1013871/000095012309027607/y78353e10vq.htm"
  },
  {
    "date": "2009-03-31",
    "symbol": "NRG",
    "reportedCurrency": "USD",
    "cik": "0001013871",
    "fillingDate": "2009-04-30",
    "acceptedDate": "2009-04-30 12:30:40",
    "calendarYear": "2009",
    "period": "Q1",
    "revenue": 1658000000,
    "costOfRevenue": 766000000,
    "grossProfit": 892000000,
    "grossProfitRatio": 0.5379975875,
    "researchAndDevelopmentExpenses": 13000000,
    "generalAndAdministrativeExpenses": 0,
    "sellingAndMarketingExpenses": 0,
    "sellingGeneralAndAdministrativeExpenses": 95000000,
    "otherExpenses": 169000000,
    "operatingExpenses": 277000000,
    "costAndExpenses": 1043000000,
    "interestIncome": 0,
    "interestExpense": 138000000,
    "depreciationAndAmortization": 145000000,
    "ebitda": 803000000,
    "ebitdaratio": 0.484318456,
    "operatingIncome": 615000000,
    "operatingIncomeRatio": 0.3709288299,
    "totalOtherIncomeExpensesNet": -119000000,
    "incomeBeforeTax": 496000000,
    "incomeBeforeTaxRatio": 0.2991556092,
    "incomeTaxExpense": 298000000,
    "netIncome": 198000000,
    "netIncomeRatio": 0.1194209891,
    "eps": 0.78,
    "epsdiluted": 0.7,
    "weightedAverageShsOut": 237000000,
    "weightedAverageShsOutDil": 275000000,
    "link": "https://www.sec.gov/Archives/edgar/data/1013871/000095012309007582/0000950123-09-007582-index.htm",
    "finalLink": "https://www.sec.gov/Archives/edgar/data/1013871/000095012309007582/y76733e10vq.htm"
  },
  {
    "date": "2008-12-31",
    "symbol": "NRG",
    "reportedCurrency": "USD",
    "cik": "0001013871",
    "fillingDate": "2009-04-30",
    "acceptedDate": "2009-04-30 10:48:32",
    "calendarYear": "2008",
    "period": "Q4",
    "revenue": 1577000000,
    "costOfRevenue": 0,
    "grossProfit": 1577000000,
    "grossProfitRatio": 1,
    "researchAndDevelopmentExpenses": 0,
    "generalAndAdministrativeExpenses": 0,
    "sellingAndMarketingExpenses": 0,
    "sellingGeneralAndAdministrativeExpenses": 57000000,
    "otherExpenses": 1003000000,
    "operatingExpenses": 1060000000,
    "costAndExpenses": 1060000000,
    "interestIncome": 0,
    "interestExpense": 0,
    "depreciationAndAmortization": 92000000,
    "ebitda": 764000000,
    "ebitdaratio": 0.4844641725,
    "operatingIncome": 517000000,
    "operatingIncomeRatio": 0.3278376665,
    "totalOtherIncomeExpensesNet": -112000000,
    "incomeBeforeTax": 405000000,
    "incomeBeforeTaxRatio": 0.2568167406,
    "incomeTaxExpense": 182000000,
    "netIncome": 223000000,
    "netIncomeRatio": 0.1414077362,
    "eps": 0,
    "epsdiluted": 0,
    "weightedAverageShsOut": 232000000,
    "weightedAverageShsOutDil": 237000000,
    "link": "https://www.sec.gov/Archives/edgar/data/1013871/000095012309007571/0000950123-09-007571-index.htm",
    "finalLink": "https://www.sec.gov/Archives/edgar/data/1013871/000095012309007571/y76840e10vkza.htm"
  },
  {
    "date": "2008-09-30",
    "symbol": "NRG",
    "reportedCurrency": "USD",
    "cik": "0001013871",
    "fillingDate": "2008-10-30",
    "acceptedDate": "2008-10-30 16:02:51",
    "calendarYear": "2008",
    "period": "Q3",
    "revenue": 2690000000,
    "costOfRevenue": 0,
    "grossProfit": 2690000000,
    "grossProfitRatio": 1,
    "researchAndDevelopmentExpenses": 0,
    "generalAndAdministrativeExpenses": 0,
    "sellingAndMarketingExpenses": 0,
    "sellingGeneralAndAdministrativeExpenses": 88000000,
    "otherExpenses": 1153000000,
    "operatingExpenses": 1241000000,
    "costAndExpenses": 1241000000,
    "interestIncome": 0,
    "interestExpense": 186000000,
    "depreciationAndAmortization": 121000000,
    "ebitda": 1605000000,
    "ebitdaratio": 0.5966542751,
    "operatingIncome": 1449000000,
    "operatingIncomeRatio": 0.53866171,
    "totalOtherIncomeExpensesNet": -135000000,
    "incomeBeforeTax": 1314000000,
    "incomeBeforeTaxRatio": 0.4884758364,
    "incomeTaxExpense": 530000000,
    "netIncome": 784000000,
    "netIncomeRatio": 0.2914498141,
    "eps": 3.28,
    "epsdiluted": 2.83,
    "weightedAverageShsOut": 235000000,
    "weightedAverageShsOutDil": 277000000,
    "link": "https://www.sec.gov/Archives/edgar/data/1013871/000095012308013936/0000950123-08-013936-index.htm",
    "finalLink": "https://www.sec.gov/Archives/edgar/data/1013871/000095012308013936/y72203e10vq.htm"
  },
  {
    "date": "2008-06-30",
    "symbol": "NRG",
    "reportedCurrency": "USD",
    "cik": "0001013871",
    "fillingDate": "2008-08-01",
    "acceptedDate": "2008-08-01 13:44:59",
    "calendarYear": "2008",
    "period": "Q2",
    "revenue": 1316000000,
    "costOfRevenue": 1011000000,
    "grossProfit": 305000000,
    "grossProfitRatio": 0.2317629179,
    "researchAndDevelopmentExpenses": 4000000,
    "generalAndAdministrativeExpenses": 0,
    "sellingAndMarketingExpenses": 0,
    "sellingGeneralAndAdministrativeExpenses": 83000000,
    "otherExpenses": 161000000,
    "operatingExpenses": 248000000,
    "costAndExpenses": 1259000000,
    "interestIncome": 0,
    "interestExpense": 144000000,
    "depreciationAndAmortization": 95000000,
    "ebitda": 211000000,
    "ebitdaratio": 0.1603343465,
    "operatingIncome": 57000000,
    "operatingIncomeRatio": 0.0433130699,
    "totalOtherIncomeExpensesNet": -151000000,
    "incomeBeforeTax": -94000000,
    "incomeBeforeTaxRatio": -0.0714285714,
    "incomeTaxExpense": -53000000,
    "netIncome": 127000000,
    "netIncomeRatio": 0.0965045593,
    "eps": 0.48,
    "epsdiluted": 0.48,
    "weightedAverageShsOut": 236000000,
    "weightedAverageShsOutDil": 236000000,
    "link": "https://www.sec.gov/Archives/edgar/data/1013871/000095012308008692/0000950123-08-008692-index.htm",
    "finalLink": "https://www.sec.gov/Archives/edgar/data/1013871/000095012308008692/y64289e10vq.htm"
  },
  {
    "date": "2008-03-31",
    "symbol": "NRG",
    "reportedCurrency": "USD",
    "cik": "0001013871",
    "fillingDate": "2008-05-01",
    "acceptedDate": "2008-05-01 16:48:34",
    "calendarYear": "2008",
    "period": "Q1",
    "revenue": 1302000000,
    "costOfRevenue": 804000000,
    "grossProfit": 498000000,
    "grossProfitRatio": 0.3824884793,
    "researchAndDevelopmentExpenses": 12000000,
    "generalAndAdministrativeExpenses": 0,
    "sellingAndMarketingExpenses": 0,
    "sellingGeneralAndAdministrativeExpenses": 75000000,
    "otherExpenses": 161000000,
    "operatingExpenses": 248000000,
    "costAndExpenses": 1052000000,
    "interestIncome": 0,
    "interestExpense": 156000000,
    "depreciationAndAmortization": 110000000,
    "ebitda": 416000000,
    "ebitdaratio": 0.3195084485,
    "operatingIncome": 250000000,
    "operatingIncomeRatio": 0.1920122888,
    "totalOtherIncomeExpensesNet": -151000000,
    "incomeBeforeTax": 99000000,
    "incomeBeforeTaxRatio": 0.0760368664,
    "incomeTaxExpense": 54000000,
    "netIncome": 49000000,
    "netIncomeRatio": 0.0376344086,
    "eps": 0.15,
    "epsdiluted": 0.14,
    "weightedAverageShsOut": 236000000,
    "weightedAverageShsOutDil": 245000000,
    "link": "https://www.sec.gov/Archives/edgar/data/1013871/000095012308004996/0000950123-08-004996-index.htm",
    "finalLink": "https://www.sec.gov/Archives/edgar/data/1013871/000095012308004996/y56678e10vq.htm"
  },
  {
    "date": "2007-12-31",
    "symbol": "NRG",
    "reportedCurrency": "USD",
    "cik": "0001013871",
    "fillingDate": "2008-02-28",
    "acceptedDate": "2008-02-28 16:39:25",
    "calendarYear": "2007",
    "period": "Q4",
    "revenue": 1345000000,
    "costOfRevenue": 0,
    "grossProfit": 1345000000,
    "grossProfitRatio": 1,
    "researchAndDevelopmentExpenses": 0,
    "generalAndAdministrativeExpenses": 0,
    "sellingAndMarketingExpenses": 0,
    "sellingGeneralAndAdministrativeExpenses": -35000000,
    "otherExpenses": 1068000000,
    "operatingExpenses": 1033000000,
    "costAndExpenses": 1033000000,
    "interestIncome": 0,
    "interestExpense": 0,
    "depreciationAndAmortization": 72000000,
    "ebitda": 562000000,
    "ebitdaratio": 0.4178438662,
    "operatingIncome": 312000000,
    "operatingIncomeRatio": 0.2319702602,
    "totalOtherIncomeExpensesNet": -152000000,
    "incomeBeforeTax": 160000000,
    "incomeBeforeTaxRatio": 0.1189591078,
    "incomeTaxExpense": 73000000,
    "netIncome": 104000000,
    "netIncomeRatio": 0.0773234201,
    "eps": 0,
    "epsdiluted": 0,
    "weightedAverageShsOut": 236000000,
    "weightedAverageShsOutDil": 236000000,
    "link": "https://www.sec.gov/Archives/edgar/data/1013871/000095012308002271/0000950123-08-002271-index.htm",
    "finalLink": "https://www.sec.gov/Archives/edgar/data/1013871/000095012308002271/y50403e10vk.htm"
  },
  {
    "date": "2007-09-30",
    "symbol": "NRG",
    "reportedCurrency": "USD",
    "cik": "0001013871",
    "fillingDate": "2007-11-02",
    "acceptedDate": "2007-11-02 12:45:34",
    "calendarYear": "2007",
    "period": "Q3",
    "revenue": 1786000000,
    "costOfRevenue": 0,
    "grossProfit": 1786000000,
    "grossProfitRatio": 1,
    "researchAndDevelopmentExpenses": 0,
    "generalAndAdministrativeExpenses": 0,
    "sellingAndMarketingExpenses": 0,
    "sellingGeneralAndAdministrativeExpenses": 128000000,
    "otherExpenses": 1104000000,
    "operatingExpenses": 1232000000,
    "costAndExpenses": 1232000000,
    "interestIncome": 0,
    "interestExpense": 0,
    "depreciationAndAmortization": 151000000,
    "ebitda": 715000000,
    "ebitdaratio": 0.4003359462,
    "operatingIncome": 554000000,
    "operatingIncomeRatio": 0.3101903695,
    "totalOtherIncomeExpensesNet": -139000000,
    "incomeBeforeTax": 415000000,
    "incomeBeforeTaxRatio": 0.2323628219,
    "incomeTaxExpense": 147000000,
    "netIncome": 268000000,
    "netIncomeRatio": 0.150055991,
    "eps": 1.07,
    "epsdiluted": 0.93,
    "weightedAverageShsOut": 239000000,
    "weightedAverageShsOutDil": 285000000,
    "link": "https://www.sec.gov/Archives/edgar/data/1013871/000095012307014739/0000950123-07-014739-index.htm",
    "finalLink": "https://www.sec.gov/Archives/edgar/data/1013871/000095012307014739/y41729e10vq.htm"
  },
  {
    "date": "2007-06-30",
    "symbol": "NRG",
    "reportedCurrency": "USD",
    "cik": "0001013871",
    "fillingDate": "2007-08-02",
    "acceptedDate": "2007-08-02 16:15:50",
    "calendarYear": "2007",
    "period": "Q2",
    "revenue": 1536000000,
    "costOfRevenue": 0,
    "grossProfit": 1536000000,
    "grossProfitRatio": 1,
    "researchAndDevelopmentExpenses": 0,
    "generalAndAdministrativeExpenses": 0,
    "sellingAndMarketingExpenses": 0,
    "sellingGeneralAndAdministrativeExpenses": 107000000,
    "otherExpenses": 1036000000,
    "operatingExpenses": 1143000000,
    "costAndExpenses": 1143000000,
    "interestIncome": 0,
    "interestExpense": 174000000,
    "depreciationAndAmortization": 179000000,
    "ebitda": 572000000,
    "ebitdaratio": 0.3723958333,
    "operatingIncome": 393000000,
    "operatingIncomeRatio": 0.255859375,
    "totalOtherIncomeExpensesNet": -150000000,
    "incomeBeforeTax": 243000000,
    "incomeBeforeTaxRatio": 0.158203125,
    "incomeTaxExpense": 100000000,
    "netIncome": 149000000,
    "netIncomeRatio": 0.0970052083,
    "eps": 0.56,
    "epsdiluted": 0.51,
    "weightedAverageShsOut": 240000000,
    "weightedAverageShsOutDil": 288000000,
    "link": "https://www.sec.gov/Archives/edgar/data/1013871/000095012307010741/0000950123-07-010741-index.htm",
    "finalLink": "https://www.sec.gov/Archives/edgar/data/1013871/000095012307010741/y37759e10vq.htm"
  },
  {
    "date": "2007-03-31",
    "symbol": "NRG",
    "reportedCurrency": "USD",
    "cik": "0001013871",
    "fillingDate": "2007-05-02",
    "acceptedDate": "2007-05-02 15:38:31",
    "calendarYear": "2007",
    "period": "Q1",
    "revenue": 1299000000,
    "costOfRevenue": 0,
    "grossProfit": 1299000000,
    "grossProfitRatio": 1,
    "researchAndDevelopmentExpenses": 0,
    "generalAndAdministrativeExpenses": 0,
    "sellingAndMarketingExpenses": 0,
    "sellingGeneralAndAdministrativeExpenses": 85000000,
    "otherExpenses": 964000000,
    "operatingExpenses": 1049000000,
    "costAndExpenses": 1049000000,
    "interestIncome": 0,
    "interestExpense": 0,
    "depreciationAndAmortization": 161000000,
    "ebitda": 411000000,
    "ebitdaratio": 0.3163972286,
    "operatingIncome": 250000000,
    "operatingIncomeRatio": 0.1924557352,
    "totalOtherIncomeExpensesNet": -134000000,
    "incomeBeforeTax": 116000000,
    "incomeBeforeTaxRatio": 0.0892994611,
    "incomeTaxExpense": 55000000,
    "netIncome": 65000000,
    "netIncomeRatio": 0.0500384911,
    "eps": 0.21,
    "epsdiluted": 0.2,
    "weightedAverageShsOut": 244000000,
    "weightedAverageShsOutDil": 271000000,
    "link": "https://www.sec.gov/Archives/edgar/data/1013871/000095012307006552/0000950123-07-006552-index.htm",
    "finalLink": "https://www.sec.gov/Archives/edgar/data/1013871/000095012307006552/y34330e10vq.htm"
  },
  {
    "date": "2006-12-31",
    "symbol": "NRG",
    "reportedCurrency": "USD",
    "cik": "0001013871",
    "fillingDate": "2007-02-28",
    "acceptedDate": "2007-02-28 17:17:01",
    "calendarYear": "2006",
    "period": "Q4",
    "revenue": 1144000000,
    "costOfRevenue": 0,
    "grossProfit": 1144000000,
    "grossProfitRatio": 1,
    "researchAndDevelopmentExpenses": 0,
    "generalAndAdministrativeExpenses": 0,
    "sellingAndMarketingExpenses": 0,
    "sellingGeneralAndAdministrativeExpenses": 96000000,
    "otherExpenses": 948000000,
    "operatingExpenses": 1044000000,
    "costAndExpenses": 1044000000,
    "interestIncome": 0,
    "interestExpense": 179000000,
    "depreciationAndAmortization": 123000000,
    "ebitda": 250000000,
    "ebitdaratio": 0.2185314685,
    "operatingIncome": 100000000,
    "operatingIncomeRatio": 0.0874125874,
    "totalOtherIncomeExpensesNet": -132000000,
    "incomeBeforeTax": -32000000,
    "incomeBeforeTaxRatio": -0.027972028,
    "incomeTaxExpense": 1000000,
    "netIncome": -30000000,
    "netIncomeRatio": -0.0262237762,
    "eps": 0,
    "epsdiluted": 0,
    "weightedAverageShsOut": 244000000,
    "weightedAverageShsOutDil": 244000000,
    "link": "https://www.sec.gov/Archives/edgar/data/1013871/000095012307002952/0000950123-07-002952-index.htm",
    "finalLink": "https://www.sec.gov/Archives/edgar/data/1013871/000095012307002952/y30985e10vk.htm"
  },
  {
    "date": "2006-09-30",
    "symbol": "NRG",
    "reportedCurrency": "USD",
    "cik": "0001013871",
    "fillingDate": "2006-11-06",
    "acceptedDate": "2006-11-06 17:18:21",
    "calendarYear": "2006",
    "period": "Q3",
    "revenue": 1942000000,
    "costOfRevenue": 0,
    "grossProfit": 1942000000,
    "grossProfitRatio": 1,
    "researchAndDevelopmentExpenses": 0,
    "generalAndAdministrativeExpenses": 0,
    "sellingAndMarketingExpenses": 0,
    "sellingGeneralAndAdministrativeExpenses": 79000000,
    "otherExpenses": 1147000000,
    "operatingExpenses": 1226000000,
    "costAndExpenses": 1226000000,
    "interestIncome": 0,
    "interestExpense": 0,
    "depreciationAndAmortization": 59000000,
    "ebitda": 864000000,
    "ebitdaratio": 0.4449021627,
    "operatingIncome": 716000000,
    "operatingIncomeRatio": 0.36869207,
    "totalOtherIncomeExpensesNet": -107000000,
    "incomeBeforeTax": 609000000,
    "incomeBeforeTaxRatio": 0.3135942327,
    "incomeTaxExpense": 238000000,
    "netIncome": 422000000,
    "netIncomeRatio": 0.2173017508,
    "eps": 1.5,
    "epsdiluted": 1.32,
    "weightedAverageShsOut": 272000000,
    "weightedAverageShsOutDil": 317000000,
    "link": "https://www.sec.gov/Archives/edgar/data/1013871/000095012306013562/0000950123-06-013562-index.htm",
    "finalLink": "https://www.sec.gov/Archives/edgar/data/1013871/000095012306013562/y26634e10vq.htm"
  },
  {
    "date": "2006-06-30",
    "symbol": "NRG",
    "reportedCurrency": "USD",
    "cik": "0001013871",
    "fillingDate": "2006-08-04",
    "acceptedDate": "2006-08-04 15:41:18",
    "calendarYear": "2006",
    "period": "Q2",
    "revenue": 1502000000,
    "costOfRevenue": 0,
    "grossProfit": 1502000000,
    "grossProfitRatio": 1,
    "researchAndDevelopmentExpenses": 0,
    "generalAndAdministrativeExpenses": 0,
    "sellingAndMarketingExpenses": 0,
    "sellingGeneralAndAdministrativeExpenses": 83000000,
    "otherExpenses": 995000000,
    "operatingExpenses": 1078000000,
    "costAndExpenses": 1078000000,
    "interestIncome": 0,
    "interestExpense": 0,
    "depreciationAndAmortization": -72000000,
    "ebitda": 601000000,
    "ebitdaratio": 0.4001331558,
    "operatingIncome": 424000000,
    "operatingIncomeRatio": 0.2822902796,
    "totalOtherIncomeExpensesNet": -135000000,
    "incomeBeforeTax": 289000000,
    "incomeBeforeTaxRatio": 0.1924101198,
    "incomeTaxExpense": 87000000,
    "netIncome": 203000000,
    "netIncomeRatio": 0.1351531292,
    "eps": 0.69,
    "epsdiluted": 0.63,
    "weightedAverageShsOut": 274000000,
    "weightedAverageShsOutDil": 319000000,
    "link": "https://www.sec.gov/Archives/edgar/data/1013871/000095012306009930/0000950123-06-009930-index.htm",
    "finalLink": "https://www.sec.gov/Archives/edgar/data/1013871/000095012306009930/y23808e10vq.htm"
  },
  {
    "date": "2006-03-31",
    "symbol": "NRG",
    "reportedCurrency": "USD",
    "cik": "0001013871",
    "fillingDate": "2006-05-09",
    "acceptedDate": "2006-05-09 17:01:04",
    "calendarYear": "2006",
    "period": "Q1",
    "revenue": 1043000000,
    "costOfRevenue": 0,
    "grossProfit": 1043000000,
    "grossProfitRatio": 1,
    "researchAndDevelopmentExpenses": 0,
    "generalAndAdministrativeExpenses": 0,
    "sellingAndMarketingExpenses": 0,
    "sellingGeneralAndAdministrativeExpenses": 57000000,
    "otherExpenses": 780000000,
    "operatingExpenses": 837000000,
    "costAndExpenses": 837000000,
    "interestIncome": 0,
    "interestExpense": 0,
    "depreciationAndAmortization": 194000000,
    "ebitda": 400000000,
    "ebitdaratio": 0.3835091083,
    "operatingIncome": 206000000,
    "operatingIncomeRatio": 0.1975071908,
    "totalOtherIncomeExpensesNet": -192000000,
    "incomeBeforeTax": 14000000,
    "incomeBeforeTaxRatio": 0.0134228188,
    "incomeTaxExpense": -1000000,
    "netIncome": 26000000,
    "netIncomeRatio": 0.024928092,
    "eps": 0.065,
    "epsdiluted": 0.065,
    "weightedAverageShsOut": 234000000,
    "weightedAverageShsOutDil": 238000000,
    "link": "https://www.sec.gov/Archives/edgar/data/1013871/000095012306005978/0000950123-06-005978-index.htm",
    "finalLink": "https://www.sec.gov/Archives/edgar/data/1013871/000095012306005978/y20895e10vq.htm"
  },
  {
    "date": "2005-12-31",
    "symbol": "NRG",
    "reportedCurrency": "USD",
    "cik": "0001013871",
    "fillingDate": "2006-03-07",
    "acceptedDate": "2006-03-07 13:55:45",
    "calendarYear": "2005",
    "period": "Q4",
    "revenue": 765172000,
    "costOfRevenue": 0,
    "grossProfit": 765172000,
    "grossProfitRatio": 1,
    "researchAndDevelopmentExpenses": 0,
    "generalAndAdministrativeExpenses": 0,
    "sellingAndMarketingExpenses": 0,
    "sellingGeneralAndAdministrativeExpenses": 41708000,
    "otherExpenses": 560946000,
    "operatingExpenses": 602654000,
    "costAndExpenses": 602654000,
    "interestIncome": 0,
    "interestExpense": 46402000,
    "depreciationAndAmortization": 68751000,
    "ebitda": 231269000,
    "ebitdaratio": 0.3022444627,
    "operatingIncome": 162518000,
    "operatingIncomeRatio": 0.2123940761,
    "totalOtherIncomeExpensesNet": -70710000,
    "incomeBeforeTax": 91808000,
    "incomeBeforeTaxRatio": 0.1199834808,
    "incomeTaxExpense": 21799000,
    "netIncome": 64397000,
    "netIncomeRatio": 0.0841601627,
    "eps": 0,
    "epsdiluted": 0,
    "weightedAverageShsOut": 234000000,
    "weightedAverageShsOutDil": 234000000,
    "link": "https://www.sec.gov/Archives/edgar/data/1013871/000095012306002710/0000950123-06-002710-index.htm",
    "finalLink": "https://www.sec.gov/Archives/edgar/data/1013871/000095012306002710/y18280e10vk.htm"
  },
  {
    "date": "2005-09-30",
    "symbol": "NRG",
    "reportedCurrency": "USD",
    "cik": "0001013871",
    "fillingDate": "2005-11-07",
    "acceptedDate": "2005-11-07 13:11:19",
    "calendarYear": "2005",
    "period": "Q3",
    "revenue": 687000000,
    "costOfRevenue": 0,
    "grossProfit": 687000000,
    "grossProfitRatio": 1,
    "researchAndDevelopmentExpenses": 0,
    "generalAndAdministrativeExpenses": 0,
    "sellingAndMarketingExpenses": 0,
    "sellingGeneralAndAdministrativeExpenses": 42000000,
    "otherExpenses": 653000000,
    "operatingExpenses": 695000000,
    "costAndExpenses": 695000000,
    "interestIncome": 0,
    "interestExpense": 0,
    "depreciationAndAmortization": 56000000,
    "ebitda": 48000000,
    "ebitdaratio": 0.0698689956,
    "operatingIncome": -8000000,
    "operatingIncomeRatio": -0.0116448326,
    "totalOtherIncomeExpensesNet": -19000000,
    "incomeBeforeTax": -27000000,
    "incomeBeforeTaxRatio": -0.03930131,
    "incomeTaxExpense": 10000000,
    "netIncome": -27000000,
    "netIncomeRatio": -0.03930131,
    "eps": -0.19,
    "epsdiluted": -0.19,
    "weightedAverageShsOut": 168000000,
    "weightedAverageShsOutDil": 168000000,
    "link": "https://www.sec.gov/Archives/edgar/data/1013871/000095012305013154/0000950123-05-013154-index.htm",
    "finalLink": "https://www.sec.gov/Archives/edgar/data/1013871/000095012305013154/y14378e10vq.htm"
  },
  {
    "date": "2005-06-30",
    "symbol": "NRG",
    "reportedCurrency": "USD",
    "cik": "0001013871",
    "fillingDate": "2005-08-09",
    "acceptedDate": "2005-08-09 11:26:45",
    "calendarYear": "2005",
    "period": "Q2",
    "revenue": 522000000,
    "costOfRevenue": 0,
    "grossProfit": 522000000,
    "grossProfitRatio": 1,
    "researchAndDevelopmentExpenses": 0,
    "generalAndAdministrativeExpenses": 0,
    "sellingAndMarketingExpenses": 0,
    "sellingGeneralAndAdministrativeExpenses": 51000000,
    "otherExpenses": 416000000,
    "operatingExpenses": 467000000,
    "costAndExpenses": 467000000,
    "interestIncome": 0,
    "interestExpense": 50560000,
    "depreciationAndAmortization": 57000000,
    "ebitda": 112000000,
    "ebitdaratio": 0.214559387,
    "operatingIncome": 55000000,
    "operatingIncomeRatio": 0.1053639847,
    "totalOtherIncomeExpensesNet": -24000000,
    "incomeBeforeTax": 31000000,
    "incomeBeforeTaxRatio": 0.0593869732,
    "incomeTaxExpense": 8000000,
    "netIncome": 24000000,
    "netIncomeRatio": 0.0459770115,
    "eps": 0.12,
    "epsdiluted": 0.11,
    "weightedAverageShsOut": 174000000,
    "weightedAverageShsOutDil": 176000000,
    "link": "https://www.sec.gov/Archives/edgar/data/1013871/000095012305009624/0000950123-05-009624-index.htm",
    "finalLink": "https://www.sec.gov/Archives/edgar/data/1013871/000095012305009624/y11636e10vq.htm"
  },
  {
    "date": "2005-03-31",
    "symbol": "NRG",
    "reportedCurrency": "USD",
    "cik": "0001013871",
    "fillingDate": "2005-05-10",
    "acceptedDate": "2005-05-10 10:33:03",
    "calendarYear": "2005",
    "period": "Q1",
    "revenue": 597000000,
    "costOfRevenue": 0,
    "grossProfit": 597000000,
    "grossProfitRatio": 1,
    "researchAndDevelopmentExpenses": 0,
    "generalAndAdministrativeExpenses": 0,
    "sellingAndMarketingExpenses": 0,
    "sellingGeneralAndAdministrativeExpenses": 53000000,
    "otherExpenses": 500000000,
    "operatingExpenses": 553000000,
    "costAndExpenses": 553000000,
    "interestIncome": 0,
    "interestExpense": 0,
    "depreciationAndAmortization": 64000000,
    "ebitda": 108000000,
    "ebitdaratio": 0.1809045226,
    "operatingIncome": 44000000,
    "operatingIncomeRatio": 0.0737018425,
    "totalOtherIncomeExpensesNet": -17000000,
    "incomeBeforeTax": 27000000,
    "incomeBeforeTaxRatio": 0.0452261307,
    "incomeTaxExpense": 5000000,
    "netIncome": 23000000,
    "netIncomeRatio": 0.0385259631,
    "eps": 0.11,
    "epsdiluted": 0.11,
    "weightedAverageShsOut": 174000000,
    "weightedAverageShsOutDil": 176000000,
    "link": "https://www.sec.gov/Archives/edgar/data/1013871/000095012305005984/0000950123-05-005984-index.htm",
    "finalLink": "https://www.sec.gov/Archives/edgar/data/1013871/000095012305005984/y08870e10vq.htm"
  },
  {
    "date": "2004-12-31",
    "symbol": "NRG",
    "reportedCurrency": "USD",
    "cik": "0001013871",
    "fillingDate": "2005-03-30",
    "acceptedDate": "2005-03-30 15:22:00",
    "calendarYear": "2004",
    "period": "Q4",
    "revenue": 580873000,
    "costOfRevenue": 0,
    "grossProfit": 580873000,
    "grossProfitRatio": 1,
    "researchAndDevelopmentExpenses": 0,
    "generalAndAdministrativeExpenses": 0,
    "sellingAndMarketingExpenses": 0,
    "sellingGeneralAndAdministrativeExpenses": 74795000,
    "otherExpenses": 510339000,
    "operatingExpenses": 585134000,
    "costAndExpenses": 585134000,
    "interestIncome": 0,
    "interestExpense": 0,
    "depreciationAndAmortization": 61704000,
    "ebitda": 57443000,
    "ebitdaratio": 0.0988908075,
    "operatingIncome": -4261000,
    "operatingIncomeRatio": -0.0073355105,
    "totalOtherIncomeExpensesNet": 22476000,
    "incomeBeforeTax": 18215000,
    "incomeBeforeTaxRatio": 0.0313579733,
    "incomeTaxExpense": 246000,
    "netIncome": 18137000,
    "netIncomeRatio": 0.0312236926,
    "eps": 0,
    "epsdiluted": 0,
    "weightedAverageShsOut": 174086000,
    "weightedAverageShsOutDil": 174086000,
    "link": "https://www.sec.gov/Archives/edgar/data/1013871/000095013405006359/0000950134-05-006359-index.htm",
    "finalLink": "https://www.sec.gov/Archives/edgar/data/1013871/000095013405006359/c92903e10vk.htm"
  },
  {
    "date": "2004-09-30",
    "symbol": "NRG",
    "reportedCurrency": "USD",
    "cik": "0001013871",
    "fillingDate": "2004-11-09",
    "acceptedDate": "2004-11-09 12:02:23",
    "calendarYear": "2004",
    "period": "Q3",
    "revenue": 604632000,
    "costOfRevenue": 0,
    "grossProfit": 604632000,
    "grossProfitRatio": 1,
    "researchAndDevelopmentExpenses": 0,
    "generalAndAdministrativeExpenses": 0,
    "sellingAndMarketingExpenses": 0,
    "sellingGeneralAndAdministrativeExpenses": 59744000,
    "otherExpenses": 425670000,
    "operatingExpenses": 485414000,
    "costAndExpenses": 485414000,
    "interestIncome": 0,
    "interestExpense": 0,
    "depreciationAndAmortization": 61169000,
    "ebitda": 180387000,
    "ebitdaratio": 0.2983418013,
    "operatingIncome": 119218000,
    "operatingIncomeRatio": 0.1971744797,
    "totalOtherIncomeExpensesNet": -61308000,
    "incomeBeforeTax": 57910000,
    "incomeBeforeTaxRatio": 0.0957772662,
    "incomeTaxExpense": 14559000,
    "netIncome": 54221000,
    "netIncomeRatio": 0.0896760343,
    "eps": 0.27,
    "epsdiluted": 0.27,
    "weightedAverageShsOut": 200202000,
    "weightedAverageShsOutDil": 201232000,
    "link": "https://www.sec.gov/Archives/edgar/data/1013871/000095013404016871/0000950134-04-016871-index.htm",
    "finalLink": "https://www.sec.gov/Archives/edgar/data/1013871/000095013404016871/c89434e10vq.htm"
  },
  {
    "date": "2004-06-30",
    "symbol": "NRG",
    "reportedCurrency": "USD",
    "cik": "0001013871",
    "fillingDate": "2004-11-03",
    "acceptedDate": "2004-11-03 17:13:27",
    "calendarYear": "2004",
    "period": "Q2",
    "revenue": 573623000,
    "costOfRevenue": 0,
    "grossProfit": 573623000,
    "grossProfitRatio": 1,
    "researchAndDevelopmentExpenses": 0,
    "generalAndAdministrativeExpenses": 0,
    "sellingAndMarketingExpenses": 0,
    "sellingGeneralAndAdministrativeExpenses": 45746000,
    "otherExpenses": 411086000,
    "operatingExpenses": 456832000,
    "costAndExpenses": 456832000,
    "interestIncome": 0,
    "interestExpense": 0,
    "depreciationAndAmortization": 88767000,
    "ebitda": 205558000,
    "ebitdaratio": 0.3583503451,
    "operatingIncome": 116791000,
    "operatingIncomeRatio": 0.203602366,
    "totalOtherIncomeExpensesNet": -11069000,
    "incomeBeforeTax": 105722000,
    "incomeBeforeTaxRatio": 0.18430572,
    "incomeTaxExpense": 36322000,
    "netIncome": 83024000,
    "netIncomeRatio": 0.1447361769,
    "eps": 0.42,
    "epsdiluted": 0.42,
    "weightedAverageShsOut": 200160000,
    "weightedAverageShsOutDil": 200956000,
    "link": "https://www.sec.gov/Archives/edgar/data/1013871/000095013404016277/0000950134-04-016277-index.htm",
    "finalLink": "https://www.sec.gov/Archives/edgar/data/1013871/000095013404016277/c87591a1e10vqza.htm"
  },
  {
    "date": "2004-03-31",
    "symbol": "NRG",
    "reportedCurrency": "USD",
    "cik": "0001013871",
    "fillingDate": "2004-05-10",
    "acceptedDate": "2004-05-10 16:29:52",
    "calendarYear": "2004",
    "period": "Q1",
    "revenue": 600265000,
    "costOfRevenue": 0,
    "grossProfit": 600265000,
    "grossProfitRatio": 1,
    "researchAndDevelopmentExpenses": 0,
    "generalAndAdministrativeExpenses": 0,
    "sellingAndMarketingExpenses": 0,
    "sellingGeneralAndAdministrativeExpenses": 36392000,
    "otherExpenses": 444747000,
    "operatingExpenses": 481139000,
    "costAndExpenses": 481139000,
    "interestIncome": 0,
    "interestExpense": 102182000,
    "depreciationAndAmortization": 91104000,
    "ebitda": 210230000,
    "ebitdaratio": 0.350228649,
    "operatingIncome": 119126000,
    "operatingIncomeRatio": 0.1984556821,
    "totalOtherIncomeExpensesNet": -73400000,
    "incomeBeforeTax": 45726000,
    "incomeBeforeTaxRatio": 0.0761763554,
    "incomeTaxExpense": 14280000,
    "netIncome": 30235000,
    "netIncomeRatio": 0.0503694202,
    "eps": 0.15,
    "epsdiluted": 0.15,
    "weightedAverageShsOut": 200036000,
    "weightedAverageShsOutDil": 200036000,
    "link": "https://www.sec.gov/Archives/edgar/data/1013871/000095013404007104/0000950134-04-007104-index.htm",
    "finalLink": "https://www.sec.gov/Archives/edgar/data/1013871/000095013404007104/c85011e10vq.htm"
  },
  {
    "date": "2003-12-31",
    "symbol": "NRG",
    "reportedCurrency": "USD",
    "cik": "0001013871",
    "fillingDate": "2004-03-16",
    "acceptedDate": "2004-03-16 17:10:05",
    "calendarYear": "2003",
    "period": "Q4",
    "revenue": 348060000,
    "costOfRevenue": 367209000,
    "grossProfit": -19149000,
    "grossProfitRatio": -0.0550163765,
    "researchAndDevelopmentExpenses": 0,
    "generalAndAdministrativeExpenses": 0,
    "sellingAndMarketingExpenses": 0,
    "sellingGeneralAndAdministrativeExpenses": 64027000,
    "otherExpenses": -3796939000,
    "operatingExpenses": -3732912000,
    "costAndExpenses": -3365703000,
    "interestIncome": 0,
    "interestExpense": 64046000,
    "depreciationAndAmortization": 58540000,
    "ebitda": 604959000,
    "ebitdaratio": 1.7380882606,
    "operatingIncome": 3713763000,
    "operatingIncomeRatio": 10.6698931219,
    "totalOtherIncomeExpensesNet": -21628000,
    "incomeBeforeTax": 3692135000,
    "incomeBeforeTaxRatio": 10.6077544102,
    "incomeTaxExpense": -28894000,
    "netIncome": 3683297000,
    "netIncomeRatio": 10.5823622364,
    "eps": 0,
    "epsdiluted": 0,
    "weightedAverageShsOut": 200000000,
    "weightedAverageShsOutDil": 200036000,
    "link": "https://www.sec.gov/Archives/edgar/data/1013871/000095013404003612/0000950134-04-003612-index.htm",
    "finalLink": "https://www.sec.gov/Archives/edgar/data/1013871/000095013404003612/c83399e10vk.htm"
  },
  {
    "date": "2003-09-30",
    "symbol": "NRG",
    "reportedCurrency": "USD",
    "cik": "0001013871",
    "fillingDate": "2003-11-13",
    "acceptedDate": "2003-11-13 16:16:27",
    "calendarYear": "2003",
    "period": "Q3",
    "revenue": 570701000,
    "costOfRevenue": 384386000,
    "grossProfit": 186315000,
    "grossProfitRatio": 0.326466924,
    "researchAndDevelopmentExpenses": 0,
    "generalAndAdministrativeExpenses": 0,
    "sellingAndMarketingExpenses": 0,
    "sellingGeneralAndAdministrativeExpenses": 34420000,
    "otherExpenses": 479460000,
    "operatingExpenses": 513880000,
    "costAndExpenses": 898266000,
    "interestIncome": 0,
    "interestExpense": 42367000,
    "depreciationAndAmortization": 65980000,
    "ebitda": -234635000,
    "ebitdaratio": -0.4111347273,
    "operatingIncome": -327565000,
    "operatingIncomeRatio": -0.5739695567,
    "totalOtherIncomeExpensesNet": 48458000,
    "incomeBeforeTax": -279107000,
    "incomeBeforeTaxRatio": -0.4890599456,
    "incomeTaxExpense": 5437000,
    "netIncome": -284794000,
    "netIncomeRatio": -0.4990248834,
    "eps": -0.72,
    "epsdiluted": -0.72,
    "weightedAverageShsOut": 200036000,
    "weightedAverageShsOutDil": 200036000,
    "link": "https://www.sec.gov/Archives/edgar/data/1013871/000095013403015217/0000950134-03-015217-index.htm",
    "finalLink": "https://www.sec.gov/Archives/edgar/data/1013871/000095013403015217/c80698e10vq.htm"
  },
  {
    "date": "2003-06-30",
    "symbol": "NRG",
    "reportedCurrency": "USD",
    "cik": "0001013871",
    "fillingDate": "2003-08-14",
    "acceptedDate": "2003-08-13 21:20:46",
    "calendarYear": "2003",
    "period": "Q2",
    "revenue": 441599000,
    "costOfRevenue": 381845000,
    "grossProfit": 59754000,
    "grossProfitRatio": 0.1353128064,
    "researchAndDevelopmentExpenses": 0,
    "generalAndAdministrativeExpenses": 0,
    "sellingAndMarketingExpenses": 0,
    "sellingGeneralAndAdministrativeExpenses": 39147000,
    "otherExpenses": 339733000,
    "operatingExpenses": 378880000,
    "costAndExpenses": 760725000,
    "interestIncome": 0,
    "interestExpense": 0,
    "depreciationAndAmortization": 74321000,
    "ebitda": 31160000,
    "ebitdaratio": 0.070561754,
    "operatingIncome": -319126000,
    "operatingIncomeRatio": -0.722660151,
    "totalOtherIncomeExpensesNet": -185619000,
    "incomeBeforeTax": -504745000,
    "incomeBeforeTaxRatio": -1.1429939832,
    "incomeTaxExpense": 4305000,
    "netIncome": -608401000,
    "netIncomeRatio": -1.3777227756,
    "eps": -1.53,
    "epsdiluted": -1.53,
    "weightedAverageShsOut": 200036000,
    "weightedAverageShsOutDil": 200036000,
    "link": "https://www.sec.gov/Archives/edgar/data/1013871/000095013403011708/0000950134-03-011708-index.htm",
    "finalLink": "https://www.sec.gov/Archives/edgar/data/1013871/000095013403011708/c78884e10vq.htm"
  },
  {
    "date": "2003-03-31",
    "symbol": "NRG",
    "reportedCurrency": "USD",
    "cik": "0001013871",
    "fillingDate": "2003-05-20",
    "acceptedDate": "2003-05-20 15:40:17",
    "calendarYear": "2003",
    "period": "Q1",
    "revenue": 519582000,
    "costOfRevenue": 388097000,
    "grossProfit": 131485000,
    "grossProfitRatio": 0.2530591899,
    "researchAndDevelopmentExpenses": 0,
    "generalAndAdministrativeExpenses": 0,
    "sellingAndMarketingExpenses": 0,
    "sellingGeneralAndAdministrativeExpenses": 48982000,
    "otherExpenses": 86207000,
    "operatingExpenses": 135189000,
    "costAndExpenses": 523286000,
    "interestIncome": 0,
    "interestExpense": 0,
    "depreciationAndAmortization": 70900000,
    "ebitda": 89332000,
    "ebitdaratio": 0.1719305134,
    "operatingIncome": -3704000,
    "operatingIncomeRatio": -0.0071288074,
    "totalOtherIncomeExpensesNet": -137600000,
    "incomeBeforeTax": -141304000,
    "incomeBeforeTaxRatio": -0.2719570732,
    "incomeTaxExpense": 32878000,
    "netIncome": -12632000,
    "netIncomeRatio": -0.0243118507,
    "eps": -0.0318,
    "epsdiluted": -0.0318,
    "weightedAverageShsOut": 397210000,
    "weightedAverageShsOutDil": 397210000,
    "link": "https://www.sec.gov/Archives/edgar/data/1013871/000095013403008430/0000950134-03-008430-index.htm",
    "finalLink": "https://www.sec.gov/Archives/edgar/data/1013871/000095013403008430/c77046e10vq.htm"
  },
  {
    "date": "2002-12-31",
    "symbol": "NRG",
    "reportedCurrency": "USD",
    "cik": "0001013871",
    "fillingDate": "2003-03-31",
    "acceptedDate": "2003-03-31 12:49:53",
    "calendarYear": "2002",
    "period": "Q4",
    "revenue": 353110000,
    "costOfRevenue": 218857000,
    "grossProfit": 134253000,
    "grossProfitRatio": 0.3802016369,
    "researchAndDevelopmentExpenses": 0,
    "generalAndAdministrativeExpenses": 0,
    "sellingAndMarketingExpenses": 0,
    "sellingGeneralAndAdministrativeExpenses": 74082000,
    "otherExpenses": -186221000,
    "operatingExpenses": -112139000,
    "costAndExpenses": 106718000,
    "interestIncome": 0,
    "interestExpense": 0,
    "depreciationAndAmortization": 78872000,
    "ebitda": 325264000,
    "ebitdaratio": 0.921140721,
    "operatingIncome": 246392000,
    "operatingIncomeRatio": 0.6977768967,
    "totalOtherIncomeExpensesNet": -147351000,
    "incomeBeforeTax": 99041000,
    "incomeBeforeTaxRatio": 0.2804820028,
    "incomeTaxExpense": -4252000,
    "netIncome": -471153000,
    "netIncomeRatio": -1.3342952621,
    "eps": 0,
    "epsdiluted": 0,
    "weightedAverageShsOut": 397210000,
    "weightedAverageShsOutDil": 397210000,
    "link": "https://www.sec.gov/Archives/edgar/data/1013871/000095013703001877/0000950137-03-001877-index.htm",
    "finalLink": "https://www.sec.gov/Archives/edgar/data/1013871/000095013703001877/c75611e10vk.htm"
  },
  {
    "date": "2002-09-30",
    "symbol": "NRG",
    "reportedCurrency": "USD",
    "cik": "0001013871",
    "fillingDate": "2002-11-18",
    "acceptedDate": "2002-11-18 11:36:07",
    "calendarYear": "2002",
    "period": "Q3",
    "revenue": 755371000,
    "costOfRevenue": 508986000,
    "grossProfit": 246385000,
    "grossProfitRatio": 0.3261774678,
    "researchAndDevelopmentExpenses": 0,
    "generalAndAdministrativeExpenses": 0,
    "sellingAndMarketingExpenses": 0,
    "sellingGeneralAndAdministrativeExpenses": 66799000,
    "otherExpenses": 3100949000,
    "operatingExpenses": 3167748000,
    "costAndExpenses": 3676734000,
    "interestIncome": 0,
    "interestExpense": 0,
    "depreciationAndAmortization": 63390000,
    "ebitda": -2846833000,
    "ebitdaratio": -3.7687877877,
    "operatingIncome": -2921363000,
    "operatingIncomeRatio": -3.8674545356,
    "totalOtherIncomeExpensesNet": -103712000,
    "incomeBeforeTax": -3025075000,
    "incomeBeforeTaxRatio": -4.0047539553,
    "incomeTaxExpense": -106516000,
    "netIncome": -2925314000,
    "netIncomeRatio": -3.8726850779,
    "eps": -7.35,
    "epsdiluted": -7.35,
    "weightedAverageShsOut": 397210000,
    "weightedAverageShsOutDil": 397210000,
    "link": "https://www.sec.gov/Archives/edgar/data/1013871/000095013402014651/0000950134-02-014651-index.htm",
    "finalLink": "https://www.sec.gov/Archives/edgar/data/1013871/000095013402014651/c73063e10vq.htm"
  },
  {
    "date": "2002-06-30",
    "symbol": "NRG",
    "reportedCurrency": "USD",
    "cik": "0001013871",
    "fillingDate": "2002-08-14",
    "acceptedDate": "2002-08-14 18:11:01",
    "calendarYear": "2002",
    "period": "Q2",
    "revenue": 719188000,
    "costOfRevenue": 485142000,
    "grossProfit": 234046000,
    "grossProfitRatio": 0.3254309026,
    "researchAndDevelopmentExpenses": 0,
    "generalAndAdministrativeExpenses": 0,
    "sellingAndMarketingExpenses": 0,
    "sellingGeneralAndAdministrativeExpenses": 0,
    "otherExpenses": 156777000,
    "operatingExpenses": 156777000,
    "costAndExpenses": 641919000,
    "interestIncome": 0,
    "interestExpense": 136351000,
    "depreciationAndAmortization": 77750000,
    "ebitda": 131214000,
    "ebitdaratio": 0.1824474268,
    "operatingIncome": 77269000,
    "operatingIncomeRatio": 0.1074392231,
    "totalOtherIncomeExpensesNet": -131459000,
    "incomeBeforeTax": -54190000,
    "incomeBeforeTaxRatio": -0.0753488657,
    "incomeTaxExpense": -26349000,
    "netIncome": -41352000,
    "netIncomeRatio": -0.0574981785,
    "eps": -0.1,
    "epsdiluted": -0.1,
    "weightedAverageShsOut": 397210000,
    "weightedAverageShsOutDil": 397210000,
    "link": "https://www.sec.gov/Archives/edgar/data/1013871/000095013402010143/0000950134-02-010143-index.htm",
    "finalLink": "https://www.sec.gov/Archives/edgar/data/1013871/000095013402010143/c71214e10vq.htm"
  },
  {
    "date": "2002-03-31",
    "symbol": "NRG",
    "reportedCurrency": "USD",
    "cik": "0001013871",
    "fillingDate": "2002-05-15",
    "acceptedDate": "2002-05-15 17:23:16",
    "calendarYear": "2002",
    "period": "Q1",
    "revenue": 658826000,
    "costOfRevenue": 474090000,
    "grossProfit": 184736000,
    "grossProfitRatio": 0.2804018056,
    "researchAndDevelopmentExpenses": 0,
    "generalAndAdministrativeExpenses": 0,
    "sellingAndMarketingExpenses": 0,
    "sellingGeneralAndAdministrativeExpenses": 0,
    "otherExpenses": 116434000,
    "operatingExpenses": 116434000,
    "costAndExpenses": 590524000,
    "interestIncome": 0,
    "interestExpense": 0,
    "depreciationAndAmortization": 66611000,
    "ebitda": 116629000,
    "ebitdaratio": 0.1770254969,
    "operatingIncome": 68302000,
    "operatingIncomeRatio": 0.1036722898,
    "totalOtherIncomeExpensesNet": -123067000,
    "incomeBeforeTax": -54765000,
    "incomeBeforeTaxRatio": -0.0831251347,
    "incomeTaxExpense": -28302000,
    "netIncome": -26463000,
    "netIncomeRatio": -0.0401669029,
    "eps": -0.065,
    "epsdiluted": -0.065,
    "weightedAverageShsOut": 397210000,
    "weightedAverageShsOutDil": 397210000,
    "link": "https://www.sec.gov/Archives/edgar/data/1013871/000095013702003141/0000950137-02-003141-index.htm",
    "finalLink": "https://www.sec.gov/Archives/edgar/data/1013871/000095013702003141/c69567e10-q.htm"
  },
  {
    "date": "2001-12-31",
    "symbol": "NRG",
    "reportedCurrency": "USD",
    "cik": "0001013871",
    "fillingDate": "2002-04-01",
    "acceptedDate": "2002-04-01 00:00:00",
    "calendarYear": "2001",
    "period": "Q4",
    "revenue": 870906000,
    "costOfRevenue": 427202000,
    "grossProfit": 443704000,
    "grossProfitRatio": 0.509474042,
    "researchAndDevelopmentExpenses": 0,
    "generalAndAdministrativeExpenses": 0,
    "sellingAndMarketingExpenses": 0,
    "sellingGeneralAndAdministrativeExpenses": 0,
    "otherExpenses": 318639000,
    "operatingExpenses": 318639000,
    "costAndExpenses": 745841000,
    "interestIncome": 0,
    "interestExpense": 0,
    "depreciationAndAmortization": 70092000,
    "ebitda": 386791000,
    "ebitdaratio": 0.4441248539,
    "operatingIncome": 125065000,
    "operatingIncomeRatio": 0.143603328,
    "totalOtherIncomeExpensesNet": -122285000,
    "incomeBeforeTax": 2780000,
    "incomeBeforeTaxRatio": 0.0031920781,
    "incomeTaxExpense": -36552000,
    "netIncome": 39332000,
    "netIncomeRatio": 0.0451621645,
    "eps": 0,
    "epsdiluted": 0,
    "weightedAverageShsOut": 387424000,
    "weightedAverageShsOutDil": 397210000,
    "link": "https://www.sec.gov/Archives/edgar/data/1013871/000095013702001952/0000950137-02-001952-index.htm",
    "finalLink": "https://www.sec.gov/Archives/edgar/data/1013871/000095013702001952/c67146e10-k405.txt"
  },
  {
    "date": "2001-09-30",
    "symbol": "NRG",
    "reportedCurrency": "USD",
    "cik": "0001013871",
    "fillingDate": "2001-11-14",
    "acceptedDate": "2001-11-14 00:00:00",
    "calendarYear": "2001",
    "period": "Q3",
    "revenue": 852170000,
    "costOfRevenue": 525288000,
    "grossProfit": 326882000,
    "grossProfitRatio": 0.3835877818,
    "researchAndDevelopmentExpenses": 0,
    "generalAndAdministrativeExpenses": 0,
    "sellingAndMarketingExpenses": 0,
    "sellingGeneralAndAdministrativeExpenses": 0,
    "otherExpenses": 17512000,
    "operatingExpenses": 17512000,
    "costAndExpenses": 542800000,
    "interestIncome": 0,
    "interestExpense": 0,
    "depreciationAndAmortization": 58709000,
    "ebitda": 256947000,
    "ebitdaratio": 0.3015208233,
    "operatingIncome": 309370000,
    "operatingIncomeRatio": 0.3630378915,
    "totalOtherIncomeExpensesNet": -110457000,
    "incomeBeforeTax": 198913000,
    "incomeBeforeTaxRatio": 0.2334193882,
    "incomeTaxExpense": 57333000,
    "netIncome": 141580000,
    "netIncomeRatio": 0.1661405588,
    "eps": 0.36,
    "epsdiluted": 0.36,
    "weightedAverageShsOut": 397068000,
    "weightedAverageShsOutDil": 398872000,
    "link": "https://www.sec.gov/Archives/edgar/data/1013871/000095013701504727/0000950137-01-504727-index.htm",
    "finalLink": "https://www.sec.gov/Archives/edgar/data/1013871/000095013701504727/c65971e10-q.txt"
  },
  {
    "date": "2001-06-30",
    "symbol": "NRG",
    "reportedCurrency": "USD",
    "cik": "0001013871",
    "fillingDate": "2001-08-14",
    "acceptedDate": "2001-08-14 00:00:00",
    "calendarYear": "2001",
    "period": "Q2",
    "revenue": 661302000,
    "costOfRevenue": 479282000,
    "grossProfit": 182020000,
    "grossProfitRatio": 0.2752448957,
    "researchAndDevelopmentExpenses": 0,
    "generalAndAdministrativeExpenses": 0,
    "sellingAndMarketingExpenses": 0,
    "sellingGeneralAndAdministrativeExpenses": 0,
    "otherExpenses": 28657000,
    "operatingExpenses": 28657000,
    "costAndExpenses": 507939000,
    "interestIncome": 0,
    "interestExpense": 0,
    "depreciationAndAmortization": 45600000,
    "ebitda": 137365000,
    "ebitdaratio": 0.2077190149,
    "operatingIncome": 153363000,
    "operatingIncomeRatio": 0.2319106853,
    "totalOtherIncomeExpensesNet": -96503000,
    "incomeBeforeTax": 56860000,
    "incomeBeforeTaxRatio": 0.0859818963,
    "incomeTaxExpense": 7746000,
    "netIncome": 49114000,
    "netIncomeRatio": 0.0742686397,
    "eps": 0.13,
    "epsdiluted": 0.13,
    "weightedAverageShsOut": 397030000,
    "weightedAverageShsOutDil": 400554000,
    "link": "https://www.sec.gov/Archives/edgar/data/1013871/000095013401505408/0000950134-01-505408-index.htm",
    "finalLink": "https://www.sec.gov/Archives/edgar/data/1013871/000095013401505408/c64448e10-q.txt"
  },
  {
    "date": "2001-03-31",
    "symbol": "NRG",
    "reportedCurrency": "USD",
    "cik": "0001013871",
    "fillingDate": "2001-05-15",
    "acceptedDate": "2001-05-15 00:00:00",
    "calendarYear": "2001",
    "period": "Q1",
    "revenue": 624262000,
    "costOfRevenue": 423859000,
    "grossProfit": 200403000,
    "grossProfitRatio": 0.321023865,
    "researchAndDevelopmentExpenses": 0,
    "generalAndAdministrativeExpenses": 0,
    "sellingAndMarketingExpenses": 0,
    "sellingGeneralAndAdministrativeExpenses": 0,
    "otherExpenses": 73379000,
    "operatingExpenses": 73379000,
    "costAndExpenses": 497238000,
    "interestIncome": 0,
    "interestExpense": 0,
    "depreciationAndAmortization": 38092000,
    "ebitda": 146212000,
    "ebitdaratio": 0.234215762,
    "operatingIncome": 127024000,
    "operatingIncomeRatio": 0.2034786676,
    "totalOtherIncomeExpensesNet": -86969000,
    "incomeBeforeTax": 40055000,
    "incomeBeforeTaxRatio": 0.0641637646,
    "incomeTaxExpense": 4877000,
    "netIncome": 35178000,
    "netIncomeRatio": 0.0563513397,
    "eps": 0.095,
    "epsdiluted": 0.095,
    "weightedAverageShsOut": 367850000,
    "weightedAverageShsOutDil": 371756000,
    "link": "https://www.sec.gov/Archives/edgar/data/1013871/000095012401501245/0000950124-01-501245-index.htm",
    "finalLink": "https://www.sec.gov/Archives/edgar/data/1013871/000095012401501245/c62383e10-q.txt"
  },
  {
    "date": "2000-12-31",
    "symbol": "NRG",
    "reportedCurrency": "USD",
    "cik": "0001013871",
    "fillingDate": "2001-03-29",
    "acceptedDate": "2001-03-29 00:00:00",
    "calendarYear": "2000",
    "period": "Q4",
    "revenue": 688152000,
    "costOfRevenue": 449202000,
    "grossProfit": 238950000,
    "grossProfitRatio": 0.3472343319,
    "researchAndDevelopmentExpenses": 0,
    "generalAndAdministrativeExpenses": 0,
    "sellingAndMarketingExpenses": 0,
    "sellingGeneralAndAdministrativeExpenses": 0,
    "otherExpenses": 110151000,
    "operatingExpenses": 110151000,
    "costAndExpenses": 559353000,
    "interestIncome": 0,
    "interestExpense": 78497000,
    "depreciationAndAmortization": 35677000,
    "ebitda": 164476000,
    "ebitdaratio": 0.2390111487,
    "operatingIncome": 128799000,
    "operatingIncomeRatio": 0.1871664981,
    "totalOtherIncomeExpensesNet": -76728000,
    "incomeBeforeTax": 52071000,
    "incomeBeforeTaxRatio": 0.0756678757,
    "incomeTaxExpense": 10067000,
    "netIncome": 42004000,
    "netIncomeRatio": 0.0610388403,
    "eps": 0,
    "epsdiluted": 0,
    "weightedAverageShsOut": 367850000,
    "weightedAverageShsOutDil": 367850000,
    "link": "https://www.sec.gov/Archives/edgar/data/1013871/000095012401001739/0000950124-01-001739-index.htm",
    "finalLink": "https://www.sec.gov/Archives/edgar/data/1013871/000095012401001739/c60217e10-k405.txt"
  },
  {
    "date": "2000-09-30",
    "symbol": "NRG",
    "reportedCurrency": "USD",
    "cik": "0001013871",
    "fillingDate": "2000-11-14",
    "acceptedDate": "2000-11-14 00:00:00",
    "calendarYear": "2000",
    "period": "Q3",
    "revenue": 533156000,
    "costOfRevenue": 319438000,
    "grossProfit": 213718000,
    "grossProfitRatio": 0.4008545341,
    "researchAndDevelopmentExpenses": 0,
    "generalAndAdministrativeExpenses": 0,
    "sellingAndMarketingExpenses": 0,
    "sellingGeneralAndAdministrativeExpenses": 0,
    "otherExpenses": -13491000,
    "operatingExpenses": -13491000,
    "costAndExpenses": 305947000,
    "interestIncome": 0,
    "interestExpense": 0,
    "depreciationAndAmortization": 36424000,
    "ebitda": 171991000,
    "ebitdaratio": 0.3225903863,
    "operatingIncome": 227209000,
    "operatingIncomeRatio": 0.4261585727,
    "totalOtherIncomeExpensesNet": -83981000,
    "incomeBeforeTax": 143228000,
    "incomeBeforeTaxRatio": 0.2686418234,
    "incomeTaxExpense": 54624000,
    "netIncome": 88604000,
    "netIncomeRatio": 0.1661877574,
    "eps": 0.25,
    "epsdiluted": 0.25,
    "weightedAverageShsOut": 360000000,
    "weightedAverageShsOutDil": 365366000,
    "link": "https://www.sec.gov/Archives/edgar/data/1013871/000095012400006948/0000950124-00-006948-index.htm",
    "finalLink": "https://www.sec.gov/Archives/edgar/data/1013871/000095012400006948/c58406e10-q.txt"
  },
  {
    "date": "2000-06-30",
    "symbol": "NRG",
    "reportedCurrency": "USD",
    "cik": "0001013871",
    "fillingDate": "2000-08-14",
    "acceptedDate": "2000-08-14 00:00:00",
    "calendarYear": "2000",
    "period": "Q2",
    "revenue": 473836000,
    "costOfRevenue": 305908000,
    "grossProfit": 167928000,
    "grossProfitRatio": 0.3544011008,
    "researchAndDevelopmentExpenses": 0,
    "generalAndAdministrativeExpenses": 0,
    "sellingAndMarketingExpenses": 0,
    "sellingGeneralAndAdministrativeExpenses": 0,
    "otherExpenses": 13800000,
    "operatingExpenses": 13800000,
    "costAndExpenses": 319708000,
    "interestIncome": 0,
    "interestExpense": 0,
    "depreciationAndAmortization": 30865000,
    "ebitda": 136820000,
    "ebitdaratio": 0.288749694,
    "operatingIncome": 154128000,
    "operatingIncomeRatio": 0.3252771001,
    "totalOtherIncomeExpensesNet": -84107000,
    "incomeBeforeTax": 70021000,
    "incomeBeforeTaxRatio": 0.1477747575,
    "incomeTaxExpense": 26440000,
    "netIncome": 43581000,
    "netIncomeRatio": 0.0919748605,
    "eps": 0.14,
    "epsdiluted": 0.14,
    "weightedAverageShsOut": 311058000,
    "weightedAverageShsOutDil": 312382000,
    "link": "https://www.sec.gov/Archives/edgar/data/1013871/000095012400005058/0000950124-00-005058-index.htm",
    "finalLink": "https://www.sec.gov/Archives/edgar/data/1013871/000095012400005058/e10-q.txt"
  },
  {
    "date": "2000-03-31",
    "symbol": "NRG",
    "reportedCurrency": "USD",
    "cik": "0001013871",
    "fillingDate": "2000-05-12",
    "acceptedDate": "2000-05-12 00:00:00",
    "calendarYear": "2000",
    "period": "Q1",
    "revenue": 332671000,
    "costOfRevenue": 214923000,
    "grossProfit": 117748000,
    "grossProfitRatio": 0.3539472933,
    "researchAndDevelopmentExpenses": 0,
    "generalAndAdministrativeExpenses": 0,
    "sellingAndMarketingExpenses": 0,
    "sellingGeneralAndAdministrativeExpenses": 25180000,
    "otherExpenses": 29631000,
    "operatingExpenses": 54811000,
    "costAndExpenses": 269734000,
    "interestIncome": 0,
    "interestExpense": 0,
    "depreciationAndAmortization": 19987000,
    "ebitda": 92568000,
    "ebitdaratio": 0.2782568965,
    "operatingIncome": 62937000,
    "operatingIncomeRatio": 0.1891869144,
    "totalOtherIncomeExpensesNet": -52584000,
    "incomeBeforeTax": 10353000,
    "incomeBeforeTaxRatio": 0.0311208371,
    "incomeTaxExpense": 1607000,
    "netIncome": 8746000,
    "netIncomeRatio": 0.0262902387,
    "eps": 0.03,
    "epsdiluted": 0.03,
    "weightedAverageShsOut": 295210000,
    "weightedAverageShsOutDil": 295210000,
    "link": "https://www.sec.gov/Archives/edgar/data/1013871/000095012400003099/0000950124-00-003099-index.html",
    "finalLink": "https://www.sec.gov/Archives/edgar/data/1013871/000095012400003099/"
  },
  {
    "date": "1999-12-31",
    "symbol": "NRG",
    "reportedCurrency": "USD",
    "cik": "0001013871",
    "fillingDate": "2000-06-05",
    "acceptedDate": "2000-06-05 00:00:00",
    "calendarYear": "1999",
    "period": "Q4",
    "revenue": 216437000,
    "costOfRevenue": 121689000,
    "grossProfit": 94748000,
    "grossProfitRatio": 0.4377624898,
    "researchAndDevelopmentExpenses": 0,
    "generalAndAdministrativeExpenses": 0,
    "sellingAndMarketingExpenses": 0,
    "sellingGeneralAndAdministrativeExpenses": 0,
    "otherExpenses": 43987000,
    "operatingExpenses": 43987000,
    "costAndExpenses": 165676000,
    "interestIncome": 0,
    "interestExpense": 0,
    "depreciationAndAmortization": 13338000,
    "ebitda": 64099000,
    "ebitdaratio": 0.2961554633,
    "operatingIncome": 50761000,
    "operatingIncomeRatio": 0.2345301404,
    "totalOtherIncomeExpensesNet": -24766000,
    "incomeBeforeTax": 25995000,
    "incomeBeforeTaxRatio": 0.1201042336,
    "incomeTaxExpense": -2192000,
    "netIncome": 28187000,
    "netIncomeRatio": 0.130231892,
    "eps": 0,
    "epsdiluted": 0,
    "weightedAverageShsOut": 295210000,
    "weightedAverageShsOutDil": 295210000,
    "link": "https://www.sec.gov/Archives/edgar/data/1013871/000095012400003579/0000950124-00-003579-index.htm",
    "finalLink": "https://www.sec.gov/Archives/edgar/data/1013871/000095012400003579/0000950124-00-003579-0001.txt"
  },
  {
    "date": "1999-09-30",
    "symbol": "NRG",
    "reportedCurrency": "USD",
    "cik": "0001013871",
    "fillingDate": "1999-11-12",
    "acceptedDate": "1999-11-12 00:00:00",
    "calendarYear": "1999",
    "period": "Q3",
    "revenue": 170408000,
    "costOfRevenue": 79147000,
    "grossProfit": 91261000,
    "grossProfitRatio": 0.5355441059,
    "researchAndDevelopmentExpenses": 0,
    "generalAndAdministrativeExpenses": 0,
    "sellingAndMarketingExpenses": 0,
    "sellingGeneralAndAdministrativeExpenses": 0,
    "otherExpenses": 33313000,
    "operatingExpenses": 33313000,
    "costAndExpenses": 112460000,
    "interestIncome": 0,
    "interestExpense": 0,
    "depreciationAndAmortization": 12663000,
    "ebitda": 70611000,
    "ebitdaratio": 0.4143643491,
    "operatingIncome": 57948000,
    "operatingIncomeRatio": 0.3400544575,
    "totalOtherIncomeExpensesNet": -28946000,
    "incomeBeforeTax": 29002000,
    "incomeBeforeTaxRatio": 0.1701915403,
    "incomeTaxExpense": 1395000,
    "netIncome": 27607000,
    "netIncomeRatio": 0.1620053049,
    "eps": 0.095,
    "epsdiluted": 0.095,
    "weightedAverageShsOut": 295210000,
    "weightedAverageShsOutDil": 295210000,
    "link": "https://www.sec.gov/Archives/edgar/data/1013871/000095012499005999/0000950124-99-005999-index.html",
    "finalLink": "https://www.sec.gov/Archives/edgar/data/1013871/000095012499005999/"
  },
  {
    "date": "1999-06-30",
    "symbol": "NRG",
    "reportedCurrency": "USD",
    "cik": "0001013871",
    "fillingDate": "1999-08-16",
    "acceptedDate": "1999-08-16 00:00:00",
    "calendarYear": "1999",
    "period": "Q2",
    "revenue": 66659000,
    "costOfRevenue": 41124000,
    "grossProfit": 25535000,
    "grossProfitRatio": 0.3830690529,
    "researchAndDevelopmentExpenses": 0,
    "generalAndAdministrativeExpenses": 0,
    "sellingAndMarketingExpenses": 0,
    "sellingGeneralAndAdministrativeExpenses": 0,
    "otherExpenses": 22579000,
    "operatingExpenses": 22579000,
    "costAndExpenses": 63703000,
    "interestIncome": 0,
    "interestExpense": 0,
    "depreciationAndAmortization": 6291000,
    "ebitda": 9247000,
    "ebitdaratio": 0.1387209529,
    "operatingIncome": 2956000,
    "operatingIncomeRatio": 0.0443450997,
    "totalOtherIncomeExpensesNet": -13905000,
    "incomeBeforeTax": -10949000,
    "incomeBeforeTaxRatio": -0.1642538892,
    "incomeTaxExpense": -13290000,
    "netIncome": 2341000,
    "netIncomeRatio": 0.0351190387,
    "eps": 0.01,
    "epsdiluted": 0.01,
    "weightedAverageShsOut": 295210000,
    "weightedAverageShsOutDil": 295210000,
    "link": "https://www.sec.gov/Archives/edgar/data/1013871/000095012499004814/0000950124-99-004814-index.html",
    "finalLink": "https://www.sec.gov/Archives/edgar/data/1013871/000095012499004814/"
  },
  {
    "date": "1999-03-31",
    "symbol": "NRG",
    "reportedCurrency": "USD",
    "cik": "0001013871",
    "fillingDate": "1999-05-12",
    "acceptedDate": "1999-05-12 00:00:00",
    "calendarYear": "1999",
    "period": "Q1",
    "revenue": 46500000,
    "costOfRevenue": 27900000,
    "grossProfit": 18600000,
    "grossProfitRatio": 0.4,
    "researchAndDevelopmentExpenses": 0,
    "generalAndAdministrativeExpenses": 16000000,
    "sellingAndMarketingExpenses": 4800000,
    "sellingGeneralAndAdministrativeExpenses": 20800000,
    "otherExpenses": 0,
    "operatingExpenses": 20800000,
    "costAndExpenses": 48700000,
    "interestIncome": 0,
    "interestExpense": -11500000,
    "depreciationAndAmortization": 4700000,
    "ebitda": -19700000,
    "ebitdaratio": -0.423655914,
    "operatingIncome": -2100000,
    "operatingIncomeRatio": -0.0451612903,
    "totalOtherIncomeExpensesNet": -10800000,
    "incomeBeforeTax": -12900000,
    "incomeBeforeTaxRatio": -0.2774193548,
    "incomeTaxExpense": -12000000,
    "netIncome": -900000,
    "netIncomeRatio": -0.0193548387,
    "eps": -0.003,
    "epsdiluted": -0.003,
    "weightedAverageShsOut": 295200000,
    "weightedAverageShsOutDil": 295200000,
    "link": "https://www.sec.gov/Archives/edgar/data/1013871/000095012499003143/0000950124-99-003143-index.html",
    "finalLink": "https://www.sec.gov/Archives/edgar/data/1013871/"
  }
]