[
  {
    "date": "2024-12-31",
    "symbol": "NRG",
    "reportedCurrency": "USD",
    "cik": "0001013871",
    "fillingDate": "2025-02-26",
    "acceptedDate": "2025-02-26 15:36:57",
    "calendarYear": "2024",
    "period": "FY",
    "revenue": 28130000000,
    "costOfRevenue": 22100000000,
    "grossProfit": 6030000000,
    "grossProfitRatio": 0.2143618912,
    "researchAndDevelopmentExpenses": 0,
    "generalAndAdministrativeExpenses": 0,
    "sellingAndMarketingExpenses": 0,
    "sellingGeneralAndAdministrativeExpenses": 2031000000,
    "otherExpenses": 1575000000,
    "operatingExpenses": 3606000000,
    "costAndExpenses": 25706000000,
    "interestIncome": 0,
    "interestExpense": 651000000,
    "depreciationAndAmortization": 1403000000,
    "ebitda": 3502000000,
    "ebitdaratio": 0.1244934234,
    "operatingIncome": 2424000000,
    "operatingIncomeRatio": 0.0861713473,
    "totalOtherIncomeExpensesNet": -976000000,
    "incomeBeforeTax": 1448000000,
    "incomeBeforeTaxRatio": 0.0514752933,
    "incomeTaxExpense": 323000000,
    "netIncome": 1125000000,
    "netIncomeRatio": 0.0399928902,
    "eps": 5.14,
    "epsdiluted": 4.99,
    "weightedAverageShsOut": 206000000,
    "weightedAverageShsOutDil": 212000000,
    "link": "https://www.sec.gov/Archives/edgar/data/1013871/000101387125000006/0001013871-25-000006-index.htm",
    "finalLink": "https://www.sec.gov/Archives/edgar/data/1013871/000101387125000006/nrg-20241231.htm"
  },
  {
    "date": "2023-12-31",
    "symbol": "NRG",
    "reportedCurrency": "USD",
    "cik": "0001013871",
    "fillingDate": "2024-02-28",
    "acceptedDate": "2024-02-28 16:20:44",
    "calendarYear": "2023",
    "period": "FY",
    "revenue": 28823000000,
    "costOfRevenue": 26526000000,
    "grossProfit": 2297000000,
    "grossProfitRatio": 0.0796933005,
    "researchAndDevelopmentExpenses": 0,
    "generalAndAdministrativeExpenses": 0,
    "sellingAndMarketingExpenses": 0,
    "sellingGeneralAndAdministrativeExpenses": 1843000000,
    "otherExpenses": 70000000,
    "operatingExpenses": 1913000000,
    "costAndExpenses": 28439000000,
    "interestIncome": 0,
    "interestExpense": 667000000,
    "depreciationAndAmortization": 1295000000,
    "ebitda": 1749000000,
    "ebitdaratio": 0.0606807064,
    "operatingIncome": 384000000,
    "operatingIncomeRatio": 0.0133226937,
    "totalOtherIncomeExpensesNet": -597000000,
    "incomeBeforeTax": -213000000,
    "incomeBeforeTaxRatio": -0.0073899317,
    "incomeTaxExpense": -11000000,
    "netIncome": -202000000,
    "netIncomeRatio": -0.007008292,
    "eps": -1.12,
    "epsdiluted": -1.12,
    "weightedAverageShsOut": 228000000,
    "weightedAverageShsOutDil": 228000000,
    "link": "https://www.sec.gov/Archives/edgar/data/1013871/000101387124000005/0001013871-24-000005-index.htm",
    "finalLink": "https://www.sec.gov/Archives/edgar/data/1013871/000101387124000005/nrg-20231231.htm"
  },
  {
    "date": "2022-12-31",
    "symbol": "NRG",
    "reportedCurrency": "USD",
    "cik": "0001013871",
    "fillingDate": "2023-02-23",
    "acceptedDate": "2023-02-23 17:21:44",
    "calendarYear": "2022",
    "period": "FY",
    "revenue": 31543000000,
    "costOfRevenue": 27443000000,
    "grossProfit": 4100000000,
    "grossProfitRatio": 0.1299812954,
    "researchAndDevelopmentExpenses": 0,
    "generalAndAdministrativeExpenses": 0,
    "sellingAndMarketingExpenses": 0,
    "sellingGeneralAndAdministrativeExpenses": 1145000000,
    "otherExpenses": 937000000,
    "operatingExpenses": 2082000000,
    "costAndExpenses": 29525000000,
    "interestIncome": 0,
    "interestExpense": 417000000,
    "depreciationAndAmortization": 720000000,
    "ebitda": 2800000000,
    "ebitdaratio": 0.0887677139,
    "operatingIncome": 2018000000,
    "operatingIncomeRatio": 0.0639761595,
    "totalOtherIncomeExpensesNet": -355000000,
    "incomeBeforeTax": 1663000000,
    "incomeBeforeTaxRatio": 0.0527216815,
    "incomeTaxExpense": 442000000,
    "netIncome": 1221000000,
    "netIncomeRatio": 0.0387090638,
    "eps": 5.17,
    "epsdiluted": 5.17,
    "weightedAverageShsOut": 236000000,
    "weightedAverageShsOutDil": 236000000,
    "link": "https://www.sec.gov/Archives/edgar/data/1013871/000101387123000004/0001013871-23-000004-index.htm",
    "finalLink": "https://www.sec.gov/Archives/edgar/data/1013871/000101387123000004/nrg-20221231.htm"
  },
  {
    "date": "2021-12-31",
    "symbol": "NRG",
    "reportedCurrency": "USD",
    "cik": "0001013871",
    "fillingDate": "2022-02-24",
    "acceptedDate": "2022-02-24 17:12:47",
    "calendarYear": "2021",
    "period": "FY",
    "revenue": 26989000000,
    "costOfRevenue": 20482000000,
    "grossProfit": 6507000000,
    "grossProfitRatio": 0.2410982252,
    "researchAndDevelopmentExpenses": 0,
    "generalAndAdministrativeExpenses": 0,
    "sellingAndMarketingExpenses": 0,
    "sellingGeneralAndAdministrativeExpenses": 1293000000,
    "otherExpenses": 1873000000,
    "operatingExpenses": 3166000000,
    "costAndExpenses": 23648000000,
    "interestIncome": 0,
    "interestExpense": 485000000,
    "depreciationAndAmortization": 836000000,
    "ebitda": 4180000000,
    "ebitdaratio": 0.1548779132,
    "operatingIncome": 3341000000,
    "operatingIncomeRatio": 0.1237911742,
    "totalOtherIncomeExpensesNet": -482000000,
    "incomeBeforeTax": 2859000000,
    "incomeBeforeTaxRatio": 0.1059320464,
    "incomeTaxExpense": 672000000,
    "netIncome": 2187000000,
    "netIncomeRatio": 0.0810330134,
    "eps": 8.93,
    "epsdiluted": 8.93,
    "weightedAverageShsOut": 245000000,
    "weightedAverageShsOutDil": 245000000,
    "link": "https://www.sec.gov/Archives/edgar/data/1013871/000101387122000010/0001013871-22-000010-index.htm",
    "finalLink": "https://www.sec.gov/Archives/edgar/data/1013871/000101387122000010/nrg-20211231.htm"
  },
  {
    "date": "2020-12-31",
    "symbol": "NRG",
    "reportedCurrency": "USD",
    "cik": "0001013871",
    "fillingDate": "2021-03-01",
    "acceptedDate": "2021-03-01 16:28:03",
    "calendarYear": "2020",
    "period": "FY",
    "revenue": 9093000000,
    "costOfRevenue": 6540000000,
    "grossProfit": 2553000000,
    "grossProfitRatio": 0.280765424,
    "researchAndDevelopmentExpenses": 8000000,
    "generalAndAdministrativeExpenses": 0,
    "sellingAndMarketingExpenses": 0,
    "sellingGeneralAndAdministrativeExpenses": 810000000,
    "otherExpenses": 630000000,
    "operatingExpenses": 1448000000,
    "costAndExpenses": 7988000000,
    "interestIncome": 0,
    "interestExpense": 401000000,
    "depreciationAndAmortization": 559000000,
    "ebitda": 1721000000,
    "ebitdaratio": 0.1892664687,
    "operatingIncome": 1105000000,
    "operatingIncomeRatio": 0.1215220499,
    "totalOtherIncomeExpensesNet": -344000000,
    "incomeBeforeTax": 761000000,
    "incomeBeforeTaxRatio": 0.0836907511,
    "incomeTaxExpense": 251000000,
    "netIncome": 510000000,
    "netIncomeRatio": 0.0560871,
    "eps": 2.08,
    "epsdiluted": 2.07,
    "weightedAverageShsOut": 245000000,
    "weightedAverageShsOutDil": 246000000,
    "link": "https://www.sec.gov/Archives/edgar/data/1013871/000101387121000005/0001013871-21-000005-index.htm",
    "finalLink": "https://www.sec.gov/Archives/edgar/data/1013871/000101387121000005/nrg-20201231.htm"
  },
  {
    "date": "2019-12-31",
    "symbol": "NRG",
    "reportedCurrency": "USD",
    "cik": "0001013871",
    "fillingDate": "2020-02-27",
    "acceptedDate": "2020-02-27 16:57:48",
    "calendarYear": "2019",
    "period": "FY",
    "revenue": 9821000000,
    "costOfRevenue": 7303000000,
    "grossProfit": 2518000000,
    "grossProfitRatio": 0.2563893697,
    "researchAndDevelopmentExpenses": 7000000,
    "generalAndAdministrativeExpenses": 0,
    "sellingAndMarketingExpenses": 0,
    "sellingGeneralAndAdministrativeExpenses": 760000000,
    "otherExpenses": 461000000,
    "operatingExpenses": 1228000000,
    "costAndExpenses": 8531000000,
    "interestIncome": 0,
    "interestExpense": 413000000,
    "depreciationAndAmortization": 497000000,
    "ebitda": 1696000000,
    "ebitdaratio": 0.172691172,
    "operatingIncome": 1290000000,
    "operatingIncomeRatio": 0.1313511862,
    "totalOtherIncomeExpensesNet": -504000000,
    "incomeBeforeTax": 786000000,
    "incomeBeforeTaxRatio": 0.0800325832,
    "incomeTaxExpense": -3334000000,
    "netIncome": 4438000000,
    "netIncomeRatio": 0.4518888097,
    "eps": 16.94,
    "epsdiluted": 16.81,
    "weightedAverageShsOut": 262000000,
    "weightedAverageShsOutDil": 264000000,
    "link": "https://www.sec.gov/Archives/edgar/data/1013871/000101387120000013/0001013871-20-000013-index.htm",
    "finalLink": "https://www.sec.gov/Archives/edgar/data/1013871/000101387120000013/nrg-20191231.htm"
  },
  {
    "date": "2018-12-31",
    "symbol": "NRG",
    "reportedCurrency": "USD",
    "cik": "0001013871",
    "fillingDate": "2019-02-28",
    "acceptedDate": "2019-02-28 16:39:10",
    "calendarYear": "2018",
    "period": "FY",
    "revenue": 9478000000,
    "costOfRevenue": 7108000000,
    "grossProfit": 2370000000,
    "grossProfitRatio": 0.2500527537,
    "researchAndDevelopmentExpenses": 11000000,
    "generalAndAdministrativeExpenses": 0,
    "sellingAndMarketingExpenses": 0,
    "sellingGeneralAndAdministrativeExpenses": 799000000,
    "otherExpenses": 578000000,
    "operatingExpenses": 1388000000,
    "costAndExpenses": 8496000000,
    "interestIncome": 0,
    "interestExpense": 483000000,
    "depreciationAndAmortization": 540000000,
    "ebitda": 1490000000,
    "ebitdaratio": 0.1572061616,
    "operatingIncome": 982000000,
    "operatingIncomeRatio": 0.1036083562,
    "totalOtherIncomeExpensesNet": -515000000,
    "incomeBeforeTax": 467000000,
    "incomeBeforeTaxRatio": 0.0492719983,
    "incomeTaxExpense": 7000000,
    "netIncome": 268000000,
    "netIncomeRatio": 0.0282760076,
    "eps": 0.88,
    "epsdiluted": 0.87,
    "weightedAverageShsOut": 304000000,
    "weightedAverageShsOutDil": 308000000,
    "link": "https://www.sec.gov/Archives/edgar/data/1013871/000101387119000007/0001013871-19-000007-index.htm",
    "finalLink": "https://www.sec.gov/Archives/edgar/data/1013871/000101387119000007/nrg201810-k.htm"
  },
  {
    "date": "2017-12-31",
    "symbol": "NRG",
    "reportedCurrency": "USD",
    "cik": "0001013871",
    "fillingDate": "2018-03-01",
    "acceptedDate": "2018-03-01 16:13:43",
    "calendarYear": "2017",
    "period": "FY",
    "revenue": 9074000000,
    "costOfRevenue": 6886000000,
    "grossProfit": 2188000000,
    "grossProfitRatio": 0.241128499,
    "researchAndDevelopmentExpenses": 22000000,
    "generalAndAdministrativeExpenses": 0,
    "sellingAndMarketingExpenses": 0,
    "sellingGeneralAndAdministrativeExpenses": 836000000,
    "otherExpenses": 2071000000,
    "operatingExpenses": 2929000000,
    "costAndExpenses": 9815000000,
    "interestIncome": 0,
    "interestExpense": 557000000,
    "depreciationAndAmortization": 701000000,
    "ebitda": -131000000,
    "ebitdaratio": -0.0144368525,
    "operatingIncome": -741000000,
    "operatingIncomeRatio": -0.0816618911,
    "totalOtherIncomeExpensesNet": -648000000,
    "incomeBeforeTax": -1389000000,
    "incomeBeforeTaxRatio": -0.153074719,
    "incomeTaxExpense": -44000000,
    "netIncome": -2153000000,
    "netIncomeRatio": -0.2372713247,
    "eps": -6.79,
    "epsdiluted": -6.79,
    "weightedAverageShsOut": 317000000,
    "weightedAverageShsOutDil": 317000000,
    "link": "https://www.sec.gov/Archives/edgar/data/1013871/000101387118000011/0001013871-18-000011-index.htm",
    "finalLink": "https://www.sec.gov/Archives/edgar/data/1013871/000101387118000011/nrg201710-k.htm"
  },
  {
    "date": "2016-12-31",
    "symbol": "NRG",
    "reportedCurrency": "USD",
    "cik": "0001013871",
    "fillingDate": "2017-02-28",
    "acceptedDate": "2017-02-28 16:59:08",
    "calendarYear": "2016",
    "period": "FY",
    "revenue": 8915000000,
    "costOfRevenue": 6676000000,
    "grossProfit": 2239000000,
    "grossProfitRatio": 0.2511497476,
    "researchAndDevelopmentExpenses": 48000000,
    "generalAndAdministrativeExpenses": 0,
    "sellingAndMarketingExpenses": 0,
    "sellingGeneralAndAdministrativeExpenses": 1032000000,
    "otherExpenses": 1126000000,
    "operatingExpenses": 2206000000,
    "costAndExpenses": 8882000000,
    "interestIncome": 0,
    "interestExpense": 583000000,
    "depreciationAndAmortization": 889000000,
    "ebitda": 541000000,
    "ebitdaratio": 0.06068424,
    "operatingIncome": 33000000,
    "operatingIncomeRatio": 0.0037016265,
    "totalOtherIncomeExpensesNet": -964000000,
    "incomeBeforeTax": -931000000,
    "incomeBeforeTaxRatio": -0.1044307347,
    "incomeTaxExpense": 25000000,
    "netIncome": -774000000,
    "netIncomeRatio": -0.0868199663,
    "eps": -2.22,
    "epsdiluted": -2.22,
    "weightedAverageShsOut": 316000000,
    "weightedAverageShsOutDil": 316000000,
    "link": "https://www.sec.gov/Archives/edgar/data/1013871/000101387117000007/0001013871-17-000007-index.htm",
    "finalLink": "https://www.sec.gov/Archives/edgar/data/1013871/000101387117000007/nrg201610-k.htm"
  },
  {
    "date": "2015-12-31",
    "symbol": "NRG",
    "reportedCurrency": "USD",
    "cik": "0001013871",
    "fillingDate": "2016-02-29",
    "acceptedDate": "2016-02-29 13:46:58",
    "calendarYear": "2015",
    "period": "FY",
    "revenue": 12328000000,
    "costOfRevenue": 9000000000,
    "grossProfit": 3328000000,
    "grossProfitRatio": 0.269954575,
    "researchAndDevelopmentExpenses": 154000000,
    "generalAndAdministrativeExpenses": 0,
    "sellingAndMarketingExpenses": 0,
    "sellingGeneralAndAdministrativeExpenses": 1228000000,
    "otherExpenses": 5997000000,
    "operatingExpenses": 7379000000,
    "costAndExpenses": 16379000000,
    "interestIncome": 0,
    "interestExpense": 937000000,
    "depreciationAndAmortization": 1547000000,
    "ebitda": -2502000000,
    "ebitdaratio": -0.2029526282,
    "operatingIncome": -4051000000,
    "operatingIncomeRatio": -0.3286015574,
    "totalOtherIncomeExpensesNet": -935000000,
    "incomeBeforeTax": -4986000000,
    "incomeBeforeTaxRatio": -0.4044451655,
    "incomeTaxExpense": 1345000000,
    "netIncome": -6382000000,
    "netIncomeRatio": -0.5176833225,
    "eps": -19.46,
    "epsdiluted": -19.46,
    "weightedAverageShsOut": 328996865,
    "weightedAverageShsOutDil": 329000000,
    "link": "https://www.sec.gov/Archives/edgar/data/1013871/000101387116000022/0001013871-16-000022-index.htm",
    "finalLink": "https://www.sec.gov/Archives/edgar/data/1013871/000101387116000022/a201510-k.htm"
  },
  {
    "date": "2014-12-31",
    "symbol": "NRG",
    "reportedCurrency": "USD",
    "cik": "0001013871",
    "fillingDate": "2015-02-27",
    "acceptedDate": "2015-02-27 16:57:31",
    "calendarYear": "2014",
    "period": "FY",
    "revenue": 15868000000,
    "costOfRevenue": 11808000000,
    "grossProfit": 4060000000,
    "grossProfitRatio": 0.255860852,
    "researchAndDevelopmentExpenses": 88000000,
    "generalAndAdministrativeExpenses": 0,
    "sellingAndMarketingExpenses": 0,
    "sellingGeneralAndAdministrativeExpenses": 1016000000,
    "otherExpenses": 1685000000,
    "operatingExpenses": 2789000000,
    "costAndExpenses": 14597000000,
    "interestIncome": 0,
    "interestExpense": 1119000000,
    "depreciationAndAmortization": 1633000000,
    "ebitda": 2887000000,
    "ebitdaratio": 0.1819384926,
    "operatingIncome": 1271000000,
    "operatingIncomeRatio": 0.0800983111,
    "totalOtherIncomeExpensesNet": -1136000000,
    "incomeBeforeTax": 135000000,
    "incomeBeforeTaxRatio": 0.0085076884,
    "incomeTaxExpense": 3000000,
    "netIncome": 134000000,
    "netIncomeRatio": 0.0084446685,
    "eps": 0.23,
    "epsdiluted": 0.23,
    "weightedAverageShsOut": 334000000,
    "weightedAverageShsOutDil": 339000000,
    "link": "https://www.sec.gov/Archives/edgar/data/1013871/000101387115000004/0001013871-15-000004-index.htm",
    "finalLink": "https://www.sec.gov/Archives/edgar/data/1013871/000101387115000004/a201410-k.htm"
  },
  {
    "date": "2013-12-31",
    "symbol": "NRG",
    "reportedCurrency": "USD",
    "cik": "0001013871",
    "fillingDate": "2014-09-10",
    "acceptedDate": "2014-09-10 15:40:02",
    "calendarYear": "2013",
    "period": "FY",
    "revenue": 11295000000,
    "costOfRevenue": 8130000000,
    "grossProfit": 3165000000,
    "grossProfitRatio": 0.2802124834,
    "researchAndDevelopmentExpenses": 84000000,
    "generalAndAdministrativeExpenses": 0,
    "sellingAndMarketingExpenses": 0,
    "sellingGeneralAndAdministrativeExpenses": 895000000,
    "otherExpenses": 1843000000,
    "operatingExpenses": 2822000000,
    "costAndExpenses": 10952000000,
    "interestIncome": 0,
    "interestExpense": 848000000,
    "depreciationAndAmortization": 1341000000,
    "ebitda": 1555000000,
    "ebitdaratio": 0.1376715361,
    "operatingIncome": 343000000,
    "operatingIncomeRatio": 0.0303674192,
    "totalOtherIncomeExpensesNet": -977000000,
    "incomeBeforeTax": -634000000,
    "incomeBeforeTaxRatio": -0.0561310314,
    "incomeTaxExpense": -282000000,
    "netIncome": -386000000,
    "netIncomeRatio": -0.0341744135,
    "eps": -1.22,
    "epsdiluted": -1.22,
    "weightedAverageShsOut": 323000000,
    "weightedAverageShsOutDil": 323000000,
    "link": "https://www.sec.gov/Archives/edgar/data/1013871/000101387114000019/0001013871-14-000019-index.htm",
    "finalLink": "https://www.sec.gov/Archives/edgar/data/1013871/000101387114000019/nrgamendmentno2to201310-k.htm"
  },
  {
    "date": "2012-12-31",
    "symbol": "NRG",
    "reportedCurrency": "USD",
    "cik": "0001013871",
    "fillingDate": "2013-02-27",
    "acceptedDate": "2013-02-27 15:45:43",
    "calendarYear": "2012",
    "period": "FY",
    "revenue": 8422000000,
    "costOfRevenue": 6140000000,
    "grossProfit": 2282000000,
    "grossProfitRatio": 0.2709570173,
    "researchAndDevelopmentExpenses": 68000000,
    "generalAndAdministrativeExpenses": 0,
    "sellingAndMarketingExpenses": 0,
    "sellingGeneralAndAdministrativeExpenses": 807000000,
    "otherExpenses": 1057000000,
    "operatingExpenses": 1932000000,
    "costAndExpenses": 8072000000,
    "interestIncome": 0,
    "interestExpense": 661000000,
    "depreciationAndAmortization": 1135000000,
    "ebitda": 1784000000,
    "ebitdaratio": 0.2118261696,
    "operatingIncome": 350000000,
    "operatingIncomeRatio": 0.0415578247,
    "totalOtherIncomeExpensesNet": -362000000,
    "incomeBeforeTax": -12000000,
    "incomeBeforeTaxRatio": -0.0014248397,
    "incomeTaxExpense": -327000000,
    "netIncome": 295000000,
    "netIncomeRatio": 0.0350273094,
    "eps": 1.23,
    "epsdiluted": 1.22,
    "weightedAverageShsOut": 232000000,
    "weightedAverageShsOutDil": 234000000,
    "link": "https://www.sec.gov/Archives/edgar/data/1013871/000101387113000003/0001013871-13-000003-index.htm",
    "finalLink": "https://www.sec.gov/Archives/edgar/data/1013871/000101387113000003/a201210-k.htm"
  },
  {
    "date": "2011-12-31",
    "symbol": "NRG",
    "reportedCurrency": "USD",
    "cik": "0001013871",
    "fillingDate": "2012-02-28",
    "acceptedDate": "2012-02-28 13:33:40",
    "calendarYear": "2011",
    "period": "FY",
    "revenue": 9079000000,
    "costOfRevenue": 6745000000,
    "grossProfit": 2334000000,
    "grossProfitRatio": 0.2570767706,
    "researchAndDevelopmentExpenses": 57000000,
    "generalAndAdministrativeExpenses": 0,
    "sellingAndMarketingExpenses": 0,
    "sellingGeneralAndAdministrativeExpenses": 586000000,
    "otherExpenses": 1056000000,
    "operatingExpenses": 1699000000,
    "costAndExpenses": 8444000000,
    "interestIncome": 0,
    "interestExpense": 665000000,
    "depreciationAndAmortization": 1102000000,
    "ebitda": 1121000000,
    "ebitdaratio": 0.123471748,
    "operatingIncome": 635000000,
    "operatingIncomeRatio": 0.0699416235,
    "totalOtherIncomeExpensesNet": -1281000000,
    "incomeBeforeTax": -646000000,
    "incomeBeforeTaxRatio": -0.0711532107,
    "incomeTaxExpense": -843000000,
    "netIncome": 197000000,
    "netIncomeRatio": 0.0216984249,
    "eps": 0.78,
    "epsdiluted": 0.78,
    "weightedAverageShsOut": 240000000,
    "weightedAverageShsOutDil": 241000000,
    "link": "https://www.sec.gov/Archives/edgar/data/1013871/000144530512000493/0001445305-12-000493-index.htm",
    "finalLink": "https://www.sec.gov/Archives/edgar/data/1013871/000144530512000493/a201110-k.htm"
  },
  {
    "date": "2010-12-31",
    "symbol": "NRG",
    "reportedCurrency": "USD",
    "cik": "0001013871",
    "fillingDate": "2011-02-22",
    "acceptedDate": "2011-02-22 14:09:25",
    "calendarYear": "2010",
    "period": "FY",
    "revenue": 8849000000,
    "costOfRevenue": 6073000000,
    "grossProfit": 2776000000,
    "grossProfitRatio": 0.3137077636,
    "researchAndDevelopmentExpenses": 55000000,
    "generalAndAdministrativeExpenses": 0,
    "sellingAndMarketingExpenses": 0,
    "sellingGeneralAndAdministrativeExpenses": 598000000,
    "otherExpenses": 815000000,
    "operatingExpenses": 1468000000,
    "costAndExpenses": 7541000000,
    "interestIncome": 0,
    "interestExpense": 632000000,
    "depreciationAndAmortization": 882000000,
    "ebitda": 2265000000,
    "ebitdaratio": 0.2559611256,
    "operatingIncome": 1308000000,
    "operatingIncomeRatio": 0.1478133122,
    "totalOtherIncomeExpensesNet": -555000000,
    "incomeBeforeTax": 753000000,
    "incomeBeforeTaxRatio": 0.0850943609,
    "incomeTaxExpense": 277000000,
    "netIncome": 477000000,
    "netIncomeRatio": 0.053904396,
    "eps": 1.86,
    "epsdiluted": 1.84,
    "weightedAverageShsOut": 252000000,
    "weightedAverageShsOutDil": 254000000,
    "link": "https://www.sec.gov/Archives/edgar/data/1013871/000104746911001125/0001047469-11-001125-index.htm",
    "finalLink": "https://www.sec.gov/Archives/edgar/data/1013871/000104746911001125/a2202097z10-k.htm"
  },
  {
    "date": "2009-12-31",
    "symbol": "NRG",
    "reportedCurrency": "USD",
    "cik": "0001013871",
    "fillingDate": "2010-02-23",
    "acceptedDate": "2010-02-23 17:17:24",
    "calendarYear": "2009",
    "period": "FY",
    "revenue": 8952000000,
    "costOfRevenue": 5323000000,
    "grossProfit": 3629000000,
    "grossProfitRatio": 0.4053842717,
    "researchAndDevelopmentExpenses": 48000000,
    "generalAndAdministrativeExpenses": 0,
    "sellingAndMarketingExpenses": 0,
    "sellingGeneralAndAdministrativeExpenses": 550000000,
    "otherExpenses": 872000000,
    "operatingExpenses": 1470000000,
    "costAndExpenses": 6793000000,
    "interestIncome": -20000000,
    "interestExpense": 634000000,
    "depreciationAndAmortization": 1007000000,
    "ebitda": 3310000000,
    "ebitdaratio": 0.3697497766,
    "operatingIncome": 2159000000,
    "operatingIncomeRatio": 0.2411751564,
    "totalOtherIncomeExpensesNet": -490000000,
    "incomeBeforeTax": 1669000000,
    "incomeBeforeTaxRatio": 0.1864387846,
    "incomeTaxExpense": 728000000,
    "netIncome": 942000000,
    "netIncomeRatio": 0.105227882,
    "eps": 3.7,
    "epsdiluted": 3.44,
    "weightedAverageShsOut": 246000000,
    "weightedAverageShsOutDil": 271000000,
    "link": "https://www.sec.gov/Archives/edgar/data/1013871/000095012310015824/0000950123-10-015824-index.htm",
    "finalLink": "https://www.sec.gov/Archives/edgar/data/1013871/000095012310015824/y81314e10vk.htm"
  },
  {
    "date": "2008-12-31",
    "symbol": "NRG",
    "reportedCurrency": "USD",
    "cik": "0001013871",
    "fillingDate": "2009-04-30",
    "acceptedDate": "2009-04-30 10:48:32",
    "calendarYear": "2008",
    "period": "FY",
    "revenue": 6885000000,
    "costOfRevenue": 3598000000,
    "grossProfit": 3287000000,
    "grossProfitRatio": 0.4774146696,
    "researchAndDevelopmentExpenses": 46000000,
    "generalAndAdministrativeExpenses": 0,
    "sellingAndMarketingExpenses": 0,
    "sellingGeneralAndAdministrativeExpenses": 319000000,
    "otherExpenses": 649000000,
    "operatingExpenses": 1014000000,
    "costAndExpenses": 4612000000,
    "interestIncome": 0,
    "interestExpense": 620000000,
    "depreciationAndAmortization": 418000000,
    "ebitda": 2998000000,
    "ebitdaratio": 0.4354393609,
    "operatingIncome": 2273000000,
    "operatingIncomeRatio": 0.3301379811,
    "totalOtherIncomeExpensesNet": -507000000,
    "incomeBeforeTax": 1766000000,
    "incomeBeforeTaxRatio": 0.2564996369,
    "incomeTaxExpense": 713000000,
    "netIncome": 1225000000,
    "netIncomeRatio": 0.1779230211,
    "eps": 4.98,
    "epsdiluted": 4.43,
    "weightedAverageShsOut": 235000000,
    "weightedAverageShsOutDil": 275000000,
    "link": "https://www.sec.gov/Archives/edgar/data/1013871/000095012309007571/0000950123-09-007571-index.htm",
    "finalLink": "https://www.sec.gov/Archives/edgar/data/1013871/000095012309007571/y76840e10vkza.htm"
  },
  {
    "date": "2007-12-31",
    "symbol": "NRG",
    "reportedCurrency": "USD",
    "cik": "0001013871",
    "fillingDate": "2008-02-28",
    "acceptedDate": "2008-02-28 16:39:25",
    "calendarYear": "2007",
    "period": "FY",
    "revenue": 5989000000,
    "costOfRevenue": 3378000000,
    "grossProfit": 2611000000,
    "grossProfitRatio": 0.4359659376,
    "researchAndDevelopmentExpenses": 101000000,
    "generalAndAdministrativeExpenses": 0,
    "sellingAndMarketingExpenses": 0,
    "sellingGeneralAndAdministrativeExpenses": 309000000,
    "otherExpenses": 641000000,
    "operatingExpenses": 1051000000,
    "costAndExpenses": 4429000000,
    "interestIncome": 0,
    "interestExpense": 689000000,
    "depreciationAndAmortization": 563000000,
    "ebitda": 2293000000,
    "ebitdaratio": 0.3828685924,
    "operatingIncome": 1560000000,
    "operatingIncomeRatio": 0.2604775422,
    "totalOtherIncomeExpensesNet": -614000000,
    "incomeBeforeTax": 946000000,
    "incomeBeforeTaxRatio": 0.1579562531,
    "incomeTaxExpense": 377000000,
    "netIncome": 586000000,
    "netIncomeRatio": 0.0978460511,
    "eps": 2.21,
    "epsdiluted": 2.01,
    "weightedAverageShsOut": 240000000,
    "weightedAverageShsOutDil": 288000000,
    "link": "https://www.sec.gov/Archives/edgar/data/1013871/000095012308002271/0000950123-08-002271-index.htm",
    "finalLink": "https://www.sec.gov/Archives/edgar/data/1013871/000095012308002271/y50403e10vk.htm"
  },
  {
    "date": "2006-12-31",
    "symbol": "NRG",
    "reportedCurrency": "USD",
    "cik": "0001013871",
    "fillingDate": "2007-02-28",
    "acceptedDate": "2007-02-28 17:17:01",
    "calendarYear": "2006",
    "period": "FY",
    "revenue": 5585000000,
    "costOfRevenue": 3265000000,
    "grossProfit": 2320000000,
    "grossProfitRatio": 0.4153983885,
    "researchAndDevelopmentExpenses": 36000000,
    "generalAndAdministrativeExpenses": 0,
    "sellingAndMarketingExpenses": 0,
    "sellingGeneralAndAdministrativeExpenses": 276000000,
    "otherExpenses": 590000000,
    "operatingExpenses": 902000000,
    "costAndExpenses": 4167000000,
    "interestIncome": 23000000,
    "interestExpense": 800000000,
    "depreciationAndAmortization": 164000000,
    "ebitda": 2045000000,
    "ebitdaratio": 0.3661593554,
    "operatingIncome": 1418000000,
    "operatingIncomeRatio": 0.2538943599,
    "totalOtherIncomeExpensesNet": -553000000,
    "incomeBeforeTax": 865000000,
    "incomeBeforeTaxRatio": 0.1548791406,
    "incomeTaxExpense": 322000000,
    "netIncome": 621000000,
    "netIncomeRatio": 0.1111906893,
    "eps": 2.21,
    "epsdiluted": 2.04,
    "weightedAverageShsOut": 258000000,
    "weightedAverageShsOutDil": 301000000,
    "link": "https://www.sec.gov/Archives/edgar/data/1013871/000095012307002952/0000950123-07-002952-index.htm",
    "finalLink": "https://www.sec.gov/Archives/edgar/data/1013871/000095012307002952/y30985e10vk.htm"
  },
  {
    "date": "2005-12-31",
    "symbol": "NRG",
    "reportedCurrency": "USD",
    "cik": "0001013871",
    "fillingDate": "2006-03-07",
    "acceptedDate": "2006-03-07 13:55:45",
    "calendarYear": "2005",
    "period": "FY",
    "revenue": 2400000000,
    "costOfRevenue": 1829000000,
    "grossProfit": 571000000,
    "grossProfitRatio": 0.2379166667,
    "researchAndDevelopmentExpenses": 0,
    "generalAndAdministrativeExpenses": 0,
    "sellingAndMarketingExpenses": 0,
    "sellingGeneralAndAdministrativeExpenses": 176000000,
    "otherExpenses": 170000000,
    "operatingExpenses": 346000000,
    "costAndExpenses": 2175000000,
    "interestIncome": 7000000,
    "interestExpense": 249000000,
    "depreciationAndAmortization": 212000000,
    "ebitda": 499000000,
    "ebitdaratio": 0.2079166667,
    "operatingIncome": 225000000,
    "operatingIncomeRatio": 0.09375,
    "totalOtherIncomeExpensesNet": -115000000,
    "incomeBeforeTax": 110000000,
    "incomeBeforeTaxRatio": 0.0458333333,
    "incomeTaxExpense": 42000000,
    "netIncome": 84000000,
    "netIncomeRatio": 0.035,
    "eps": 0.38,
    "epsdiluted": 0.38,
    "weightedAverageShsOut": 169000000,
    "weightedAverageShsOutDil": 171000000,
    "link": "https://www.sec.gov/Archives/edgar/data/1013871/000095012306002710/0000950123-06-002710-index.htm",
    "finalLink": "https://www.sec.gov/Archives/edgar/data/1013871/000095012306002710/y18280e10vk.htm"
  },
  {
    "date": "2004-12-31",
    "symbol": "NRG",
    "reportedCurrency": "USD",
    "cik": "0001013871",
    "fillingDate": "2005-03-30",
    "acceptedDate": "2005-03-30 15:22:00",
    "calendarYear": "2004",
    "period": "FY",
    "revenue": 2104000000,
    "costOfRevenue": 0,
    "grossProfit": 2104000000,
    "grossProfitRatio": 1,
    "researchAndDevelopmentExpenses": 0,
    "generalAndAdministrativeExpenses": 0,
    "sellingAndMarketingExpenses": 0,
    "sellingGeneralAndAdministrativeExpenses": 197000000,
    "otherExpenses": 1517000000,
    "operatingExpenses": 1714000000,
    "costAndExpenses": 1714000000,
    "interestIncome": 0,
    "interestExpense": 0,
    "depreciationAndAmortization": 309000000,
    "ebitda": 699000000,
    "ebitdaratio": 0.3322243346,
    "operatingIncome": 390000000,
    "operatingIncomeRatio": 0.1853612167,
    "totalOtherIncomeExpensesNet": -161000000,
    "incomeBeforeTax": 229000000,
    "incomeBeforeTaxRatio": 0.1088403042,
    "incomeTaxExpense": 74000000,
    "netIncome": 186000000,
    "netIncomeRatio": 0.0884030418,
    "eps": 0.93,
    "epsdiluted": 0.93,
    "weightedAverageShsOut": 200000000,
    "weightedAverageShsOutDil": 201081081,
    "link": "https://www.sec.gov/Archives/edgar/data/1013871/000095013405006359/0000950134-05-006359-index.htm",
    "finalLink": "https://www.sec.gov/Archives/edgar/data/1013871/000095013405006359/c92903e10vk.htm"
  },
  {
    "date": "2003-12-31",
    "symbol": "NRG",
    "reportedCurrency": "USD",
    "cik": "0001013871",
    "fillingDate": "2004-03-16",
    "acceptedDate": "2004-03-16 17:10:05",
    "calendarYear": "2003",
    "period": "FY",
    "revenue": 1710000000,
    "costOfRevenue": 1553450000,
    "grossProfit": 567237000,
    "grossProfitRatio": 0.3317175439,
    "researchAndDevelopmentExpenses": 0,
    "generalAndAdministrativeExpenses": 0,
    "sellingAndMarketingExpenses": 0,
    "sellingGeneralAndAdministrativeExpenses": 192037000,
    "otherExpenses": -3146808000,
    "operatingExpenses": -2954771000,
    "costAndExpenses": -1401321000,
    "interestIncome": 0,
    "interestExpense": 0,
    "depreciationAndAmortization": 269741000,
    "ebitda": 1979741000,
    "ebitdaratio": 1.1577432749,
    "operatingIncome": 3111321000,
    "operatingIncomeRatio": 1.8194859649,
    "totalOtherIncomeExpensesNet": -334103000,
    "incomeBeforeTax": 2777218000,
    "incomeBeforeTaxRatio": 1.6241040936,
    "incomeTaxExpense": 15970000,
    "netIncome": 2777000000,
    "netIncomeRatio": 1.6239766082,
    "eps": 6.98,
    "epsdiluted": 6.98,
    "weightedAverageShsOut": 200000000,
    "weightedAverageShsOutDil": 200000000,
    "link": "https://www.sec.gov/Archives/edgar/data/1013871/000095013404003612/0000950134-04-003612-index.htm",
    "finalLink": "https://www.sec.gov/Archives/edgar/data/1013871/000095013404003612/c83399e10vk.htm"
  },
  {
    "date": "2002-12-31",
    "symbol": "NRG",
    "reportedCurrency": "USD",
    "cik": "0001013871",
    "fillingDate": "2003-03-31",
    "acceptedDate": "2003-03-31 12:49:53",
    "calendarYear": "2002",
    "period": "FY",
    "revenue": 1688000000,
    "costOfRevenue": 1510550000,
    "grossProfit": 770599000,
    "grossProfitRatio": 0.4565159953,
    "researchAndDevelopmentExpenses": 0,
    "generalAndAdministrativeExpenses": 0,
    "sellingAndMarketingExpenses": 0,
    "sellingGeneralAndAdministrativeExpenses": 250131000,
    "otherExpenses": 2515335000,
    "operatingExpenses": 2765466000,
    "costAndExpenses": 4276016000,
    "interestIncome": 0,
    "interestExpense": 0,
    "depreciationAndAmortization": 286623000,
    "ebitda": 1974623000,
    "ebitdaratio": 1.1698003555,
    "operatingIncome": -2588016000,
    "operatingIncomeRatio": -1.5331848341,
    "totalOtherIncomeExpensesNet": -485027000,
    "incomeBeforeTax": -3073043000,
    "incomeBeforeTaxRatio": -1.8205231043,
    "incomeTaxExpense": -165382000,
    "netIncome": -3464000000,
    "netIncomeRatio": -2.0521327014,
    "eps": -8.71,
    "epsdiluted": -8.71,
    "weightedAverageShsOut": 397210000,
    "weightedAverageShsOutDil": 397210000,
    "link": "https://www.sec.gov/Archives/edgar/data/1013871/000095013703001877/0000950137-03-001877-index.htm",
    "finalLink": "https://www.sec.gov/Archives/edgar/data/1013871/000095013703001877/c75611e10vk.htm"
  },
  {
    "date": "2001-12-31",
    "symbol": "NRG",
    "reportedCurrency": "USD",
    "cik": "0001013871",
    "fillingDate": "2002-04-01",
    "acceptedDate": "2002-04-01 00:00:00",
    "calendarYear": "2001",
    "period": "FY",
    "revenue": 2085000000,
    "costOfRevenue": 1855631000,
    "grossProfit": 1153009000,
    "grossProfitRatio": 0.5530019185,
    "researchAndDevelopmentExpenses": 0,
    "generalAndAdministrativeExpenses": 0,
    "sellingAndMarketingExpenses": 0,
    "sellingGeneralAndAdministrativeExpenses": 225694000,
    "otherExpenses": -711147000,
    "operatingExpenses": -485453000,
    "costAndExpenses": 1370178000,
    "interestIncome": 0,
    "interestExpense": 0,
    "depreciationAndAmortization": 212493000,
    "ebitda": 2297493000,
    "ebitdaratio": 1.1019151079,
    "operatingIncome": 714822000,
    "operatingIncomeRatio": 0.3428402878,
    "totalOtherIncomeExpensesNet": -416214000,
    "incomeBeforeTax": 298608000,
    "incomeBeforeTaxRatio": 0.1432172662,
    "incomeTaxExpense": 33404000,
    "netIncome": 265000000,
    "netIncomeRatio": 0.1270983213,
    "eps": 0.67,
    "epsdiluted": 0.67,
    "weightedAverageShsOut": 387424000,
    "weightedAverageShsOutDil": 390904000,
    "link": "https://www.sec.gov/Archives/edgar/data/1013871/000095013702001952/0000950137-02-001952-index.htm",
    "finalLink": "https://www.sec.gov/Archives/edgar/data/1013871/000095013702001952/c67146e10-k405.txt"
  },
  {
    "date": "2000-12-31",
    "symbol": "NRG",
    "reportedCurrency": "USD",
    "cik": "0001013871",
    "fillingDate": "2001-03-29",
    "acceptedDate": "2001-03-29 00:00:00",
    "calendarYear": "2000",
    "period": "FY",
    "revenue": 1810138000,
    "costOfRevenue": 1060130000,
    "grossProfit": 750008000,
    "grossProfitRatio": 0.4143374704,
    "researchAndDevelopmentExpenses": 0,
    "generalAndAdministrativeExpenses": 0,
    "sellingAndMarketingExpenses": 0,
    "sellingGeneralAndAdministrativeExpenses": 169040000,
    "otherExpenses": 97304000,
    "operatingExpenses": 266344000,
    "costAndExpenses": 1326474000,
    "interestIncome": 0,
    "interestExpense": 0,
    "depreciationAndAmortization": 122953000,
    "ebitda": 606617000,
    "ebitdaratio": 0.3351219631,
    "operatingIncome": 483664000,
    "operatingIncomeRatio": 0.2671973076,
    "totalOtherIncomeExpensesNet": -245832000,
    "incomeBeforeTax": 237832000,
    "incomeBeforeTaxRatio": 0.1313888775,
    "incomeTaxExpense": 86903000,
    "netIncome": 182935000,
    "netIncomeRatio": 0.1010613555,
    "eps": 0.46,
    "epsdiluted": 0.46,
    "weightedAverageShsOut": 322228000,
    "weightedAverageShsOutDil": 324484000,
    "link": "https://www.sec.gov/Archives/edgar/data/1013871/000095012401001739/0000950124-01-001739-index.htm",
    "finalLink": "https://www.sec.gov/Archives/edgar/data/1013871/000095012401001739/c60217e10-k405.txt"
  },
  {
    "date": "1999-12-31",
    "symbol": "NRG",
    "reportedCurrency": "USD",
    "cik": "0001013871",
    "fillingDate": "2000-06-05",
    "acceptedDate": "2000-06-05 00:00:00",
    "calendarYear": "1999",
    "period": "FY",
    "revenue": 500018000,
    "costOfRevenue": 269900000,
    "grossProfit": 230118000,
    "grossProfitRatio": 0.4602194321,
    "researchAndDevelopmentExpenses": 0,
    "generalAndAdministrativeExpenses": 0,
    "sellingAndMarketingExpenses": 0,
    "sellingGeneralAndAdministrativeExpenses": 83572000,
    "otherExpenses": 37026000,
    "operatingExpenses": 120598000,
    "costAndExpenses": 390498000,
    "interestIncome": 0,
    "interestExpense": 0,
    "depreciationAndAmortization": -37026000,
    "ebitda": 146546000,
    "ebitdaratio": 0.2930814491,
    "operatingIncome": 109520000,
    "operatingIncomeRatio": 0.2190321148,
    "totalOtherIncomeExpensesNet": -78406000,
    "incomeBeforeTax": 31114000,
    "incomeBeforeTaxRatio": 0.0622257599,
    "incomeTaxExpense": -26081000,
    "netIncome": 57195000,
    "netIncomeRatio": 0.1143858821,
    "eps": 0.19,
    "epsdiluted": 0.19,
    "weightedAverageShsOut": 295210000,
    "weightedAverageShsOutDil": 295210000,
    "link": "https://www.sec.gov/Archives/edgar/data/1013871/000095012400003579/0000950124-00-003579-index.htm",
    "finalLink": "https://www.sec.gov/Archives/edgar/data/1013871/000095012400003579/0000950124-00-003579-0001.txt"
  },
  {
    "date": "1998-12-31",
    "symbol": "NRG",
    "reportedCurrency": "USD",
    "cik": "0001013871",
    "fillingDate": "1999-03-26",
    "acceptedDate": "1999-03-26 00:00:00",
    "calendarYear": "1998",
    "period": "FY",
    "revenue": 182130000,
    "costOfRevenue": 52413000,
    "grossProfit": 129717000,
    "grossProfitRatio": 0.7122220392,
    "researchAndDevelopmentExpenses": 0,
    "generalAndAdministrativeExpenses": 0,
    "sellingAndMarketingExpenses": 0,
    "sellingGeneralAndAdministrativeExpenses": 56385000,
    "otherExpenses": 16320000,
    "operatingExpenses": 72705000,
    "costAndExpenses": 125118000,
    "interestIncome": 0,
    "interestExpense": 0,
    "depreciationAndAmortization": 16320000,
    "ebitda": 73332000,
    "ebitdaratio": 0.4026354802,
    "operatingIncome": 57012000,
    "operatingIncomeRatio": 0.313029155,
    "totalOtherIncomeExpensesNet": -40934000,
    "incomeBeforeTax": 16078000,
    "incomeBeforeTaxRatio": 0.0882776039,
    "incomeTaxExpense": -25654000,
    "netIncome": 41732000,
    "netIncomeRatio": 0.2291330368,
    "eps": 0,
    "epsdiluted": 0,
    "weightedAverageShsOut": 295210000,
    "weightedAverageShsOutDil": 295210000,
    "link": "https://www.sec.gov/Archives/edgar/data/1013871/000095012499002072/0000950124-99-002072-index.html",
    "finalLink": "https://www.sec.gov/Archives/edgar/data/1013871/"
  },
  {
    "date": "1997-12-31",
    "symbol": "NRG",
    "reportedCurrency": "USD",
    "cik": "0001013871",
    "fillingDate": "1998-06-29",
    "acceptedDate": "1998-06-29 00:00:00",
    "calendarYear": "1997",
    "period": "FY",
    "revenue": 118252000,
    "costOfRevenue": 46717000,
    "grossProfit": 71535000,
    "grossProfitRatio": 0.6049369144,
    "researchAndDevelopmentExpenses": 0,
    "generalAndAdministrativeExpenses": 0,
    "sellingAndMarketingExpenses": 0,
    "sellingGeneralAndAdministrativeExpenses": 43116000,
    "otherExpenses": 10310000,
    "operatingExpenses": 53426000,
    "costAndExpenses": 100143000,
    "interestIncome": 0,
    "interestExpense": 0,
    "depreciationAndAmortization": 10310000,
    "ebitda": 28419000,
    "ebitdaratio": 0.240325745,
    "operatingIncome": 18109000,
    "operatingIncomeRatio": 0.153139059,
    "totalOtherIncomeExpensesNet": -19618000,
    "incomeBeforeTax": -1509000,
    "incomeBeforeTaxRatio": -0.0127608835,
    "incomeTaxExpense": -23491000,
    "netIncome": 21982000,
    "netIncomeRatio": 0.1858911477,
    "eps": 0,
    "epsdiluted": 0,
    "weightedAverageShsOut": 295210000,
    "weightedAverageShsOutDil": 295210000,
    "link": "https://www.sec.gov/Archives/edgar/data/1013871/000095012498003629/0000950124-98-003629-index.html",
    "finalLink": "https://www.sec.gov/Archives/edgar/data/1013871/"
  }
]