[
  {
    "date": "2025-06-30",
    "symbol": "NSC",
    "reportedCurrency": "USD",
    "cik": "0000702165",
    "fillingDate": "2025-07-29",
    "acceptedDate": "2025-07-29 08:15:07",
    "calendarYear": "2025",
    "period": "Q2",
    "revenue": 3110000000,
    "costOfRevenue": 2006000000,
    "grossProfit": 1104000000,
    "grossProfitRatio": 0.3549839228,
    "researchAndDevelopmentExpenses": 0,
    "generalAndAdministrativeExpenses": 0,
    "sellingAndMarketingExpenses": 0,
    "sellingGeneralAndAdministrativeExpenses": 0,
    "otherExpenses": 0,
    "operatingExpenses": 0,
    "costAndExpenses": 2006000000,
    "interestIncome": 0,
    "interestExpense": 201000000,
    "depreciationAndAmortization": 346000000,
    "ebitda": 1545000000,
    "ebitdaratio": 0.4967845659,
    "operatingIncome": 1104000000,
    "operatingIncomeRatio": 0.3549839228,
    "totalOtherIncomeExpensesNet": -106000000,
    "incomeBeforeTax": 998000000,
    "incomeBeforeTaxRatio": 0.3209003215,
    "incomeTaxExpense": 230000000,
    "netIncome": 768000000,
    "netIncomeRatio": 0.2469453376,
    "eps": 3.41,
    "epsdiluted": 3.41,
    "weightedAverageShsOut": 225000000,
    "weightedAverageShsOutDil": 225000000,
    "link": "https://www.sec.gov/Archives/edgar/data/702165/000070216525000028/0000702165-25-000028-index.htm",
    "finalLink": "https://www.sec.gov/Archives/edgar/data/702165/000070216525000028/nsc-20250630.htm"
  },
  {
    "date": "2025-03-31",
    "symbol": "NSC",
    "reportedCurrency": "USD",
    "cik": "0000702165",
    "fillingDate": "2025-04-23",
    "acceptedDate": "2025-04-23 14:09:17",
    "calendarYear": "2025",
    "period": "Q1",
    "revenue": 2993000000,
    "costOfRevenue": 2055000000,
    "grossProfit": 938000000,
    "grossProfitRatio": 0.3133979285,
    "researchAndDevelopmentExpenses": 0,
    "generalAndAdministrativeExpenses": 0,
    "sellingAndMarketingExpenses": 0,
    "sellingGeneralAndAdministrativeExpenses": 0,
    "otherExpenses": 0,
    "operatingExpenses": 0,
    "costAndExpenses": 2055000000,
    "interestIncome": 0,
    "interestExpense": 199000000,
    "depreciationAndAmortization": 346000000,
    "ebitda": 1523000000,
    "ebitdaratio": 0.5088539926,
    "operatingIncome": 938000000,
    "operatingIncomeRatio": 0.3133979285,
    "totalOtherIncomeExpensesNet": 40000000,
    "incomeBeforeTax": 978000000,
    "incomeBeforeTaxRatio": 0.3267624457,
    "incomeTaxExpense": 228000000,
    "netIncome": 750000000,
    "netIncomeRatio": 0.2505846976,
    "eps": 3.31,
    "epsdiluted": 3.31,
    "weightedAverageShsOut": 226100000,
    "weightedAverageShsOutDil": 226500000,
    "link": "https://www.sec.gov/Archives/edgar/data/702165/000070216525000013/0000702165-25-000013-index.htm",
    "finalLink": "https://www.sec.gov/Archives/edgar/data/702165/000070216525000013/nsc-20250331.htm"
  },
  {
    "date": "2024-12-31",
    "symbol": "NSC",
    "reportedCurrency": "USD",
    "cik": "0000702165",
    "fillingDate": "2025-02-10",
    "acceptedDate": "2025-02-10 09:24:07",
    "calendarYear": "2024",
    "period": "Q4",
    "revenue": 3024000000,
    "costOfRevenue": 1931000000,
    "grossProfit": 1093000000,
    "grossProfitRatio": 0.3614417989,
    "researchAndDevelopmentExpenses": 0,
    "generalAndAdministrativeExpenses": 0,
    "sellingAndMarketingExpenses": 0,
    "sellingGeneralAndAdministrativeExpenses": 0,
    "otherExpenses": 0,
    "operatingExpenses": 0,
    "costAndExpenses": 1931000000,
    "interestIncome": 0,
    "interestExpense": 199000000,
    "depreciationAndAmortization": 342000000,
    "ebitda": 1469000000,
    "ebitdaratio": 0.4857804233,
    "operatingIncome": 1093000000,
    "operatingIncomeRatio": 0.3614417989,
    "totalOtherIncomeExpensesNet": -165000000,
    "incomeBeforeTax": 928000000,
    "incomeBeforeTaxRatio": 0.3068783069,
    "incomeTaxExpense": 195000000,
    "netIncome": 733000000,
    "netIncomeRatio": 0.2423941799,
    "eps": 3.24,
    "epsdiluted": 3.23,
    "weightedAverageShsOut": 226200000,
    "weightedAverageShsOutDil": 226500000,
    "link": "https://www.sec.gov/Archives/edgar/data/702165/000070216525000008/0000702165-25-000008-index.htm",
    "finalLink": "https://www.sec.gov/Archives/edgar/data/702165/000070216525000008/nsc-20241231.htm"
  },
  {
    "date": "2024-09-30",
    "symbol": "NSC",
    "reportedCurrency": "USD",
    "cik": "0000702165",
    "fillingDate": "2024-10-22",
    "acceptedDate": "2024-10-22 16:07:22",
    "calendarYear": "2024",
    "period": "Q3",
    "revenue": 3051000000,
    "costOfRevenue": 1795000000,
    "grossProfit": 1256000000,
    "grossProfitRatio": 0.4116683055,
    "researchAndDevelopmentExpenses": 0,
    "generalAndAdministrativeExpenses": 0,
    "sellingAndMarketingExpenses": 0,
    "sellingGeneralAndAdministrativeExpenses": 0,
    "otherExpenses": 0,
    "operatingExpenses": 0,
    "costAndExpenses": 1795000000,
    "interestIncome": 0,
    "interestExpense": 203000000,
    "depreciationAndAmortization": 339000000,
    "ebitda": 1969000000,
    "ebitdaratio": 0.6453621763,
    "operatingIncome": 1256000000,
    "operatingIncomeRatio": 0.4116683055,
    "totalOtherIncomeExpensesNet": 171000000,
    "incomeBeforeTax": 1427000000,
    "incomeBeforeTaxRatio": 0.4677155031,
    "incomeTaxExpense": 328000000,
    "netIncome": 1099000000,
    "netIncomeRatio": 0.3602097673,
    "eps": 4.86,
    "epsdiluted": 4.85,
    "weightedAverageShsOut": 226200000,
    "weightedAverageShsOutDil": 226500000,
    "link": "https://www.sec.gov/Archives/edgar/data/702165/000070216524000035/0000702165-24-000035-index.htm",
    "finalLink": "https://www.sec.gov/Archives/edgar/data/702165/000070216524000035/nsc-20240930.htm"
  },
  {
    "date": "2024-06-30",
    "symbol": "NSC",
    "reportedCurrency": "USD",
    "cik": "0000702165",
    "fillingDate": "2024-07-26",
    "acceptedDate": "2024-07-26 07:24:28",
    "calendarYear": "2024",
    "period": "Q2",
    "revenue": 3044000000,
    "costOfRevenue": 1941000000,
    "grossProfit": 1103000000,
    "grossProfitRatio": 0.3623521682,
    "researchAndDevelopmentExpenses": 0,
    "generalAndAdministrativeExpenses": 0,
    "sellingAndMarketingExpenses": 0,
    "sellingGeneralAndAdministrativeExpenses": 0,
    "otherExpenses": 0,
    "operatingExpenses": 0,
    "costAndExpenses": 1941000000,
    "interestIncome": 0,
    "interestExpense": 204000000,
    "depreciationAndAmortization": 335000000,
    "ebitda": 1483000000,
    "ebitdaratio": 0.4871879106,
    "operatingIncome": 1103000000,
    "operatingIncomeRatio": 0.3623521682,
    "totalOtherIncomeExpensesNet": -159000000,
    "incomeBeforeTax": 944000000,
    "incomeBeforeTaxRatio": 0.3101182654,
    "incomeTaxExpense": 207000000,
    "netIncome": 737000000,
    "netIncomeRatio": 0.2421156373,
    "eps": 3.26,
    "epsdiluted": 3.25,
    "weightedAverageShsOut": 226000000,
    "weightedAverageShsOutDil": 226400000,
    "link": "https://www.sec.gov/Archives/edgar/data/702165/000070216524000028/0000702165-24-000028-index.htm",
    "finalLink": "https://www.sec.gov/Archives/edgar/data/702165/000070216524000028/nsc-20240630.htm"
  },
  {
    "date": "2024-03-31",
    "symbol": "NSC",
    "reportedCurrency": "USD",
    "cik": "0000702165",
    "fillingDate": "2024-04-24",
    "acceptedDate": "2024-04-24 15:21:29",
    "calendarYear": "2024",
    "period": "Q1",
    "revenue": 3004000000,
    "costOfRevenue": 2692000000,
    "grossProfit": 312000000,
    "grossProfitRatio": 0.103861518,
    "researchAndDevelopmentExpenses": 0,
    "generalAndAdministrativeExpenses": 0,
    "sellingAndMarketingExpenses": 0,
    "sellingGeneralAndAdministrativeExpenses": 0,
    "otherExpenses": 0,
    "operatingExpenses": 0,
    "costAndExpenses": 2692000000,
    "interestIncome": 0,
    "interestExpense": 201000000,
    "depreciationAndAmortization": 337000000,
    "ebitda": 568000000,
    "ebitdaratio": 0.189081225,
    "operatingIncome": 312000000,
    "operatingIncomeRatio": 0.103861518,
    "totalOtherIncomeExpensesNet": -282000000,
    "incomeBeforeTax": 30000000,
    "incomeBeforeTaxRatio": 0.0099866844,
    "incomeTaxExpense": -23000000,
    "netIncome": 53000000,
    "netIncomeRatio": 0.0176431425,
    "eps": 0.23,
    "epsdiluted": 0.23,
    "weightedAverageShsOut": 225681254,
    "weightedAverageShsOutDil": 226300000,
    "link": "https://www.sec.gov/Archives/edgar/data/702165/000070216524000009/0000702165-24-000009-index.htm",
    "finalLink": "https://www.sec.gov/Archives/edgar/data/702165/000070216524000009/nsc-20240331.htm"
  },
  {
    "date": "2023-12-31",
    "symbol": "NSC",
    "reportedCurrency": "USD",
    "cik": "0000702165",
    "fillingDate": "2024-02-05",
    "acceptedDate": "2024-02-05 16:49:27",
    "calendarYear": "2023",
    "period": "Q4",
    "revenue": 3073000000,
    "costOfRevenue": 2278000000,
    "grossProfit": 795000000,
    "grossProfitRatio": 0.2587048487,
    "researchAndDevelopmentExpenses": 0,
    "generalAndAdministrativeExpenses": 0,
    "sellingAndMarketingExpenses": 0,
    "sellingGeneralAndAdministrativeExpenses": 0,
    "otherExpenses": 0,
    "operatingExpenses": 0,
    "costAndExpenses": 2278000000,
    "interestIncome": 0,
    "interestExpense": 195000000,
    "depreciationAndAmortization": 330000000,
    "ebitda": 1176000000,
    "ebitdaratio": 0.3826879271,
    "operatingIncome": 795000000,
    "operatingIncomeRatio": 0.2587048487,
    "totalOtherIncomeExpensesNet": -144000000,
    "incomeBeforeTax": 651000000,
    "incomeBeforeTaxRatio": 0.2118451025,
    "incomeTaxExpense": 124000000,
    "netIncome": 527000000,
    "netIncomeRatio": 0.1714936544,
    "eps": 2.34,
    "epsdiluted": 2.33,
    "weightedAverageShsOut": 225681254,
    "weightedAverageShsOutDil": 226300000,
    "link": "https://www.sec.gov/Archives/edgar/data/702165/000070216524000005/0000702165-24-000005-index.htm",
    "finalLink": "https://www.sec.gov/Archives/edgar/data/702165/000070216524000005/nsc-20231231.htm"
  },
  {
    "date": "2023-09-30",
    "symbol": "NSC",
    "reportedCurrency": "USD",
    "cik": "0000702165",
    "fillingDate": "2023-10-25",
    "acceptedDate": "2023-10-25 13:43:38",
    "calendarYear": "2023",
    "period": "Q3",
    "revenue": 2971000000,
    "costOfRevenue": 2223000000,
    "grossProfit": 748000000,
    "grossProfitRatio": 0.2517670818,
    "researchAndDevelopmentExpenses": 0,
    "generalAndAdministrativeExpenses": 0,
    "sellingAndMarketingExpenses": 0,
    "sellingGeneralAndAdministrativeExpenses": 0,
    "otherExpenses": 0,
    "operatingExpenses": 0,
    "costAndExpenses": 2223000000,
    "interestIncome": 0,
    "interestExpense": 182000000,
    "depreciationAndAmortization": 326000000,
    "ebitda": 1122000000,
    "ebitdaratio": 0.3776506227,
    "operatingIncome": 748000000,
    "operatingIncomeRatio": 0.2517670818,
    "totalOtherIncomeExpensesNet": -134000000,
    "incomeBeforeTax": 614000000,
    "incomeBeforeTaxRatio": 0.2066644228,
    "incomeTaxExpense": 136000000,
    "netIncome": 478000000,
    "netIncomeRatio": 0.1608885897,
    "eps": 2.11,
    "epsdiluted": 2.1,
    "weightedAverageShsOut": 226400000,
    "weightedAverageShsOutDil": 227000000,
    "link": "https://www.sec.gov/Archives/edgar/data/702165/000070216523000037/0000702165-23-000037-index.htm",
    "finalLink": "https://www.sec.gov/Archives/edgar/data/702165/000070216523000037/nsc-20230930.htm"
  },
  {
    "date": "2023-06-30",
    "symbol": "NSC",
    "reportedCurrency": "USD",
    "cik": "0000702165",
    "fillingDate": "2023-07-27",
    "acceptedDate": "2023-07-27 12:16:57",
    "calendarYear": "2023",
    "period": "Q2",
    "revenue": 2980000000,
    "costOfRevenue": 2423000000,
    "grossProfit": 557000000,
    "grossProfitRatio": 0.1869127517,
    "researchAndDevelopmentExpenses": 0,
    "generalAndAdministrativeExpenses": 0,
    "sellingAndMarketingExpenses": 0,
    "sellingGeneralAndAdministrativeExpenses": 0,
    "otherExpenses": 0,
    "operatingExpenses": 0,
    "costAndExpenses": 2423000000,
    "interestIncome": 0,
    "interestExpense": 170000000,
    "depreciationAndAmortization": 321000000,
    "ebitda": 954000000,
    "ebitdaratio": 0.3201342282,
    "operatingIncome": 557000000,
    "operatingIncomeRatio": 0.1869127517,
    "totalOtherIncomeExpensesNet": -94000000,
    "incomeBeforeTax": 463000000,
    "incomeBeforeTaxRatio": 0.1553691275,
    "incomeTaxExpense": 107000000,
    "netIncome": 356000000,
    "netIncomeRatio": 0.1194630872,
    "eps": 1.56,
    "epsdiluted": 1.56,
    "weightedAverageShsOut": 227500000,
    "weightedAverageShsOutDil": 228000000,
    "link": "https://www.sec.gov/Archives/edgar/data/702165/000070216523000032/0000702165-23-000032-index.htm",
    "finalLink": "https://www.sec.gov/Archives/edgar/data/702165/000070216523000032/nsc-20230630.htm"
  },
  {
    "date": "2023-03-31",
    "symbol": "NSC",
    "reportedCurrency": "USD",
    "cik": "0000702165",
    "fillingDate": "2023-04-26",
    "acceptedDate": "2023-04-26 12:45:22",
    "calendarYear": "2023",
    "period": "Q1",
    "revenue": 3132000000,
    "costOfRevenue": 2424000000,
    "grossProfit": 708000000,
    "grossProfitRatio": 0.2260536398,
    "researchAndDevelopmentExpenses": 0,
    "generalAndAdministrativeExpenses": 0,
    "sellingAndMarketingExpenses": 0,
    "sellingGeneralAndAdministrativeExpenses": 0,
    "otherExpenses": 0,
    "operatingExpenses": 0,
    "costAndExpenses": 2424000000,
    "interestIncome": 0,
    "interestExpense": 175000000,
    "depreciationAndAmortization": 321000000,
    "ebitda": 1088000000,
    "ebitdaratio": 0.3473818646,
    "operatingIncome": 708000000,
    "operatingIncomeRatio": 0.2260536398,
    "totalOtherIncomeExpensesNet": -116000000,
    "incomeBeforeTax": 592000000,
    "incomeBeforeTaxRatio": 0.1890166028,
    "incomeTaxExpense": 126000000,
    "netIncome": 466000000,
    "netIncomeRatio": 0.1487867178,
    "eps": 2.04,
    "epsdiluted": 2.04,
    "weightedAverageShsOut": 227700000,
    "weightedAverageShsOutDil": 228300000,
    "link": "https://www.sec.gov/Archives/edgar/data/702165/000070216523000017/0000702165-23-000017-index.htm",
    "finalLink": "https://www.sec.gov/Archives/edgar/data/702165/000070216523000017/nsc-20230331.htm"
  },
  {
    "date": "2022-12-31",
    "symbol": "NSC",
    "reportedCurrency": "USD",
    "cik": "0000702165",
    "fillingDate": "2023-02-03",
    "acceptedDate": "2023-02-03 14:24:35",
    "calendarYear": "2022",
    "period": "Q4",
    "revenue": 3237000000,
    "costOfRevenue": 2081000000,
    "grossProfit": 1156000000,
    "grossProfitRatio": 0.3571207909,
    "researchAndDevelopmentExpenses": 0,
    "generalAndAdministrativeExpenses": 0,
    "sellingAndMarketingExpenses": 0,
    "sellingGeneralAndAdministrativeExpenses": 0,
    "otherExpenses": 0,
    "operatingExpenses": 0,
    "costAndExpenses": 2081000000,
    "interestIncome": 0,
    "interestExpense": 177000000,
    "depreciationAndAmortization": 309000000,
    "ebitda": 1524000000,
    "ebitdaratio": 0.4708063021,
    "operatingIncome": 1156000000,
    "operatingIncomeRatio": 0.3571207909,
    "totalOtherIncomeExpensesNet": -118000000,
    "incomeBeforeTax": 1038000000,
    "incomeBeforeTaxRatio": 0.3206672845,
    "incomeTaxExpense": 248000000,
    "netIncome": 790000000,
    "netIncomeRatio": 0.2440531356,
    "eps": 3.43,
    "epsdiluted": 3.42,
    "weightedAverageShsOut": 229910870,
    "weightedAverageShsOutDil": 230700000,
    "link": "https://www.sec.gov/Archives/edgar/data/702165/000070216523000010/0000702165-23-000010-index.htm",
    "finalLink": "https://www.sec.gov/Archives/edgar/data/702165/000070216523000010/nsc-20221231.htm"
  },
  {
    "date": "2022-09-30",
    "symbol": "NSC",
    "reportedCurrency": "USD",
    "cik": "0000702165",
    "fillingDate": "2022-10-26",
    "acceptedDate": "2022-10-26 14:24:14",
    "calendarYear": "2022",
    "period": "Q3",
    "revenue": 3343000000,
    "costOfRevenue": 2088000000,
    "grossProfit": 1255000000,
    "grossProfitRatio": 0.3754113072,
    "researchAndDevelopmentExpenses": 0,
    "generalAndAdministrativeExpenses": 0,
    "sellingAndMarketingExpenses": 0,
    "sellingGeneralAndAdministrativeExpenses": 0,
    "otherExpenses": 0,
    "operatingExpenses": 0,
    "costAndExpenses": 2088000000,
    "interestIncome": 0,
    "interestExpense": 177000000,
    "depreciationAndAmortization": 306000000,
    "ebitda": 1576000000,
    "ebitdaratio": 0.4714328448,
    "operatingIncome": 1255000000,
    "operatingIncomeRatio": 0.3754113072,
    "totalOtherIncomeExpensesNet": -162000000,
    "incomeBeforeTax": 1093000000,
    "incomeBeforeTaxRatio": 0.3269518397,
    "incomeTaxExpense": 135000000,
    "netIncome": 958000000,
    "netIncomeRatio": 0.28656895,
    "eps": 4.11,
    "epsdiluted": 4.09,
    "weightedAverageShsOut": 233200000,
    "weightedAverageShsOutDil": 234000000,
    "link": "https://www.sec.gov/Archives/edgar/data/702165/000070216522000039/0000702165-22-000039-index.htm",
    "finalLink": "https://www.sec.gov/Archives/edgar/data/702165/000070216522000039/nsc-20220930.htm"
  },
  {
    "date": "2022-06-30",
    "symbol": "NSC",
    "reportedCurrency": "USD",
    "cik": "0000702165",
    "fillingDate": "2022-07-27",
    "acceptedDate": "2022-07-27 12:07:16",
    "calendarYear": "2022",
    "period": "Q2",
    "revenue": 3250000000,
    "costOfRevenue": 2007000000,
    "grossProfit": 1243000000,
    "grossProfitRatio": 0.3824615385,
    "researchAndDevelopmentExpenses": 0,
    "generalAndAdministrativeExpenses": 0,
    "sellingAndMarketingExpenses": 0,
    "sellingGeneralAndAdministrativeExpenses": 0,
    "otherExpenses": 0,
    "operatingExpenses": 0,
    "costAndExpenses": 2007000000,
    "interestIncome": 0,
    "interestExpense": 170000000,
    "depreciationAndAmortization": 304000000,
    "ebitda": 1561000000,
    "ebitdaratio": 0.4803076923,
    "operatingIncome": 1243000000,
    "operatingIncomeRatio": 0.3824615385,
    "totalOtherIncomeExpensesNet": -156000000,
    "incomeBeforeTax": 1087000000,
    "incomeBeforeTaxRatio": 0.3344615385,
    "incomeTaxExpense": 268000000,
    "netIncome": 819000000,
    "netIncomeRatio": 0.252,
    "eps": 3.46,
    "epsdiluted": 3.45,
    "weightedAverageShsOut": 236700000,
    "weightedAverageShsOutDil": 237500000,
    "link": "https://www.sec.gov/Archives/edgar/data/702165/000070216522000028/0000702165-22-000028-index.htm",
    "finalLink": "https://www.sec.gov/Archives/edgar/data/702165/000070216522000028/nsc-20220630.htm"
  },
  {
    "date": "2022-03-31",
    "symbol": "NSC",
    "reportedCurrency": "USD",
    "cik": "0000702165",
    "fillingDate": "2022-04-27",
    "acceptedDate": "2022-04-27 11:20:28",
    "calendarYear": "2022",
    "period": "Q1",
    "revenue": 2915000000,
    "costOfRevenue": 1836000000,
    "grossProfit": 1079000000,
    "grossProfitRatio": 0.3701543739,
    "researchAndDevelopmentExpenses": 0,
    "generalAndAdministrativeExpenses": 0,
    "sellingAndMarketingExpenses": 0,
    "sellingGeneralAndAdministrativeExpenses": 0,
    "otherExpenses": 0,
    "operatingExpenses": 0,
    "costAndExpenses": 1836000000,
    "interestIncome": 0,
    "interestExpense": 168000000,
    "depreciationAndAmortization": 302000000,
    "ebitda": 1382000000,
    "ebitdaratio": 0.4740994854,
    "operatingIncome": 1079000000,
    "operatingIncomeRatio": 0.3701543739,
    "totalOtherIncomeExpensesNet": -167000000,
    "incomeBeforeTax": 912000000,
    "incomeBeforeTaxRatio": 0.312864494,
    "incomeTaxExpense": 209000000,
    "netIncome": 703000000,
    "netIncomeRatio": 0.2411663808,
    "eps": 2.94,
    "epsdiluted": 2.93,
    "weightedAverageShsOut": 239300000,
    "weightedAverageShsOutDil": 240200000,
    "link": "https://www.sec.gov/Archives/edgar/data/702165/000070216522000014/0000702165-22-000014-index.htm",
    "finalLink": "https://www.sec.gov/Archives/edgar/data/702165/000070216522000014/nsc-20220331.htm"
  },
  {
    "date": "2021-12-31",
    "symbol": "NSC",
    "reportedCurrency": "USD",
    "cik": "0000702165",
    "fillingDate": "2022-02-04",
    "acceptedDate": "2022-02-04 14:20:19",
    "calendarYear": "2021",
    "period": "Q4",
    "revenue": 2852000000,
    "costOfRevenue": 1729000000,
    "grossProfit": 1123000000,
    "grossProfitRatio": 0.3937587658,
    "researchAndDevelopmentExpenses": 0,
    "generalAndAdministrativeExpenses": 0,
    "sellingAndMarketingExpenses": 0,
    "sellingGeneralAndAdministrativeExpenses": 0,
    "otherExpenses": 0,
    "operatingExpenses": 0,
    "costAndExpenses": 1729000000,
    "interestIncome": 0,
    "interestExpense": 165000000,
    "depreciationAndAmortization": 298000000,
    "ebitda": 1448000000,
    "ebitdaratio": 0.507713885,
    "operatingIncome": 1123000000,
    "operatingIncomeRatio": 0.3937587658,
    "totalOtherIncomeExpensesNet": -138000000,
    "incomeBeforeTax": 985000000,
    "incomeBeforeTaxRatio": 0.345371669,
    "incomeTaxExpense": 225000000,
    "netIncome": 760000000,
    "netIncomeRatio": 0.2664796634,
    "eps": 3.16,
    "epsdiluted": 3.12,
    "weightedAverageShsOut": 240162790,
    "weightedAverageShsOutDil": 243500000,
    "link": "https://www.sec.gov/Archives/edgar/data/702165/000070216522000007/0000702165-22-000007-index.htm",
    "finalLink": "https://www.sec.gov/Archives/edgar/data/702165/000070216522000007/nsc-20211231.htm"
  },
  {
    "date": "2021-09-30",
    "symbol": "NSC",
    "reportedCurrency": "USD",
    "cik": "0000702165",
    "fillingDate": "2021-10-27",
    "acceptedDate": "2021-10-27 14:14:19",
    "calendarYear": "2021",
    "period": "Q3",
    "revenue": 2852000000,
    "costOfRevenue": 1721000000,
    "grossProfit": 1131000000,
    "grossProfitRatio": 0.3965638149,
    "researchAndDevelopmentExpenses": 0,
    "generalAndAdministrativeExpenses": 0,
    "sellingAndMarketingExpenses": 0,
    "sellingGeneralAndAdministrativeExpenses": 0,
    "otherExpenses": 0,
    "operatingExpenses": 0,
    "costAndExpenses": 1721000000,
    "interestIncome": 0,
    "interestExpense": 164000000,
    "depreciationAndAmortization": 297000000,
    "ebitda": 1447000000,
    "ebitdaratio": 0.5073632539,
    "operatingIncome": 1131000000,
    "operatingIncomeRatio": 0.3965638149,
    "totalOtherIncomeExpensesNet": -145000000,
    "incomeBeforeTax": 986000000,
    "incomeBeforeTaxRatio": 0.3457223001,
    "incomeTaxExpense": 233000000,
    "netIncome": 753000000,
    "netIncomeRatio": 0.2640252454,
    "eps": 3.07,
    "epsdiluted": 3.06,
    "weightedAverageShsOut": 245300000,
    "weightedAverageShsOutDil": 246400000,
    "link": "https://www.sec.gov/Archives/edgar/data/702165/000070216521000034/0000702165-21-000034-index.htm",
    "finalLink": "https://www.sec.gov/Archives/edgar/data/702165/000070216521000034/nsc-20210930.htm"
  },
  {
    "date": "2021-06-30",
    "symbol": "NSC",
    "reportedCurrency": "USD",
    "cik": "0000702165",
    "fillingDate": "2021-07-28",
    "acceptedDate": "2021-07-28 11:25:19",
    "calendarYear": "2021",
    "period": "Q2",
    "revenue": 2799000000,
    "costOfRevenue": 1699000000,
    "grossProfit": 1100000000,
    "grossProfitRatio": 0.3929974991,
    "researchAndDevelopmentExpenses": 0,
    "generalAndAdministrativeExpenses": 0,
    "sellingAndMarketingExpenses": 0,
    "sellingGeneralAndAdministrativeExpenses": 0,
    "otherExpenses": 0,
    "operatingExpenses": 0,
    "costAndExpenses": 1699000000,
    "interestIncome": 0,
    "interestExpense": 161000000,
    "depreciationAndAmortization": 294000000,
    "ebitda": 1496000000,
    "ebitdaratio": 0.5344765988,
    "operatingIncome": 1100000000,
    "operatingIncomeRatio": 0.3929974991,
    "totalOtherIncomeExpensesNet": -59000000,
    "incomeBeforeTax": 1041000000,
    "incomeBeforeTaxRatio": 0.3719185423,
    "incomeTaxExpense": 222000000,
    "netIncome": 819000000,
    "netIncomeRatio": 0.2926045016,
    "eps": 3.29,
    "epsdiluted": 3.28,
    "weightedAverageShsOut": 248900000,
    "weightedAverageShsOutDil": 250000000,
    "link": "https://www.sec.gov/Archives/edgar/data/702165/000070216521000025/0000702165-21-000025-index.htm",
    "finalLink": "https://www.sec.gov/Archives/edgar/data/702165/000070216521000025/nsc-20210630.htm"
  },
  {
    "date": "2021-03-31",
    "symbol": "NSC",
    "reportedCurrency": "USD",
    "cik": "0000702165",
    "fillingDate": "2021-04-28",
    "acceptedDate": "2021-04-28 12:18:56",
    "calendarYear": "2021",
    "period": "Q1",
    "revenue": 2639000000,
    "costOfRevenue": 1628000000,
    "grossProfit": 1011000000,
    "grossProfitRatio": 0.383099659,
    "researchAndDevelopmentExpenses": 0,
    "generalAndAdministrativeExpenses": 0,
    "sellingAndMarketingExpenses": 0,
    "sellingGeneralAndAdministrativeExpenses": 0,
    "otherExpenses": 0,
    "operatingExpenses": 0,
    "costAndExpenses": 1628000000,
    "interestIncome": 0,
    "interestExpense": 156000000,
    "depreciationAndAmortization": 292000000,
    "ebitda": 1314000000,
    "ebitdaratio": 0.4979158772,
    "operatingIncome": 1011000000,
    "operatingIncomeRatio": 0.383099659,
    "totalOtherIncomeExpensesNet": -145000000,
    "incomeBeforeTax": 866000000,
    "incomeBeforeTaxRatio": 0.328154604,
    "incomeTaxExpense": 193000000,
    "netIncome": 673000000,
    "netIncomeRatio": 0.2550208412,
    "eps": 2.67,
    "epsdiluted": 2.66,
    "weightedAverageShsOut": 251400000,
    "weightedAverageShsOutDil": 252600000,
    "link": "https://www.sec.gov/Archives/edgar/data/702165/000070216521000011/0000702165-21-000011-index.htm",
    "finalLink": "https://www.sec.gov/Archives/edgar/data/702165/000070216521000011/nsc-20210331.htm"
  },
  {
    "date": "2020-12-31",
    "symbol": "NSC",
    "reportedCurrency": "USD",
    "cik": "0000702165",
    "fillingDate": "2021-02-04",
    "acceptedDate": "2021-02-04 12:09:20",
    "calendarYear": "2020",
    "period": "Q4",
    "revenue": 2573000000,
    "costOfRevenue": 1589000000,
    "grossProfit": 984000000,
    "grossProfitRatio": 0.3824329576,
    "researchAndDevelopmentExpenses": 0,
    "generalAndAdministrativeExpenses": 0,
    "sellingAndMarketingExpenses": 0,
    "sellingGeneralAndAdministrativeExpenses": 0,
    "otherExpenses": 0,
    "operatingExpenses": 0,
    "costAndExpenses": 1589000000,
    "interestIncome": 0,
    "interestExpense": 160000000,
    "depreciationAndAmortization": 287000000,
    "ebitda": 1314000000,
    "ebitdaratio": 0.5106879129,
    "operatingIncome": 984000000,
    "operatingIncomeRatio": 0.3824329576,
    "totalOtherIncomeExpensesNet": -117000000,
    "incomeBeforeTax": 867000000,
    "incomeBeforeTaxRatio": 0.3369607462,
    "incomeTaxExpense": 196000000,
    "netIncome": 671000000,
    "netIncomeRatio": 0.2607850758,
    "eps": 2.66,
    "epsdiluted": 2.64,
    "weightedAverageShsOut": 252095082,
    "weightedAverageShsOutDil": 254700000,
    "link": "https://www.sec.gov/Archives/edgar/data/702165/000070216521000006/0000702165-21-000006-index.htm",
    "finalLink": "https://www.sec.gov/Archives/edgar/data/702165/000070216521000006/nsc-20201231.htm"
  },
  {
    "date": "2020-09-30",
    "symbol": "NSC",
    "reportedCurrency": "USD",
    "cik": "0000702165",
    "fillingDate": "2020-10-28",
    "acceptedDate": "2020-10-28 14:46:34",
    "calendarYear": "2020",
    "period": "Q3",
    "revenue": 2506000000,
    "costOfRevenue": 1666000000,
    "grossProfit": 840000000,
    "grossProfitRatio": 0.3351955307,
    "researchAndDevelopmentExpenses": 0,
    "generalAndAdministrativeExpenses": 0,
    "sellingAndMarketingExpenses": 0,
    "sellingGeneralAndAdministrativeExpenses": 0,
    "otherExpenses": 0,
    "operatingExpenses": 0,
    "costAndExpenses": 1666000000,
    "interestIncome": 0,
    "interestExpense": 155000000,
    "depreciationAndAmortization": 293000000,
    "ebitda": 1172000000,
    "ebitdaratio": 0.4676775738,
    "operatingIncome": 840000000,
    "operatingIncomeRatio": 0.3351955307,
    "totalOtherIncomeExpensesNet": -116000000,
    "incomeBeforeTax": 724000000,
    "incomeBeforeTaxRatio": 0.2889066241,
    "incomeTaxExpense": 155000000,
    "netIncome": 569000000,
    "netIncomeRatio": 0.2270550678,
    "eps": 2.23,
    "epsdiluted": 2.22,
    "weightedAverageShsOut": 254600000,
    "weightedAverageShsOutDil": 256100000,
    "link": "https://www.sec.gov/Archives/edgar/data/702165/000070216520000042/0000702165-20-000042-index.htm",
    "finalLink": "https://www.sec.gov/Archives/edgar/data/702165/000070216520000042/nsc-20200930.htm"
  },
  {
    "date": "2020-06-30",
    "symbol": "NSC",
    "reportedCurrency": "USD",
    "cik": "0000702165",
    "fillingDate": "2020-07-29",
    "acceptedDate": "2020-07-29 14:44:38",
    "calendarYear": "2020",
    "period": "Q2",
    "revenue": 2085000000,
    "costOfRevenue": 1475000000,
    "grossProfit": 610000000,
    "grossProfitRatio": 0.2925659472,
    "researchAndDevelopmentExpenses": 0,
    "generalAndAdministrativeExpenses": 0,
    "sellingAndMarketingExpenses": 0,
    "sellingGeneralAndAdministrativeExpenses": 0,
    "otherExpenses": 0,
    "operatingExpenses": 0,
    "costAndExpenses": 1475000000,
    "interestIncome": 0,
    "interestExpense": 156000000,
    "depreciationAndAmortization": 282000000,
    "ebitda": 941000000,
    "ebitdaratio": 0.4513189448,
    "operatingIncome": 610000000,
    "operatingIncomeRatio": 0.2925659472,
    "totalOtherIncomeExpensesNet": -107000000,
    "incomeBeforeTax": 503000000,
    "incomeBeforeTaxRatio": 0.2412470024,
    "incomeTaxExpense": 111000000,
    "netIncome": 392000000,
    "netIncomeRatio": 0.1880095923,
    "eps": 1.53,
    "epsdiluted": 1.53,
    "weightedAverageShsOut": 255400000,
    "weightedAverageShsOutDil": 256700000,
    "link": "https://www.sec.gov/Archives/edgar/data/702165/000070216520000033/0000702165-20-000033-index.htm",
    "finalLink": "https://www.sec.gov/Archives/edgar/data/702165/000070216520000033/nsc-20200630.htm"
  },
  {
    "date": "2020-03-31",
    "symbol": "NSC",
    "reportedCurrency": "USD",
    "cik": "0000702165",
    "fillingDate": "2020-04-29",
    "acceptedDate": "2020-04-29 15:17:59",
    "calendarYear": "2020",
    "period": "Q1",
    "revenue": 2625000000,
    "costOfRevenue": 1672000000,
    "grossProfit": 953000000,
    "grossProfitRatio": 0.363047619,
    "researchAndDevelopmentExpenses": 0,
    "generalAndAdministrativeExpenses": 0,
    "sellingAndMarketingExpenses": 0,
    "sellingGeneralAndAdministrativeExpenses": 0,
    "otherExpenses": 0,
    "operatingExpenses": 0,
    "costAndExpenses": 1672000000,
    "interestIncome": 0,
    "interestExpense": 154000000,
    "depreciationAndAmortization": 292000000,
    "ebitda": 882000000,
    "ebitdaratio": 0.336,
    "operatingIncome": 953000000,
    "operatingIncomeRatio": 0.363047619,
    "totalOtherIncomeExpensesNet": -517000000,
    "incomeBeforeTax": 436000000,
    "incomeBeforeTaxRatio": 0.1660952381,
    "incomeTaxExpense": 55000000,
    "netIncome": 381000000,
    "netIncomeRatio": 0.1451428571,
    "eps": 1.48,
    "epsdiluted": 1.47,
    "weightedAverageShsOut": 257300000,
    "weightedAverageShsOutDil": 258700000,
    "link": "https://www.sec.gov/Archives/edgar/data/702165/000070216520000016/0000702165-20-000016-index.htm",
    "finalLink": "https://www.sec.gov/Archives/edgar/data/702165/000070216520000016/nsc-20200331.htm"
  },
  {
    "date": "2019-12-31",
    "symbol": "NSC",
    "reportedCurrency": "USD",
    "cik": "0000702165",
    "fillingDate": "2020-02-06",
    "acceptedDate": "2020-02-06 10:46:09",
    "calendarYear": "2019",
    "period": "Q4",
    "revenue": 2690000000,
    "costOfRevenue": 1728000000,
    "grossProfit": 962000000,
    "grossProfitRatio": 0.3576208178,
    "researchAndDevelopmentExpenses": 0,
    "generalAndAdministrativeExpenses": 0,
    "sellingAndMarketingExpenses": 0,
    "sellingGeneralAndAdministrativeExpenses": 0,
    "otherExpenses": 0,
    "operatingExpenses": 0,
    "costAndExpenses": 1728000000,
    "interestIncome": 0,
    "interestExpense": 152000000,
    "depreciationAndAmortization": 285000000,
    "ebitda": 1265000000,
    "ebitdaratio": 0.470260223,
    "operatingIncome": 962000000,
    "operatingIncomeRatio": 0.3576208178,
    "totalOtherIncomeExpensesNet": -134000000,
    "incomeBeforeTax": 828000000,
    "incomeBeforeTaxRatio": 0.3078066914,
    "incomeTaxExpense": 162000000,
    "netIncome": 666000000,
    "netIncomeRatio": 0.2475836431,
    "eps": 2.58,
    "epsdiluted": 2.55,
    "weightedAverageShsOut": 257904956,
    "weightedAverageShsOutDil": 261600000,
    "link": "https://www.sec.gov/Archives/edgar/data/702165/000070216520000011/0000702165-20-000011-index.htm",
    "finalLink": "https://www.sec.gov/Archives/edgar/data/702165/000070216520000011/nsc-20191231.htm"
  },
  {
    "date": "2019-09-30",
    "symbol": "NSC",
    "reportedCurrency": "USD",
    "cik": "0000702165",
    "fillingDate": "2019-10-23",
    "acceptedDate": "2019-10-23 12:52:09",
    "calendarYear": "2019",
    "period": "Q3",
    "revenue": 2841000000,
    "costOfRevenue": 1877000000,
    "grossProfit": 964000000,
    "grossProfitRatio": 0.3393171419,
    "researchAndDevelopmentExpenses": 0,
    "generalAndAdministrativeExpenses": 0,
    "sellingAndMarketingExpenses": 0,
    "sellingGeneralAndAdministrativeExpenses": 0,
    "otherExpenses": 0,
    "operatingExpenses": 0,
    "costAndExpenses": 1877000000,
    "interestIncome": 0,
    "interestExpense": 150000000,
    "depreciationAndAmortization": 287000000,
    "ebitda": 1304000000,
    "ebitdaratio": 0.4589933122,
    "operatingIncome": 964000000,
    "operatingIncomeRatio": 0.3393171419,
    "totalOtherIncomeExpensesNet": -96000000,
    "incomeBeforeTax": 868000000,
    "incomeBeforeTaxRatio": 0.3055262232,
    "incomeTaxExpense": 211000000,
    "netIncome": 657000000,
    "netIncomeRatio": 0.2312565998,
    "eps": 2.5,
    "epsdiluted": 2.49,
    "weightedAverageShsOut": 262100000,
    "weightedAverageShsOutDil": 264300000,
    "link": "https://www.sec.gov/Archives/edgar/data/702165/000070216519000066/0000702165-19-000066-index.htm",
    "finalLink": "https://www.sec.gov/Archives/edgar/data/702165/000070216519000066/nsc09301910-q.htm"
  },
  {
    "date": "2019-06-30",
    "symbol": "NSC",
    "reportedCurrency": "USD",
    "cik": "0000702165",
    "fillingDate": "2019-07-24",
    "acceptedDate": "2019-07-24 12:30:24",
    "calendarYear": "2019",
    "period": "Q2",
    "revenue": 2925000000,
    "costOfRevenue": 1860000000,
    "grossProfit": 1065000000,
    "grossProfitRatio": 0.3641025641,
    "researchAndDevelopmentExpenses": 0,
    "generalAndAdministrativeExpenses": 0,
    "sellingAndMarketingExpenses": 0,
    "sellingGeneralAndAdministrativeExpenses": 0,
    "otherExpenses": 0,
    "operatingExpenses": 0,
    "costAndExpenses": 1860000000,
    "interestIncome": 0,
    "interestExpense": 153000000,
    "depreciationAndAmortization": 284000000,
    "ebitda": 1371000000,
    "ebitdaratio": 0.4687179487,
    "operatingIncome": 1065000000,
    "operatingIncomeRatio": 0.3641025641,
    "totalOtherIncomeExpensesNet": -131000000,
    "incomeBeforeTax": 934000000,
    "incomeBeforeTaxRatio": 0.3193162393,
    "incomeTaxExpense": 212000000,
    "netIncome": 722000000,
    "netIncomeRatio": 0.2468376068,
    "eps": 2.72,
    "epsdiluted": 2.7,
    "weightedAverageShsOut": 264800000,
    "weightedAverageShsOutDil": 267100000,
    "link": "https://www.sec.gov/Archives/edgar/data/702165/000070216519000054/0000702165-19-000054-index.htm",
    "finalLink": "https://www.sec.gov/Archives/edgar/data/702165/000070216519000054/nsc06301910-q.htm"
  },
  {
    "date": "2019-03-31",
    "symbol": "NSC",
    "reportedCurrency": "USD",
    "cik": "0000702165",
    "fillingDate": "2019-04-24",
    "acceptedDate": "2019-04-24 14:39:04",
    "calendarYear": "2019",
    "period": "Q1",
    "revenue": 2840000000,
    "costOfRevenue": 1874000000,
    "grossProfit": 966000000,
    "grossProfitRatio": 0.3401408451,
    "researchAndDevelopmentExpenses": 0,
    "generalAndAdministrativeExpenses": 0,
    "sellingAndMarketingExpenses": 0,
    "sellingGeneralAndAdministrativeExpenses": 0,
    "otherExpenses": 0,
    "operatingExpenses": 0,
    "costAndExpenses": 1874000000,
    "interestIncome": 0,
    "interestExpense": 149000000,
    "depreciationAndAmortization": 283000000,
    "ebitda": 1293000000,
    "ebitdaratio": 0.4552816901,
    "operatingIncome": 966000000,
    "operatingIncomeRatio": 0.3401408451,
    "totalOtherIncomeExpensesNet": -105000000,
    "incomeBeforeTax": 861000000,
    "incomeBeforeTaxRatio": 0.3031690141,
    "incomeTaxExpense": 184000000,
    "netIncome": 677000000,
    "netIncomeRatio": 0.2383802817,
    "eps": 2.55,
    "epsdiluted": 2.51,
    "weightedAverageShsOut": 265967039,
    "weightedAverageShsOutDil": 269400000,
    "link": "https://www.sec.gov/Archives/edgar/data/702165/000070216519000033/0000702165-19-000033-index.htm",
    "finalLink": "https://www.sec.gov/Archives/edgar/data/702165/000070216519000033/nsc03311910-q.htm"
  },
  {
    "date": "2018-12-31",
    "symbol": "NSC",
    "reportedCurrency": "USD",
    "cik": "0000702165",
    "fillingDate": "2019-02-08",
    "acceptedDate": "2019-02-08 16:58:07",
    "calendarYear": "2018",
    "period": "Q4",
    "revenue": 2896000000,
    "costOfRevenue": 1818000000,
    "grossProfit": 1078000000,
    "grossProfitRatio": 0.3722375691,
    "researchAndDevelopmentExpenses": 0,
    "generalAndAdministrativeExpenses": 0,
    "sellingAndMarketingExpenses": 0,
    "sellingGeneralAndAdministrativeExpenses": 0,
    "otherExpenses": 0,
    "operatingExpenses": 0,
    "costAndExpenses": 1818000000,
    "interestIncome": 0,
    "interestExpense": 148000000,
    "depreciationAndAmortization": 282000000,
    "ebitda": 1359000000,
    "ebitdaratio": 0.4692679558,
    "operatingIncome": 1078000000,
    "operatingIncomeRatio": 0.3722375691,
    "totalOtherIncomeExpensesNet": -148000000,
    "incomeBeforeTax": 930000000,
    "incomeBeforeTaxRatio": 0.3211325967,
    "incomeTaxExpense": 228000000,
    "netIncome": 702000000,
    "netIncomeRatio": 0.2424033149,
    "eps": 2.62,
    "epsdiluted": 2.57,
    "weightedAverageShsOut": 268098472,
    "weightedAverageShsOutDil": 273500000,
    "link": "https://www.sec.gov/Archives/edgar/data/702165/000070216519000012/0000702165-19-000012-index.htm",
    "finalLink": "https://www.sec.gov/Archives/edgar/data/702165/000070216519000012/nsc1231201810-k.htm"
  },
  {
    "date": "2018-09-30",
    "symbol": "NSC",
    "reportedCurrency": "USD",
    "cik": "0000702165",
    "fillingDate": "2018-10-24",
    "acceptedDate": "2018-10-24 11:14:21",
    "calendarYear": "2018",
    "period": "Q3",
    "revenue": 2947000000,
    "costOfRevenue": 1927000000,
    "grossProfit": 1020000000,
    "grossProfitRatio": 0.3461146929,
    "researchAndDevelopmentExpenses": 0,
    "generalAndAdministrativeExpenses": 0,
    "sellingAndMarketingExpenses": 0,
    "sellingGeneralAndAdministrativeExpenses": 0,
    "otherExpenses": 0,
    "operatingExpenses": 0,
    "costAndExpenses": 1927000000,
    "interestIncome": 0,
    "interestExpense": 142000000,
    "depreciationAndAmortization": 276000000,
    "ebitda": 1326000000,
    "ebitdaratio": 0.4499491008,
    "operatingIncome": 1020000000,
    "operatingIncomeRatio": 0.3461146929,
    "totalOtherIncomeExpensesNet": -112000000,
    "incomeBeforeTax": 908000000,
    "incomeBeforeTaxRatio": 0.3081099423,
    "incomeTaxExpense": 206000000,
    "netIncome": 702000000,
    "netIncomeRatio": 0.2382083475,
    "eps": 2.54,
    "epsdiluted": 2.52,
    "weightedAverageShsOut": 275500000,
    "weightedAverageShsOutDil": 278200000,
    "link": "https://www.sec.gov/Archives/edgar/data/702165/000070216518000057/0000702165-18-000057-index.htm",
    "finalLink": "https://www.sec.gov/Archives/edgar/data/702165/000070216518000057/nsc09301810-q.htm"
  },
  {
    "date": "2018-06-30",
    "symbol": "NSC",
    "reportedCurrency": "USD",
    "cik": "0000702165",
    "fillingDate": "2018-07-25",
    "acceptedDate": "2018-07-25 11:40:55",
    "calendarYear": "2018",
    "period": "Q2",
    "revenue": 2898000000,
    "costOfRevenue": 1872000000,
    "grossProfit": 1026000000,
    "grossProfitRatio": 0.3540372671,
    "researchAndDevelopmentExpenses": 0,
    "generalAndAdministrativeExpenses": 0,
    "sellingAndMarketingExpenses": 0,
    "sellingGeneralAndAdministrativeExpenses": 0,
    "otherExpenses": 0,
    "operatingExpenses": 0,
    "costAndExpenses": 1872000000,
    "interestIncome": 0,
    "interestExpense": 131000000,
    "depreciationAndAmortization": 274000000,
    "ebitda": 1328000000,
    "ebitdaratio": 0.4582470669,
    "operatingIncome": 1026000000,
    "operatingIncomeRatio": 0.3540372671,
    "totalOtherIncomeExpensesNet": -102000000,
    "incomeBeforeTax": 924000000,
    "incomeBeforeTaxRatio": 0.3188405797,
    "incomeTaxExpense": 214000000,
    "netIncome": 710000000,
    "netIncomeRatio": 0.2449965493,
    "eps": 2.52,
    "epsdiluted": 2.5,
    "weightedAverageShsOut": 281300000,
    "weightedAverageShsOutDil": 283700000,
    "link": "https://www.sec.gov/Archives/edgar/data/702165/000070216518000040/0000702165-18-000040-index.htm",
    "finalLink": "https://www.sec.gov/Archives/edgar/data/702165/000070216518000040/nsc06301810-q.htm"
  },
  {
    "date": "2018-03-31",
    "symbol": "NSC",
    "reportedCurrency": "USD",
    "cik": "0000702165",
    "fillingDate": "2018-04-25",
    "acceptedDate": "2018-04-25 11:07:01",
    "calendarYear": "2018",
    "period": "Q1",
    "revenue": 2717000000,
    "costOfRevenue": 1882000000,
    "grossProfit": 835000000,
    "grossProfitRatio": 0.3073242547,
    "researchAndDevelopmentExpenses": 0,
    "generalAndAdministrativeExpenses": 0,
    "sellingAndMarketingExpenses": 0,
    "sellingGeneralAndAdministrativeExpenses": 0,
    "otherExpenses": 0,
    "operatingExpenses": 0,
    "costAndExpenses": 1882000000,
    "interestIncome": 0,
    "interestExpense": 136000000,
    "depreciationAndAmortization": 272000000,
    "ebitda": 1115000000,
    "ebitdaratio": 0.4103790946,
    "operatingIncome": 835000000,
    "operatingIncomeRatio": 0.3073242547,
    "totalOtherIncomeExpensesNet": -128000000,
    "incomeBeforeTax": 707000000,
    "incomeBeforeTaxRatio": 0.2602134707,
    "incomeTaxExpense": 155000000,
    "netIncome": 552000000,
    "netIncomeRatio": 0.2031652558,
    "eps": 1.95,
    "epsdiluted": 1.93,
    "weightedAverageShsOut": 282541886,
    "weightedAverageShsOutDil": 285900000,
    "link": "https://www.sec.gov/Archives/edgar/data/702165/000070216518000021/0000702165-18-000021-index.htm",
    "finalLink": "https://www.sec.gov/Archives/edgar/data/702165/000070216518000021/nsc03311810-q.htm"
  },
  {
    "date": "2017-12-31",
    "symbol": "NSC",
    "reportedCurrency": "USD",
    "cik": "0000702165",
    "fillingDate": "2018-02-05",
    "acceptedDate": "2018-02-05 11:35:19",
    "calendarYear": "2017",
    "period": "Q4",
    "revenue": 2669000000,
    "costOfRevenue": 1671000000,
    "grossProfit": 998000000,
    "grossProfitRatio": 0.3739228175,
    "researchAndDevelopmentExpenses": 0,
    "generalAndAdministrativeExpenses": 0,
    "sellingAndMarketingExpenses": 0,
    "sellingGeneralAndAdministrativeExpenses": 0,
    "otherExpenses": 0,
    "operatingExpenses": 0,
    "costAndExpenses": 1671000000,
    "interestIncome": 0,
    "interestExpense": 134000000,
    "depreciationAndAmortization": 268000000,
    "ebitda": 1294000000,
    "ebitdaratio": 0.4848257774,
    "operatingIncome": 998000000,
    "operatingIncomeRatio": 0.3739228175,
    "totalOtherIncomeExpensesNet": -105000000,
    "incomeBeforeTax": 893000000,
    "incomeBeforeTaxRatio": 0.3345822405,
    "incomeTaxExpense": -3075000000,
    "netIncome": 3968000000,
    "netIncomeRatio": 1.4866991383,
    "eps": 13.91,
    "epsdiluted": 13.79,
    "weightedAverageShsOut": 285100000,
    "weightedAverageShsOutDil": 287800000,
    "link": "https://www.sec.gov/Archives/edgar/data/702165/000070216518000011/0000702165-18-000011-index.htm",
    "finalLink": "https://www.sec.gov/Archives/edgar/data/702165/000070216518000011/nsc1231201710-knew.htm"
  },
  {
    "date": "2017-09-30",
    "symbol": "NSC",
    "reportedCurrency": "USD",
    "cik": "0000702165",
    "fillingDate": "2017-10-25",
    "acceptedDate": "2017-10-25 11:46:31",
    "calendarYear": "2017",
    "period": "Q3",
    "revenue": 2670000000,
    "costOfRevenue": 1775000000,
    "grossProfit": 895000000,
    "grossProfitRatio": 0.3352059925,
    "researchAndDevelopmentExpenses": 0,
    "generalAndAdministrativeExpenses": 0,
    "sellingAndMarketingExpenses": 0,
    "sellingGeneralAndAdministrativeExpenses": 0,
    "otherExpenses": 0,
    "operatingExpenses": 0,
    "costAndExpenses": 1775000000,
    "interestIncome": 0,
    "interestExpense": 134000000,
    "depreciationAndAmortization": 266000000,
    "ebitda": 1198000000,
    "ebitdaratio": 0.4486891386,
    "operatingIncome": 895000000,
    "operatingIncomeRatio": 0.3352059925,
    "totalOtherIncomeExpensesNet": -95000000,
    "incomeBeforeTax": 800000000,
    "incomeBeforeTaxRatio": 0.2996254682,
    "incomeTaxExpense": 294000000,
    "netIncome": 506000000,
    "netIncomeRatio": 0.1895131086,
    "eps": 1.76,
    "epsdiluted": 1.75,
    "weightedAverageShsOut": 287100000,
    "weightedAverageShsOutDil": 289500000,
    "link": "https://www.sec.gov/Archives/edgar/data/702165/000070216517000089/0000702165-17-000089-index.htm",
    "finalLink": "https://www.sec.gov/Archives/edgar/data/702165/000070216517000089/nsc09301710-q.htm"
  },
  {
    "date": "2017-06-30",
    "symbol": "NSC",
    "reportedCurrency": "USD",
    "cik": "0000702165",
    "fillingDate": "2017-07-26",
    "acceptedDate": "2017-07-26 11:09:06",
    "calendarYear": "2017",
    "period": "Q2",
    "revenue": 2637000000,
    "costOfRevenue": 1765000000,
    "grossProfit": 872000000,
    "grossProfitRatio": 0.3306788017,
    "researchAndDevelopmentExpenses": 0,
    "generalAndAdministrativeExpenses": 0,
    "sellingAndMarketingExpenses": 0,
    "sellingGeneralAndAdministrativeExpenses": 0,
    "otherExpenses": 0,
    "operatingExpenses": 0,
    "costAndExpenses": 1765000000,
    "interestIncome": 0,
    "interestExpense": 140000000,
    "depreciationAndAmortization": 265000000,
    "ebitda": 1184000000,
    "ebitdaratio": 0.4489950702,
    "operatingIncome": 872000000,
    "operatingIncomeRatio": 0.3306788017,
    "totalOtherIncomeExpensesNet": -92000000,
    "incomeBeforeTax": 780000000,
    "incomeBeforeTaxRatio": 0.2957906712,
    "incomeTaxExpense": 283000000,
    "netIncome": 497000000,
    "netIncomeRatio": 0.1884717482,
    "eps": 1.72,
    "epsdiluted": 1.71,
    "weightedAverageShsOut": 289000000,
    "weightedAverageShsOutDil": 289000000,
    "link": "https://www.sec.gov/Archives/edgar/data/702165/000070216517000067/0000702165-17-000067-index.htm",
    "finalLink": "https://www.sec.gov/Archives/edgar/data/702165/000070216517000067/nsc06301710-q.htm"
  },
  {
    "date": "2017-03-31",
    "symbol": "NSC",
    "reportedCurrency": "USD",
    "cik": "0000702165",
    "fillingDate": "2017-04-26",
    "acceptedDate": "2017-04-26 13:49:36",
    "calendarYear": "2017",
    "period": "Q1",
    "revenue": 2575000000,
    "costOfRevenue": 1802000000,
    "grossProfit": 773000000,
    "grossProfitRatio": 0.3001941748,
    "researchAndDevelopmentExpenses": 0,
    "generalAndAdministrativeExpenses": 0,
    "sellingAndMarketingExpenses": 0,
    "sellingGeneralAndAdministrativeExpenses": 0,
    "otherExpenses": 0,
    "operatingExpenses": 0,
    "costAndExpenses": 1802000000,
    "interestIncome": 0,
    "interestExpense": 142000000,
    "depreciationAndAmortization": 260000000,
    "ebitda": 1057000000,
    "ebitdaratio": 0.4104854369,
    "operatingIncome": 773000000,
    "operatingIncomeRatio": 0.3001941748,
    "totalOtherIncomeExpensesNet": -118000000,
    "incomeBeforeTax": 655000000,
    "incomeBeforeTaxRatio": 0.254368932,
    "incomeTaxExpense": 222000000,
    "netIncome": 433000000,
    "netIncomeRatio": 0.1681553398,
    "eps": 1.49,
    "epsdiluted": 1.48,
    "weightedAverageShsOut": 290300000,
    "weightedAverageShsOutDil": 292800000,
    "link": "https://www.sec.gov/Archives/edgar/data/702165/000070216517000043/0000702165-17-000043-index.htm",
    "finalLink": "https://www.sec.gov/Archives/edgar/data/702165/000070216517000043/nsc03311710-q.htm"
  },
  {
    "date": "2016-12-31",
    "symbol": "NSC",
    "reportedCurrency": "USD",
    "cik": "0000702165",
    "fillingDate": "2017-02-06",
    "acceptedDate": "2017-02-06 12:30:52",
    "calendarYear": "2016",
    "period": "Q4",
    "revenue": 2490000000,
    "costOfRevenue": 1729000000,
    "grossProfit": 761000000,
    "grossProfitRatio": 0.30562249,
    "researchAndDevelopmentExpenses": 0,
    "generalAndAdministrativeExpenses": 0,
    "sellingAndMarketingExpenses": 0,
    "sellingGeneralAndAdministrativeExpenses": 0,
    "otherExpenses": 0,
    "operatingExpenses": 0,
    "costAndExpenses": 1729000000,
    "interestIncome": 4000000,
    "interestExpense": 142000000,
    "depreciationAndAmortization": 260000000,
    "ebitda": 1042000000,
    "ebitdaratio": 0.4184738956,
    "operatingIncome": 761000000,
    "operatingIncomeRatio": 0.30562249,
    "totalOtherIncomeExpensesNet": -120000000,
    "incomeBeforeTax": 641000000,
    "incomeBeforeTaxRatio": 0.2574297189,
    "incomeTaxExpense": 225000000,
    "netIncome": 416000000,
    "netIncomeRatio": 0.1670682731,
    "eps": 1.43,
    "epsdiluted": 1.42,
    "weightedAverageShsOut": 291200000,
    "weightedAverageShsOutDil": 293700000,
    "link": "https://www.sec.gov/Archives/edgar/data/702165/000070216517000018/0000702165-17-000018-index.htm",
    "finalLink": "https://www.sec.gov/Archives/edgar/data/702165/000070216517000018/nsc1231201610-k.htm"
  },
  {
    "date": "2016-09-30",
    "symbol": "NSC",
    "reportedCurrency": "USD",
    "cik": "0000702165",
    "fillingDate": "2016-10-26",
    "acceptedDate": "2016-10-26 11:18:57",
    "calendarYear": "2016",
    "period": "Q3",
    "revenue": 2524000000,
    "costOfRevenue": 1704000000,
    "grossProfit": 820000000,
    "grossProfitRatio": 0.324881141,
    "researchAndDevelopmentExpenses": 0,
    "generalAndAdministrativeExpenses": 0,
    "sellingAndMarketingExpenses": 0,
    "sellingGeneralAndAdministrativeExpenses": 0,
    "otherExpenses": 0,
    "operatingExpenses": 0,
    "costAndExpenses": 1704000000,
    "interestIncome": 0,
    "interestExpense": 144000000,
    "depreciationAndAmortization": 259000000,
    "ebitda": 1108000000,
    "ebitdaratio": 0.4389857369,
    "operatingIncome": 820000000,
    "operatingIncomeRatio": 0.324881141,
    "totalOtherIncomeExpensesNet": -115000000,
    "incomeBeforeTax": 705000000,
    "incomeBeforeTaxRatio": 0.279318542,
    "incomeTaxExpense": 245000000,
    "netIncome": 460000000,
    "netIncomeRatio": 0.1822503962,
    "eps": 1.56,
    "epsdiluted": 1.55,
    "weightedAverageShsOut": 292700000,
    "weightedAverageShsOutDil": 294700000,
    "link": "https://www.sec.gov/Archives/edgar/data/702165/000070216516000307/0000702165-16-000307-index.htm",
    "finalLink": "https://www.sec.gov/Archives/edgar/data/702165/000070216516000307/nsc09301610-q.htm"
  },
  {
    "date": "2016-06-30",
    "symbol": "NSC",
    "reportedCurrency": "USD",
    "cik": "0000702165",
    "fillingDate": "2016-07-27",
    "acceptedDate": "2016-07-27 12:04:49",
    "calendarYear": "2016",
    "period": "Q2",
    "revenue": 2454000000,
    "costOfRevenue": 1573000000,
    "grossProfit": 881000000,
    "grossProfitRatio": 0.359005705,
    "researchAndDevelopmentExpenses": 0,
    "generalAndAdministrativeExpenses": 32000000,
    "sellingAndMarketingExpenses": 0,
    "sellingGeneralAndAdministrativeExpenses": 32000000,
    "otherExpenses": 4000000,
    "operatingExpenses": 79000000,
    "costAndExpenses": 1652000000,
    "interestIncome": 0,
    "interestExpense": 138000000,
    "depreciationAndAmortization": 258000000,
    "ebitda": 1028000000,
    "ebitdaratio": 0.4189079055,
    "operatingIncome": 770000000,
    "operatingIncomeRatio": 0.3137734311,
    "totalOtherIncomeExpensesNet": -134000000,
    "incomeBeforeTax": 636000000,
    "incomeBeforeTaxRatio": 0.2591687042,
    "incomeTaxExpense": 231000000,
    "netIncome": 405000000,
    "netIncomeRatio": 0.1650366748,
    "eps": 1.37,
    "epsdiluted": 1.36,
    "weightedAverageShsOut": 294700000,
    "weightedAverageShsOutDil": 296600000,
    "link": "https://www.sec.gov/Archives/edgar/data/702165/000070216516000284/0000702165-16-000284-index.htm",
    "finalLink": "https://www.sec.gov/Archives/edgar/data/702165/000070216516000284/nsc06301610-q.htm"
  },
  {
    "date": "2016-03-31",
    "symbol": "NSC",
    "reportedCurrency": "USD",
    "cik": "0000702165",
    "fillingDate": "2016-04-22",
    "acceptedDate": "2016-04-22 10:04:18",
    "calendarYear": "2016",
    "period": "Q1",
    "revenue": 2420000000,
    "costOfRevenue": 1503000000,
    "grossProfit": 917000000,
    "grossProfitRatio": 0.3789256198,
    "researchAndDevelopmentExpenses": 0,
    "generalAndAdministrativeExpenses": 33000000,
    "sellingAndMarketingExpenses": 0,
    "sellingGeneralAndAdministrativeExpenses": 33000000,
    "otherExpenses": 16000000,
    "operatingExpenses": 194000000,
    "costAndExpenses": 1697000000,
    "interestIncome": 0,
    "interestExpense": 139000000,
    "depreciationAndAmortization": 253000000,
    "ebitda": 976000000,
    "ebitdaratio": 0.4033057851,
    "operatingIncome": 723000000,
    "operatingIncomeRatio": 0.2987603306,
    "totalOtherIncomeExpensesNet": -123000000,
    "incomeBeforeTax": 600000000,
    "incomeBeforeTaxRatio": 0.2479338843,
    "incomeTaxExpense": 213000000,
    "netIncome": 387000000,
    "netIncomeRatio": 0.1599173554,
    "eps": 1.3,
    "epsdiluted": 1.29,
    "weightedAverageShsOut": 297200000,
    "weightedAverageShsOutDil": 298900000,
    "link": "https://www.sec.gov/Archives/edgar/data/702165/000070216516000232/0000702165-16-000232-index.htm",
    "finalLink": "https://www.sec.gov/Archives/edgar/data/702165/000070216516000232/nsc03311610-q.htm"
  },
  {
    "date": "2015-12-31",
    "symbol": "NSC",
    "reportedCurrency": "USD",
    "cik": "0000702165",
    "fillingDate": "2016-02-08",
    "acceptedDate": "2016-02-08 17:11:14",
    "calendarYear": "2015",
    "period": "Q4",
    "revenue": 2518000000,
    "costOfRevenue": 1623000000,
    "grossProfit": 895000000,
    "grossProfitRatio": 0.3554408261,
    "researchAndDevelopmentExpenses": 0,
    "generalAndAdministrativeExpenses": 49000000,
    "sellingAndMarketingExpenses": 0,
    "sellingGeneralAndAdministrativeExpenses": 49000000,
    "otherExpenses": 24000000,
    "operatingExpenses": 253000000,
    "costAndExpenses": 1876000000,
    "interestIncome": 4000000,
    "interestExpense": 142000000,
    "depreciationAndAmortization": 289000000,
    "ebitda": 959000000,
    "ebitdaratio": 0.3808578237,
    "operatingIncome": 642000000,
    "operatingIncomeRatio": 0.2549642573,
    "totalOtherIncomeExpensesNet": -118000000,
    "incomeBeforeTax": 524000000,
    "incomeBeforeTaxRatio": 0.208101668,
    "incomeTaxExpense": 163000000,
    "netIncome": 361000000,
    "netIncomeRatio": 0.1433677522,
    "eps": 1.21,
    "epsdiluted": 1.2,
    "weightedAverageShsOut": 297900000,
    "weightedAverageShsOutDil": 300400000,
    "link": "https://www.sec.gov/Archives/edgar/data/702165/000070216516000162/0000702165-16-000162-index.htm",
    "finalLink": "https://www.sec.gov/Archives/edgar/data/702165/000070216516000162/nsc1231201510-k.htm"
  },
  {
    "date": "2015-09-30",
    "symbol": "NSC",
    "reportedCurrency": "USD",
    "cik": "0000702165",
    "fillingDate": "2015-10-28",
    "acceptedDate": "2015-10-28 11:53:09",
    "calendarYear": "2015",
    "period": "Q3",
    "revenue": 2713000000,
    "costOfRevenue": 1766000000,
    "grossProfit": 947000000,
    "grossProfitRatio": 0.3490600811,
    "researchAndDevelopmentExpenses": 0,
    "generalAndAdministrativeExpenses": 27000000,
    "sellingAndMarketingExpenses": 0,
    "sellingGeneralAndAdministrativeExpenses": 27000000,
    "otherExpenses": 39000000,
    "operatingExpenses": 98000000,
    "costAndExpenses": 1864000000,
    "interestIncome": 0,
    "interestExpense": 137000000,
    "depreciationAndAmortization": 276000000,
    "ebitda": 1098000000,
    "ebitdaratio": 0.4047180243,
    "operatingIncome": 822000000,
    "operatingIncomeRatio": 0.3029856248,
    "totalOtherIncomeExpensesNet": -98000000,
    "incomeBeforeTax": 724000000,
    "incomeBeforeTaxRatio": 0.266863251,
    "incomeTaxExpense": 272000000,
    "netIncome": 452000000,
    "netIncomeRatio": 0.1666052341,
    "eps": 1.5,
    "epsdiluted": 1.49,
    "weightedAverageShsOut": 300100000,
    "weightedAverageShsOutDil": 302500000,
    "link": "https://www.sec.gov/Archives/edgar/data/702165/000070216515000113/0000702165-15-000113-index.htm",
    "finalLink": "https://www.sec.gov/Archives/edgar/data/702165/000070216515000113/nsc09301510-q.htm"
  },
  {
    "date": "2015-06-30",
    "symbol": "NSC",
    "reportedCurrency": "USD",
    "cik": "0000702165",
    "fillingDate": "2015-07-27",
    "acceptedDate": "2015-07-27 13:07:17",
    "calendarYear": "2015",
    "period": "Q2",
    "revenue": 2713000000,
    "costOfRevenue": 1781000000,
    "grossProfit": 932000000,
    "grossProfitRatio": 0.3435311463,
    "researchAndDevelopmentExpenses": 0,
    "generalAndAdministrativeExpenses": 26000000,
    "sellingAndMarketingExpenses": 0,
    "sellingGeneralAndAdministrativeExpenses": 26000000,
    "otherExpenses": 19000000,
    "operatingExpenses": 92000000,
    "costAndExpenses": 1873000000,
    "interestIncome": 0,
    "interestExpense": 134000000,
    "depreciationAndAmortization": 248000000,
    "ebitda": 1062000000,
    "ebitdaratio": 0.3914485809,
    "operatingIncome": 814000000,
    "operatingIncomeRatio": 0.3000368596,
    "totalOtherIncomeExpensesNet": -115000000,
    "incomeBeforeTax": 699000000,
    "incomeBeforeTaxRatio": 0.2576483597,
    "incomeTaxExpense": 266000000,
    "netIncome": 433000000,
    "netIncomeRatio": 0.1596019167,
    "eps": 1.43,
    "epsdiluted": 1.41,
    "weightedAverageShsOut": 302900000,
    "weightedAverageShsOutDil": 305500000,
    "link": "https://www.sec.gov/Archives/edgar/data/702165/000070216515000075/0000702165-15-000075-index.htm",
    "finalLink": "https://www.sec.gov/Archives/edgar/data/702165/000070216515000075/nsc06301510-q.htm"
  },
  {
    "date": "2015-03-31",
    "symbol": "NSC",
    "reportedCurrency": "USD",
    "cik": "0000702165",
    "fillingDate": "2015-04-29",
    "acceptedDate": "2015-04-29 13:05:18",
    "calendarYear": "2015",
    "period": "Q1",
    "revenue": 2567000000,
    "costOfRevenue": 1837000000,
    "grossProfit": 730000000,
    "grossProfitRatio": 0.2843786521,
    "researchAndDevelopmentExpenses": 0,
    "generalAndAdministrativeExpenses": 36000000,
    "sellingAndMarketingExpenses": 0,
    "sellingGeneralAndAdministrativeExpenses": 36000000,
    "otherExpenses": 21000000,
    "operatingExpenses": 88000000,
    "costAndExpenses": 1925000000,
    "interestIncome": 0,
    "interestExpense": 132000000,
    "depreciationAndAmortization": 246000000,
    "ebitda": 852000000,
    "ebitdaratio": 0.3319049474,
    "operatingIncome": 606000000,
    "operatingIncomeRatio": 0.2360732372,
    "totalOtherIncomeExpensesNet": -111000000,
    "incomeBeforeTax": 495000000,
    "incomeBeforeTaxRatio": 0.1928320997,
    "incomeTaxExpense": 185000000,
    "netIncome": 310000000,
    "netIncomeRatio": 0.1207635372,
    "eps": 1.01,
    "epsdiluted": 1,
    "weightedAverageShsOut": 306800000,
    "weightedAverageShsOutDil": 309600000,
    "link": "https://www.sec.gov/Archives/edgar/data/702165/000070216515000045/0000702165-15-000045-index.htm",
    "finalLink": "https://www.sec.gov/Archives/edgar/data/702165/000070216515000045/nsc03311510-q.htm"
  },
  {
    "date": "2014-12-31",
    "symbol": "NSC",
    "reportedCurrency": "USD",
    "cik": "0000702165",
    "fillingDate": "2015-02-11",
    "acceptedDate": "2015-02-11 13:03:35",
    "calendarYear": "2014",
    "period": "Q4",
    "revenue": 2870000000,
    "costOfRevenue": 1753000000,
    "grossProfit": 1117000000,
    "grossProfitRatio": 0.3891986063,
    "researchAndDevelopmentExpenses": 0,
    "generalAndAdministrativeExpenses": 4000000,
    "sellingAndMarketingExpenses": 0,
    "sellingGeneralAndAdministrativeExpenses": 4000000,
    "otherExpenses": 28000000,
    "operatingExpenses": 226000000,
    "costAndExpenses": 1979000000,
    "interestIncome": 0,
    "interestExpense": 120000000,
    "depreciationAndAmortization": 241000000,
    "ebitda": 1132000000,
    "ebitdaratio": 0.3944250871,
    "operatingIncome": 891000000,
    "operatingIncomeRatio": 0.3104529617,
    "totalOtherIncomeExpensesNet": -101000000,
    "incomeBeforeTax": 790000000,
    "incomeBeforeTaxRatio": 0.275261324,
    "incomeTaxExpense": 279000000,
    "netIncome": 511000000,
    "netIncomeRatio": 0.1780487805,
    "eps": 1.65,
    "epsdiluted": 1.64,
    "weightedAverageShsOut": 309000000,
    "weightedAverageShsOutDil": 312000000,
    "link": "https://www.sec.gov/Archives/edgar/data/702165/000070216515000023/0000702165-15-000023-index.htm",
    "finalLink": "https://www.sec.gov/Archives/edgar/data/702165/000070216515000023/nsc1231201410-k.htm"
  },
  {
    "date": "2014-09-30",
    "symbol": "NSC",
    "reportedCurrency": "USD",
    "cik": "0000702165",
    "fillingDate": "2014-10-22",
    "acceptedDate": "2014-10-22 11:52:11",
    "calendarYear": "2014",
    "period": "Q3",
    "revenue": 3023000000,
    "costOfRevenue": 1907000000,
    "grossProfit": 1116000000,
    "grossProfitRatio": 0.369169699,
    "researchAndDevelopmentExpenses": 0,
    "generalAndAdministrativeExpenses": 35000000,
    "sellingAndMarketingExpenses": 0,
    "sellingGeneralAndAdministrativeExpenses": 35000000,
    "otherExpenses": 32000000,
    "operatingExpenses": 83000000,
    "costAndExpenses": 1990000000,
    "interestIncome": 0,
    "interestExpense": 138000000,
    "depreciationAndAmortization": 237000000,
    "ebitda": 1235000000,
    "ebitdaratio": 0.4085345683,
    "operatingIncome": 998000000,
    "operatingIncomeRatio": 0.3301356269,
    "totalOtherIncomeExpensesNet": -106000000,
    "incomeBeforeTax": 892000000,
    "incomeBeforeTaxRatio": 0.2950711214,
    "incomeTaxExpense": 333000000,
    "netIncome": 559000000,
    "netIncomeRatio": 0.1849156467,
    "eps": 1.8,
    "epsdiluted": 1.79,
    "weightedAverageShsOut": 309400000,
    "weightedAverageShsOutDil": 312600000,
    "link": "https://www.sec.gov/Archives/edgar/data/702165/000070216514000084/0000702165-14-000084-index.htm",
    "finalLink": "https://www.sec.gov/Archives/edgar/data/702165/000070216514000084/nsc0930201410-q.htm"
  },
  {
    "date": "2014-06-30",
    "symbol": "NSC",
    "reportedCurrency": "USD",
    "cik": "0000702165",
    "fillingDate": "2014-07-23",
    "acceptedDate": "2014-07-23 14:27:39",
    "calendarYear": "2014",
    "period": "Q2",
    "revenue": 3042000000,
    "costOfRevenue": 1899000000,
    "grossProfit": 1143000000,
    "grossProfitRatio": 0.375739645,
    "researchAndDevelopmentExpenses": 0,
    "generalAndAdministrativeExpenses": 42000000,
    "sellingAndMarketingExpenses": 0,
    "sellingGeneralAndAdministrativeExpenses": 42000000,
    "otherExpenses": 18000000,
    "operatingExpenses": 82000000,
    "costAndExpenses": 1981000000,
    "interestIncome": 0,
    "interestExpense": 139000000,
    "depreciationAndAmortization": 240000000,
    "ebitda": 1259000000,
    "ebitdaratio": 0.4138724523,
    "operatingIncome": 1019000000,
    "operatingIncomeRatio": 0.3349769888,
    "totalOtherIncomeExpensesNet": -121000000,
    "incomeBeforeTax": 898000000,
    "incomeBeforeTaxRatio": 0.295200526,
    "incomeTaxExpense": 336000000,
    "netIncome": 562000000,
    "netIncomeRatio": 0.1847468771,
    "eps": 1.81,
    "epsdiluted": 1.79,
    "weightedAverageShsOut": 309500000,
    "weightedAverageShsOutDil": 312800000,
    "link": "https://www.sec.gov/Archives/edgar/data/702165/000070216514000056/0000702165-14-000056-index.htm",
    "finalLink": "https://www.sec.gov/Archives/edgar/data/702165/000070216514000056/nsc20140630.htm"
  },
  {
    "date": "2014-03-31",
    "symbol": "NSC",
    "reportedCurrency": "USD",
    "cik": "0000702165",
    "fillingDate": "2014-04-23",
    "acceptedDate": "2014-04-23 17:19:13",
    "calendarYear": "2014",
    "period": "Q1",
    "revenue": 2689000000,
    "costOfRevenue": 1801000000,
    "grossProfit": 888000000,
    "grossProfitRatio": 0.3302342878,
    "researchAndDevelopmentExpenses": 0,
    "generalAndAdministrativeExpenses": 0,
    "sellingAndMarketingExpenses": 0,
    "sellingGeneralAndAdministrativeExpenses": 0,
    "otherExpenses": 26000000,
    "operatingExpenses": 221000000,
    "costAndExpenses": 2022000000,
    "interestIncome": 0,
    "interestExpense": 139000000,
    "depreciationAndAmortization": 238000000,
    "ebitda": 905000000,
    "ebitdaratio": 0.3365563406,
    "operatingIncome": 667000000,
    "operatingIncomeRatio": 0.2480476013,
    "totalOtherIncomeExpensesNet": -113000000,
    "incomeBeforeTax": 554000000,
    "incomeBeforeTaxRatio": 0.2060245444,
    "incomeTaxExpense": 186000000,
    "netIncome": 368000000,
    "netIncomeRatio": 0.136853849,
    "eps": 1.18,
    "epsdiluted": 1.17,
    "weightedAverageShsOut": 309500000,
    "weightedAverageShsOutDil": 312600000,
    "link": "https://www.sec.gov/Archives/edgar/data/702165/000070216514000028/0000702165-14-000028-index.htm",
    "finalLink": "https://www.sec.gov/Archives/edgar/data/702165/000070216514000028/nsc20140331.htm"
  },
  {
    "date": "2013-12-31",
    "symbol": "NSC",
    "reportedCurrency": "USD",
    "cik": "0000702165",
    "fillingDate": "2014-02-14",
    "acceptedDate": "2014-02-14 10:35:57",
    "calendarYear": "2013",
    "period": "Q4",
    "revenue": 2881000000,
    "costOfRevenue": 1803000000,
    "grossProfit": 1078000000,
    "grossProfitRatio": 0.3741756335,
    "researchAndDevelopmentExpenses": 0,
    "generalAndAdministrativeExpenses": 35000000,
    "sellingAndMarketingExpenses": 0,
    "sellingGeneralAndAdministrativeExpenses": -35000000,
    "otherExpenses": 39000000,
    "operatingExpenses": 197000000,
    "costAndExpenses": 2000000000,
    "interestIncome": 0,
    "interestExpense": 129000000,
    "depreciationAndAmortization": 235000000,
    "ebitda": 1116000000,
    "ebitdaratio": 0.3873654981,
    "operatingIncome": 881000000,
    "operatingIncomeRatio": 0.3057965984,
    "totalOtherIncomeExpensesNet": -98000000,
    "incomeBeforeTax": 783000000,
    "incomeBeforeTaxRatio": 0.2717806317,
    "incomeTaxExpense": 270000000,
    "netIncome": 513000000,
    "netIncomeRatio": 0.1780631725,
    "eps": 1.66,
    "epsdiluted": 1.64,
    "weightedAverageShsOut": 308700000,
    "weightedAverageShsOutDil": 312300000,
    "link": "https://www.sec.gov/Archives/edgar/data/702165/000070216514000019/0000702165-14-000019-index.htm",
    "finalLink": "https://www.sec.gov/Archives/edgar/data/702165/000070216514000019/nsc13.htm"
  },
  {
    "date": "2013-09-30",
    "symbol": "NSC",
    "reportedCurrency": "USD",
    "cik": "0000702165",
    "fillingDate": "2013-10-23",
    "acceptedDate": "2013-10-23 10:33:27",
    "calendarYear": "2013",
    "period": "Q3",
    "revenue": 2824000000,
    "costOfRevenue": 1775000000,
    "grossProfit": 1049000000,
    "grossProfitRatio": 0.3714589235,
    "researchAndDevelopmentExpenses": 0,
    "generalAndAdministrativeExpenses": 0,
    "sellingAndMarketingExpenses": 0,
    "sellingGeneralAndAdministrativeExpenses": 0,
    "otherExpenses": 30000000,
    "operatingExpenses": 200000000,
    "costAndExpenses": 1975000000,
    "interestIncome": 0,
    "interestExpense": 131000000,
    "depreciationAndAmortization": 231000000,
    "ebitda": 1080000000,
    "ebitdaratio": 0.3824362606,
    "operatingIncome": 849000000,
    "operatingIncomeRatio": 0.3006373938,
    "totalOtherIncomeExpensesNet": -101000000,
    "incomeBeforeTax": 748000000,
    "incomeBeforeTaxRatio": 0.2648725212,
    "incomeTaxExpense": 266000000,
    "netIncome": 482000000,
    "netIncomeRatio": 0.1706798867,
    "eps": 1.55,
    "epsdiluted": 1.53,
    "weightedAverageShsOut": 310400000,
    "weightedAverageShsOutDil": 313900000,
    "link": "https://www.sec.gov/Archives/edgar/data/702165/000070216513000136/0000702165-13-000136-index.htm",
    "finalLink": "https://www.sec.gov/Archives/edgar/data/702165/000070216513000136/nsc20130930.htm"
  },
  {
    "date": "2013-06-30",
    "symbol": "NSC",
    "reportedCurrency": "USD",
    "cik": "0000702165",
    "fillingDate": "2013-07-24",
    "acceptedDate": "2013-07-24 12:46:47",
    "calendarYear": "2013",
    "period": "Q2",
    "revenue": 2802000000,
    "costOfRevenue": 1753000000,
    "grossProfit": 1049000000,
    "grossProfitRatio": 0.3743754461,
    "researchAndDevelopmentExpenses": 0,
    "generalAndAdministrativeExpenses": 0,
    "sellingAndMarketingExpenses": 0,
    "sellingGeneralAndAdministrativeExpenses": 0,
    "otherExpenses": 29000000,
    "operatingExpenses": 213000000,
    "costAndExpenses": 1966000000,
    "interestIncome": 0,
    "interestExpense": 128000000,
    "depreciationAndAmortization": 228000000,
    "ebitda": 1093000000,
    "ebitdaratio": 0.3900785153,
    "operatingIncome": 836000000,
    "operatingIncomeRatio": 0.2983583155,
    "totalOtherIncomeExpensesNet": -99000000,
    "incomeBeforeTax": 737000000,
    "incomeBeforeTaxRatio": 0.2630264097,
    "incomeTaxExpense": 272000000,
    "netIncome": 465000000,
    "netIncomeRatio": 0.1659528908,
    "eps": 1.47,
    "epsdiluted": 1.46,
    "weightedAverageShsOut": 314100000,
    "weightedAverageShsOutDil": 317800000,
    "link": "https://www.sec.gov/Archives/edgar/data/702165/000070216513000125/0000702165-13-000125-index.htm",
    "finalLink": "https://www.sec.gov/Archives/edgar/data/702165/000070216513000125/nsc20130630.htm"
  },
  {
    "date": "2013-03-31",
    "symbol": "NSC",
    "reportedCurrency": "USD",
    "cik": "0000702165",
    "fillingDate": "2013-04-24",
    "acceptedDate": "2013-04-24 11:55:23",
    "calendarYear": "2013",
    "period": "Q1",
    "revenue": 2738000000,
    "costOfRevenue": 1829000000,
    "grossProfit": 909000000,
    "grossProfitRatio": 0.3319941563,
    "researchAndDevelopmentExpenses": 0,
    "generalAndAdministrativeExpenses": 35000000,
    "sellingAndMarketingExpenses": 0,
    "sellingGeneralAndAdministrativeExpenses": 35000000,
    "otherExpenses": 135000000,
    "operatingExpenses": 218000000,
    "costAndExpenses": 2047000000,
    "interestIncome": 0,
    "interestExpense": 129000000,
    "depreciationAndAmortization": 228000000,
    "ebitda": 1054000000,
    "ebitdaratio": 0.3849525201,
    "operatingIncome": 691000000,
    "operatingIncomeRatio": 0.2523739956,
    "totalOtherIncomeExpensesNet": 6000000,
    "incomeBeforeTax": 697000000,
    "incomeBeforeTaxRatio": 0.2545653762,
    "incomeTaxExpense": 247000000,
    "netIncome": 450000000,
    "netIncomeRatio": 0.1643535427,
    "eps": 1.43,
    "epsdiluted": 1.41,
    "weightedAverageShsOut": 314500000,
    "weightedAverageShsOutDil": 318100000,
    "link": "https://www.sec.gov/Archives/edgar/data/702165/000070216513000089/0000702165-13-000089-index.htm",
    "finalLink": "https://www.sec.gov/Archives/edgar/data/702165/000070216513000089/nsc20130331.htm"
  },
  {
    "date": "2012-12-31",
    "symbol": "NSC",
    "reportedCurrency": "USD",
    "cik": "0000702165",
    "fillingDate": "2013-02-15",
    "acceptedDate": "2013-02-15 11:49:47",
    "calendarYear": "2012",
    "period": "Q4",
    "revenue": 2684000000,
    "costOfRevenue": 1772000000,
    "grossProfit": 912000000,
    "grossProfitRatio": 0.3397913562,
    "researchAndDevelopmentExpenses": 0,
    "generalAndAdministrativeExpenses": -2117000000,
    "sellingAndMarketingExpenses": 0,
    "sellingGeneralAndAdministrativeExpenses": -2117000000,
    "otherExpenses": 36000000,
    "operatingExpenses": 198000000,
    "costAndExpenses": 1970000000,
    "interestIncome": 8000000,
    "interestExpense": 129000000,
    "depreciationAndAmortization": 234000000,
    "ebitda": 993000000,
    "ebitdaratio": 0.3699701937,
    "operatingIncome": 714000000,
    "operatingIncomeRatio": 0.2660208644,
    "totalOtherIncomeExpensesNet": -93000000,
    "incomeBeforeTax": 621000000,
    "incomeBeforeTaxRatio": 0.2313710879,
    "incomeTaxExpense": 208000000,
    "netIncome": 413000000,
    "netIncomeRatio": 0.1538748137,
    "eps": 1.31,
    "epsdiluted": 1.3,
    "weightedAverageShsOut": 314800000,
    "weightedAverageShsOutDil": 318600000,
    "link": "https://www.sec.gov/Archives/edgar/data/702165/000070216513000042/0000702165-13-000042-index.htm",
    "finalLink": "https://www.sec.gov/Archives/edgar/data/702165/000070216513000042/nsc12.htm"
  },
  {
    "date": "2012-09-30",
    "symbol": "NSC",
    "reportedCurrency": "USD",
    "cik": "0000702165",
    "fillingDate": "2012-10-25",
    "acceptedDate": "2012-10-25 12:22:51",
    "calendarYear": "2012",
    "period": "Q3",
    "revenue": 2693000000,
    "costOfRevenue": 1008000000,
    "grossProfit": 1685000000,
    "grossProfitRatio": 0.6256962495,
    "researchAndDevelopmentExpenses": 0,
    "generalAndAdministrativeExpenses": 724000000,
    "sellingAndMarketingExpenses": 0,
    "sellingGeneralAndAdministrativeExpenses": 724000000,
    "otherExpenses": 230000000,
    "operatingExpenses": 954000000,
    "costAndExpenses": 1962000000,
    "interestIncome": 0,
    "interestExpense": 124000000,
    "depreciationAndAmortization": 232000000,
    "ebitda": 996000000,
    "ebitdaratio": 0.3698477534,
    "operatingIncome": 731000000,
    "operatingIncomeRatio": 0.2714444857,
    "totalOtherIncomeExpensesNet": -91000000,
    "incomeBeforeTax": 640000000,
    "incomeBeforeTaxRatio": 0.2376531749,
    "incomeTaxExpense": 238000000,
    "netIncome": 402000000,
    "netIncomeRatio": 0.1492759005,
    "eps": 1.26,
    "epsdiluted": 1.24,
    "weightedAverageShsOut": 317700000,
    "weightedAverageShsOutDil": 321800000,
    "link": "https://www.sec.gov/Archives/edgar/data/702165/000070216512000164/0000702165-12-000164-index.htm",
    "finalLink": "https://www.sec.gov/Archives/edgar/data/702165/000070216512000164/nsc20120930.htm"
  },
  {
    "date": "2012-06-30",
    "symbol": "NSC",
    "reportedCurrency": "USD",
    "cik": "0000702165",
    "fillingDate": "2012-07-27",
    "acceptedDate": "2012-07-27 10:10:31",
    "calendarYear": "2012",
    "period": "Q2",
    "revenue": 2874000000,
    "costOfRevenue": 987000000,
    "grossProfit": 1887000000,
    "grossProfitRatio": 0.6565762004,
    "researchAndDevelopmentExpenses": 0,
    "generalAndAdministrativeExpenses": 724000000,
    "sellingAndMarketingExpenses": 0,
    "sellingGeneralAndAdministrativeExpenses": 724000000,
    "otherExpenses": 229000000,
    "operatingExpenses": 953000000,
    "costAndExpenses": 1940000000,
    "interestIncome": 0,
    "interestExpense": 122000000,
    "depreciationAndAmortization": 230000000,
    "ebitda": 1195000000,
    "ebitdaratio": 0.4157967989,
    "operatingIncome": 934000000,
    "operatingIncomeRatio": 0.3249826026,
    "totalOtherIncomeExpensesNet": -91000000,
    "incomeBeforeTax": 843000000,
    "incomeBeforeTaxRatio": 0.2933194154,
    "incomeTaxExpense": 319000000,
    "netIncome": 524000000,
    "netIncomeRatio": 0.1823242867,
    "eps": 1.62,
    "epsdiluted": 1.6,
    "weightedAverageShsOut": 322700000,
    "weightedAverageShsOutDil": 327500000,
    "link": "https://www.sec.gov/Archives/edgar/data/702165/000070216512000122/0000702165-12-000122-index.htm",
    "finalLink": "https://www.sec.gov/Archives/edgar/data/702165/000070216512000122/nsc20120630.htm"
  },
  {
    "date": "2012-03-31",
    "symbol": "NSC",
    "reportedCurrency": "USD",
    "cik": "0000702165",
    "fillingDate": "2012-04-27",
    "acceptedDate": "2012-04-27 09:18:36",
    "calendarYear": "2012",
    "period": "Q1",
    "revenue": 2789000000,
    "costOfRevenue": 1034000000,
    "grossProfit": 1755000000,
    "grossProfitRatio": 0.6292577985,
    "researchAndDevelopmentExpenses": 0,
    "generalAndAdministrativeExpenses": 786000000,
    "sellingAndMarketingExpenses": 0,
    "sellingGeneralAndAdministrativeExpenses": 786000000,
    "otherExpenses": 224000000,
    "operatingExpenses": 1010000000,
    "costAndExpenses": 2044000000,
    "interestIncome": 0,
    "interestExpense": 120000000,
    "depreciationAndAmortization": 226000000,
    "ebitda": 1000000000,
    "ebitdaratio": 0.3585514521,
    "operatingIncome": 745000000,
    "operatingIncomeRatio": 0.2671208318,
    "totalOtherIncomeExpensesNet": -91000000,
    "incomeBeforeTax": 654000000,
    "incomeBeforeTaxRatio": 0.2344926497,
    "incomeTaxExpense": 244000000,
    "netIncome": 410000000,
    "netIncomeRatio": 0.1470060954,
    "eps": 1.24,
    "epsdiluted": 1.23,
    "weightedAverageShsOut": 328300000,
    "weightedAverageShsOutDil": 332900000,
    "link": "https://www.sec.gov/Archives/edgar/data/702165/000070216512000073/0000702165-12-000073-index.htm",
    "finalLink": "https://www.sec.gov/Archives/edgar/data/702165/000070216512000073/nsc20120331.htm"
  },
  {
    "date": "2011-12-31",
    "symbol": "NSC",
    "reportedCurrency": "USD",
    "cik": "0000702165",
    "fillingDate": "2012-02-15",
    "acceptedDate": "2012-02-15 10:12:15",
    "calendarYear": "2011",
    "period": "Q4",
    "revenue": 2797000000,
    "costOfRevenue": 1042000000,
    "grossProfit": 1755000000,
    "grossProfitRatio": 0.6274579907,
    "researchAndDevelopmentExpenses": 0,
    "generalAndAdministrativeExpenses": 734000000,
    "sellingAndMarketingExpenses": 0,
    "sellingGeneralAndAdministrativeExpenses": 734000000,
    "otherExpenses": 221000000,
    "operatingExpenses": 955000000,
    "costAndExpenses": 1997000000,
    "interestIncome": 0,
    "interestExpense": 116000000,
    "depreciationAndAmortization": 223000000,
    "ebitda": 193000000,
    "ebitdaratio": 0.0690025027,
    "operatingIncome": 800000000,
    "operatingIncomeRatio": 0.2860207365,
    "totalOtherIncomeExpensesNet": -77000000,
    "incomeBeforeTax": 723000000,
    "incomeBeforeTaxRatio": 0.2584912406,
    "incomeTaxExpense": 243000000,
    "netIncome": 480000000,
    "netIncomeRatio": 0.1716124419,
    "eps": 1.46,
    "epsdiluted": 1.46,
    "weightedAverageShsOut": 328300000,
    "weightedAverageShsOutDil": 328300000,
    "link": "https://www.sec.gov/Archives/edgar/data/702165/000070216512000043/0000702165-12-000043-index.htm",
    "finalLink": "https://www.sec.gov/Archives/edgar/data/702165/000070216512000043/nsc11.htm"
  },
  {
    "date": "2011-09-30",
    "symbol": "NSC",
    "reportedCurrency": "USD",
    "cik": "0000702165",
    "fillingDate": "2011-10-28",
    "acceptedDate": "2011-10-28 09:07:38",
    "calendarYear": "2011",
    "period": "Q3",
    "revenue": 2889000000,
    "costOfRevenue": 998000000,
    "grossProfit": 1891000000,
    "grossProfitRatio": 0.654551748,
    "researchAndDevelopmentExpenses": 0,
    "generalAndAdministrativeExpenses": 736000000,
    "sellingAndMarketingExpenses": 0,
    "sellingGeneralAndAdministrativeExpenses": 736000000,
    "otherExpenses": 217000000,
    "operatingExpenses": 953000000,
    "costAndExpenses": 1951000000,
    "interestIncome": 0,
    "interestExpense": 114000000,
    "depreciationAndAmortization": 218000000,
    "ebitda": 1216000000,
    "ebitdaratio": 0.4209068882,
    "operatingIncome": 938000000,
    "operatingIncomeRatio": 0.32467982,
    "totalOtherIncomeExpensesNet": -54000000,
    "incomeBeforeTax": 884000000,
    "incomeBeforeTaxRatio": 0.3059882312,
    "incomeTaxExpense": 330000000,
    "netIncome": 554000000,
    "netIncomeRatio": 0.1917618553,
    "eps": 1.61,
    "epsdiluted": 1.59,
    "weightedAverageShsOut": 343200000,
    "weightedAverageShsOutDil": 349000000,
    "link": "https://www.sec.gov/Archives/edgar/data/702165/000070216511000164/0000702165-11-000164-index.htm",
    "finalLink": "https://www.sec.gov/Archives/edgar/data/702165/000070216511000164/nsc20110930.htm"
  },
  {
    "date": "2011-06-30",
    "symbol": "NSC",
    "reportedCurrency": "USD",
    "cik": "0000702165",
    "fillingDate": "2011-07-29",
    "acceptedDate": "2011-07-29 08:38:02",
    "calendarYear": "2011",
    "period": "Q2",
    "revenue": 2866000000,
    "costOfRevenue": 1039000000,
    "grossProfit": 1827000000,
    "grossProfitRatio": 0.6374738311,
    "researchAndDevelopmentExpenses": 0,
    "generalAndAdministrativeExpenses": 739000000,
    "sellingAndMarketingExpenses": 0,
    "sellingGeneralAndAdministrativeExpenses": 739000000,
    "otherExpenses": 213000000,
    "operatingExpenses": 952000000,
    "costAndExpenses": 1991000000,
    "interestIncome": 0,
    "interestExpense": 113000000,
    "depreciationAndAmortization": 215000000,
    "ebitda": 1124000000,
    "ebitdaratio": 0.3921842289,
    "operatingIncome": 875000000,
    "operatingIncomeRatio": 0.305303559,
    "totalOtherIncomeExpensesNet": -79000000,
    "incomeBeforeTax": 796000000,
    "incomeBeforeTaxRatio": 0.2777390091,
    "incomeTaxExpense": 239000000,
    "netIncome": 557000000,
    "netIncomeRatio": 0.1943475227,
    "eps": 1.58,
    "epsdiluted": 1.56,
    "weightedAverageShsOut": 351000000,
    "weightedAverageShsOutDil": 357300000,
    "link": "https://www.sec.gov/Archives/edgar/data/702165/000070216511000133/0000702165-11-000133-index.htm",
    "finalLink": "https://www.sec.gov/Archives/edgar/data/702165/000070216511000133/nsc20110630.htm"
  },
  {
    "date": "2011-03-31",
    "symbol": "NSC",
    "reportedCurrency": "USD",
    "cik": "0000702165",
    "fillingDate": "2011-04-29",
    "acceptedDate": "2011-04-29 09:34:04",
    "calendarYear": "2011",
    "period": "Q1",
    "revenue": 2620000000,
    "costOfRevenue": 1044000000,
    "grossProfit": 1576000000,
    "grossProfitRatio": 0.6015267176,
    "researchAndDevelopmentExpenses": 0,
    "generalAndAdministrativeExpenses": 765000000,
    "sellingAndMarketingExpenses": 0,
    "sellingGeneralAndAdministrativeExpenses": 765000000,
    "otherExpenses": 211000000,
    "operatingExpenses": 976000000,
    "costAndExpenses": 2020000000,
    "interestIncome": 0,
    "interestExpense": 112000000,
    "depreciationAndAmortization": 213000000,
    "ebitda": 840000000,
    "ebitdaratio": 0.320610687,
    "operatingIncome": 600000000,
    "operatingIncomeRatio": 0.2290076336,
    "totalOtherIncomeExpensesNet": -85000000,
    "incomeBeforeTax": 515000000,
    "incomeBeforeTaxRatio": 0.1965648855,
    "incomeTaxExpense": 190000000,
    "netIncome": 325000000,
    "netIncomeRatio": 0.1240458015,
    "eps": 0.91,
    "epsdiluted": 0.9,
    "weightedAverageShsOut": 355200000,
    "weightedAverageShsOutDil": 360500000,
    "link": "https://www.sec.gov/Archives/edgar/data/702165/000070216511000087/0000702165-11-000087-index.htm",
    "finalLink": "https://www.sec.gov/Archives/edgar/data/702165/000070216511000087/nsc20110331.htm"
  },
  {
    "date": "2010-12-31",
    "symbol": "NSC",
    "reportedCurrency": "USD",
    "cik": "0000702165",
    "fillingDate": "2011-02-17",
    "acceptedDate": "2011-02-16 20:44:39",
    "calendarYear": "2010",
    "period": "Q4",
    "revenue": 2392000000,
    "costOfRevenue": 884000000,
    "grossProfit": 1508000000,
    "grossProfitRatio": 0.6304347826,
    "researchAndDevelopmentExpenses": 0,
    "generalAndAdministrativeExpenses": 659000000,
    "sellingAndMarketingExpenses": 0,
    "sellingGeneralAndAdministrativeExpenses": 659000000,
    "otherExpenses": 207000000,
    "operatingExpenses": 866000000,
    "costAndExpenses": 1750000000,
    "interestIncome": 0,
    "interestExpense": 115000000,
    "depreciationAndAmortization": 209000000,
    "ebitda": 60000000,
    "ebitdaratio": 0.025083612,
    "operatingIncome": 642000000,
    "operatingIncomeRatio": 0.2683946488,
    "totalOtherIncomeExpensesNet": -80000000,
    "incomeBeforeTax": 562000000,
    "incomeBeforeTaxRatio": 0.2349498328,
    "incomeTaxExpense": 160000000,
    "netIncome": 402000000,
    "netIncomeRatio": 0.1680602007,
    "eps": 1.13,
    "epsdiluted": 1.13,
    "weightedAverageShsOut": 355200000,
    "weightedAverageShsOutDil": 355200000,
    "link": "https://www.sec.gov/Archives/edgar/data/702165/000070216511000047/0000702165-11-000047-index.htm",
    "finalLink": "https://www.sec.gov/Archives/edgar/data/702165/000070216511000047/nsc10s.htm"
  },
  {
    "date": "2010-09-30",
    "symbol": "NSC",
    "reportedCurrency": "USD",
    "cik": "0000702165",
    "fillingDate": "2010-10-29",
    "acceptedDate": "2010-10-29 12:54:27",
    "calendarYear": "2010",
    "period": "Q3",
    "revenue": 2456000000,
    "costOfRevenue": 826000000,
    "grossProfit": 1630000000,
    "grossProfitRatio": 0.6636807818,
    "researchAndDevelopmentExpenses": 0,
    "generalAndAdministrativeExpenses": 680000000,
    "sellingAndMarketingExpenses": 0,
    "sellingGeneralAndAdministrativeExpenses": 680000000,
    "otherExpenses": 204000000,
    "operatingExpenses": 884000000,
    "costAndExpenses": 1710000000,
    "interestIncome": 0,
    "interestExpense": 113000000,
    "depreciationAndAmortization": 206000000,
    "ebitda": 1033000000,
    "ebitdaratio": 0.4206026059,
    "operatingIncome": 746000000,
    "operatingIncomeRatio": 0.3037459283,
    "totalOtherIncomeExpensesNet": -32000000,
    "incomeBeforeTax": 714000000,
    "incomeBeforeTaxRatio": 0.2907166124,
    "incomeTaxExpense": 269000000,
    "netIncome": 445000000,
    "netIncomeRatio": 0.1811889251,
    "eps": 1.21,
    "epsdiluted": 1.19,
    "weightedAverageShsOut": 366300000,
    "weightedAverageShsOutDil": 371600000,
    "link": "https://www.sec.gov/Archives/edgar/data/702165/000070216510000163/0000702165-10-000163-index.htm",
    "finalLink": "https://www.sec.gov/Archives/edgar/data/702165/000070216510000163/nsc20100930s.htm"
  },
  {
    "date": "2010-06-30",
    "symbol": "NSC",
    "reportedCurrency": "USD",
    "cik": "0000702165",
    "fillingDate": "2010-07-30",
    "acceptedDate": "2010-07-30 11:53:02",
    "calendarYear": "2010",
    "period": "Q2",
    "revenue": 2430000000,
    "costOfRevenue": 823000000,
    "grossProfit": 1607000000,
    "grossProfitRatio": 0.6613168724,
    "researchAndDevelopmentExpenses": 0,
    "generalAndAdministrativeExpenses": 670000000,
    "sellingAndMarketingExpenses": 0,
    "sellingGeneralAndAdministrativeExpenses": 670000000,
    "otherExpenses": 204000000,
    "operatingExpenses": 874000000,
    "costAndExpenses": 1697000000,
    "interestIncome": 0,
    "interestExpense": 115000000,
    "depreciationAndAmortization": 205000000,
    "ebitda": 955000000,
    "ebitdaratio": 0.3930041152,
    "operatingIncome": 733000000,
    "operatingIncomeRatio": 0.3016460905,
    "totalOtherIncomeExpensesNet": -98000000,
    "incomeBeforeTax": 635000000,
    "incomeBeforeTaxRatio": 0.2613168724,
    "incomeTaxExpense": 243000000,
    "netIncome": 392000000,
    "netIncomeRatio": 0.1613168724,
    "eps": 1.06,
    "epsdiluted": 1.04,
    "weightedAverageShsOut": 369700000,
    "weightedAverageShsOutDil": 375100000,
    "link": "https://www.sec.gov/Archives/edgar/data/702165/000070216510000123/0000702165-10-000123-index.htm",
    "finalLink": "https://www.sec.gov/Archives/edgar/data/702165/000070216510000123/nsc20100630s.htm"
  },
  {
    "date": "2010-03-31",
    "symbol": "NSC",
    "reportedCurrency": "USD",
    "cik": "0000702165",
    "fillingDate": "2010-04-30",
    "acceptedDate": "2010-04-30 11:19:56",
    "calendarYear": "2010",
    "period": "Q1",
    "revenue": 2238000000,
    "costOfRevenue": 780000000,
    "grossProfit": 1458000000,
    "grossProfitRatio": 0.6514745308,
    "researchAndDevelopmentExpenses": 0,
    "generalAndAdministrativeExpenses": 699000000,
    "sellingAndMarketingExpenses": 0,
    "sellingGeneralAndAdministrativeExpenses": 699000000,
    "otherExpenses": 204000000,
    "operatingExpenses": 903000000,
    "costAndExpenses": 1683000000,
    "interestIncome": 0,
    "interestExpense": 119000000,
    "depreciationAndAmortization": 206000000,
    "ebitda": 781000000,
    "ebitdaratio": 0.3489722967,
    "operatingIncome": 555000000,
    "operatingIncomeRatio": 0.2479892761,
    "totalOtherIncomeExpensesNet": -99000000,
    "incomeBeforeTax": 456000000,
    "incomeBeforeTaxRatio": 0.2037533512,
    "incomeTaxExpense": 199000000,
    "netIncome": 257000000,
    "netIncomeRatio": 0.1148346738,
    "eps": 0.69,
    "epsdiluted": 0.68,
    "weightedAverageShsOut": 369500000,
    "weightedAverageShsOutDil": 374900000,
    "link": "https://www.sec.gov/Archives/edgar/data/702165/000070216510000075/0000702165-10-000075-index.htm",
    "finalLink": "https://www.sec.gov/Archives/edgar/data/702165/000070216510000075/nsc-20100331s.htm"
  },
  {
    "date": "2009-12-31",
    "symbol": "NSC",
    "reportedCurrency": "USD",
    "cik": "0000702165",
    "fillingDate": "2010-02-17",
    "acceptedDate": "2010-02-17 17:16:32",
    "calendarYear": "2009",
    "period": "Q4",
    "revenue": 2106000000,
    "costOfRevenue": 731000000,
    "grossProfit": 1375000000,
    "grossProfitRatio": 0.6528964862,
    "researchAndDevelopmentExpenses": 0,
    "generalAndAdministrativeExpenses": 613000000,
    "sellingAndMarketingExpenses": 0,
    "sellingGeneralAndAdministrativeExpenses": 613000000,
    "otherExpenses": 213000000,
    "operatingExpenses": 826000000,
    "costAndExpenses": 1557000000,
    "interestIncome": 0,
    "interestExpense": 119000000,
    "depreciationAndAmortization": 215000000,
    "ebitda": -44000000,
    "ebitdaratio": -0.0208926876,
    "operatingIncome": 549000000,
    "operatingIncomeRatio": 0.2606837607,
    "totalOtherIncomeExpensesNet": -82000000,
    "incomeBeforeTax": 467000000,
    "incomeBeforeTaxRatio": 0.2217473884,
    "incomeTaxExpense": 160000000,
    "netIncome": 307000000,
    "netIncomeRatio": 0.1457739791,
    "eps": 0.83,
    "epsdiluted": 0.83,
    "weightedAverageShsOut": 368000000,
    "weightedAverageShsOutDil": 369500000,
    "link": "https://www.sec.gov/Archives/edgar/data/702165/000070216510000049/0000702165-10-000049-index.htm",
    "finalLink": "https://www.sec.gov/Archives/edgar/data/702165/000070216510000049/nsc09s.htm"
  },
  {
    "date": "2009-09-30",
    "symbol": "NSC",
    "reportedCurrency": "USD",
    "cik": "0000702165",
    "fillingDate": "2009-10-30",
    "acceptedDate": "2009-10-30 11:37:44",
    "calendarYear": "2009",
    "period": "Q3",
    "revenue": 2063000000,
    "costOfRevenue": 693000000,
    "grossProfit": 1370000000,
    "grossProfitRatio": 0.6640814348,
    "researchAndDevelopmentExpenses": 0,
    "generalAndAdministrativeExpenses": 598000000,
    "sellingAndMarketingExpenses": 0,
    "sellingGeneralAndAdministrativeExpenses": 598000000,
    "otherExpenses": 210000000,
    "operatingExpenses": 808000000,
    "costAndExpenses": 1501000000,
    "interestIncome": 0,
    "interestExpense": 118000000,
    "depreciationAndAmortization": 210000000,
    "ebitda": 811000000,
    "ebitdaratio": 0.3931168202,
    "operatingIncome": 562000000,
    "operatingIncomeRatio": 0.2724188076,
    "totalOtherIncomeExpensesNet": -81000000,
    "incomeBeforeTax": 481000000,
    "incomeBeforeTaxRatio": 0.2331555986,
    "incomeTaxExpense": 178000000,
    "netIncome": 303000000,
    "netIncomeRatio": 0.1468734852,
    "eps": 0.82,
    "epsdiluted": 0.81,
    "weightedAverageShsOut": 367300000,
    "weightedAverageShsOutDil": 372500000,
    "link": "https://www.sec.gov/Archives/edgar/data/702165/000070216509000170/0000702165-09-000170-index.htm",
    "finalLink": "https://www.sec.gov/Archives/edgar/data/702165/000070216509000170/nsc3q09s.htm"
  },
  {
    "date": "2009-06-30",
    "symbol": "NSC",
    "reportedCurrency": "USD",
    "cik": "0000702165",
    "fillingDate": "2009-08-03",
    "acceptedDate": "2009-07-31 18:55:28",
    "calendarYear": "2009",
    "period": "Q2",
    "revenue": 1857000000,
    "costOfRevenue": 631000000,
    "grossProfit": 1226000000,
    "grossProfitRatio": 0.6602046311,
    "researchAndDevelopmentExpenses": 0,
    "generalAndAdministrativeExpenses": 551000000,
    "sellingAndMarketingExpenses": 0,
    "sellingGeneralAndAdministrativeExpenses": 551000000,
    "otherExpenses": 207000000,
    "operatingExpenses": 758000000,
    "costAndExpenses": 1389000000,
    "interestIncome": 0,
    "interestExpense": 113000000,
    "depreciationAndAmortization": 207000000,
    "ebitda": 713000000,
    "ebitdaratio": 0.3839526117,
    "operatingIncome": 468000000,
    "operatingIncomeRatio": 0.2520193861,
    "totalOtherIncomeExpensesNet": -77000000,
    "incomeBeforeTax": 391000000,
    "incomeBeforeTaxRatio": 0.2105546581,
    "incomeTaxExpense": 144000000,
    "netIncome": 247000000,
    "netIncomeRatio": 0.1330102316,
    "eps": 0.67,
    "epsdiluted": 0.66,
    "weightedAverageShsOut": 366800000,
    "weightedAverageShsOutDil": 371400000,
    "link": "https://www.sec.gov/Archives/edgar/data/702165/000070216509000120/0000702165-09-000120-index.htm",
    "finalLink": "https://www.sec.gov/Archives/edgar/data/702165/000070216509000120/nsc2q10qs.htm"
  },
  {
    "date": "2009-03-31",
    "symbol": "NSC",
    "reportedCurrency": "USD",
    "cik": "0000702165",
    "fillingDate": "2009-04-24",
    "acceptedDate": "2009-04-24 14:10:05",
    "calendarYear": "2009",
    "period": "Q1",
    "revenue": 1943000000,
    "costOfRevenue": 714000000,
    "grossProfit": 1229000000,
    "grossProfitRatio": 0.6325270201,
    "researchAndDevelopmentExpenses": 0,
    "generalAndAdministrativeExpenses": 639000000,
    "sellingAndMarketingExpenses": 0,
    "sellingGeneralAndAdministrativeExpenses": 639000000,
    "otherExpenses": 207000000,
    "operatingExpenses": 846000000,
    "costAndExpenses": 1560000000,
    "interestIncome": 0,
    "interestExpense": 117000000,
    "depreciationAndAmortization": 209000000,
    "ebitda": 609000000,
    "ebitdaratio": 0.3134328358,
    "operatingIncome": 383000000,
    "operatingIncomeRatio": 0.197117859,
    "totalOtherIncomeExpensesNet": -100000000,
    "incomeBeforeTax": 283000000,
    "incomeBeforeTaxRatio": 0.1456510551,
    "incomeTaxExpense": 106000000,
    "netIncome": 177000000,
    "netIncomeRatio": 0.0910962429,
    "eps": 0.48,
    "epsdiluted": 0.47,
    "weightedAverageShsOut": 366200000,
    "weightedAverageShsOutDil": 371100000,
    "link": "https://www.sec.gov/Archives/edgar/data/702165/000070216509000090/0000702165-09-000090-index.htm",
    "finalLink": "https://www.sec.gov/Archives/edgar/data/702165/000070216509000090/nsc1q09s.htm"
  },
  {
    "date": "2008-12-31",
    "symbol": "NSC",
    "reportedCurrency": "USD",
    "cik": "0000702165",
    "fillingDate": "2009-02-18",
    "acceptedDate": "2009-02-18 17:31:18",
    "calendarYear": "2008",
    "period": "Q4",
    "revenue": 2502000000,
    "costOfRevenue": 874000000,
    "grossProfit": 1628000000,
    "grossProfitRatio": 0.6506794564,
    "researchAndDevelopmentExpenses": 0,
    "generalAndAdministrativeExpenses": 609000000,
    "sellingAndMarketingExpenses": 0,
    "sellingGeneralAndAdministrativeExpenses": 609000000,
    "otherExpenses": 206000000,
    "operatingExpenses": 815000000,
    "costAndExpenses": 1689000000,
    "interestIncome": 20000000,
    "interestExpense": 112000000,
    "depreciationAndAmortization": 209000000,
    "ebitda": 1040000000,
    "ebitdaratio": 0.415667466,
    "operatingIncome": 813000000,
    "operatingIncomeRatio": 0.324940048,
    "totalOtherIncomeExpensesNet": -94000000,
    "incomeBeforeTax": 719000000,
    "incomeBeforeTaxRatio": 0.2873701039,
    "incomeTaxExpense": 267000000,
    "netIncome": 452000000,
    "netIncomeRatio": 0.1806554756,
    "eps": 1.23,
    "epsdiluted": 1.23,
    "weightedAverageShsOut": 366000000,
    "weightedAverageShsOutDil": 366200000,
    "link": "https://www.sec.gov/Archives/edgar/data/702165/000070216509000050/0000702165-09-000050-index.htm",
    "finalLink": "https://www.sec.gov/Archives/edgar/data/702165/000070216509000050/nsc10k08s.htm"
  },
  {
    "date": "2008-09-30",
    "symbol": "NSC",
    "reportedCurrency": "USD",
    "cik": "0000702165",
    "fillingDate": "2008-10-24",
    "acceptedDate": "2008-10-24 11:48:08",
    "calendarYear": "2008",
    "period": "Q3",
    "revenue": 2894000000,
    "costOfRevenue": 1091000000,
    "grossProfit": 1803000000,
    "grossProfitRatio": 0.6230131306,
    "researchAndDevelopmentExpenses": 0,
    "generalAndAdministrativeExpenses": 708000000,
    "sellingAndMarketingExpenses": 0,
    "sellingGeneralAndAdministrativeExpenses": 708000000,
    "otherExpenses": 201000000,
    "operatingExpenses": 2000000000,
    "costAndExpenses": 2000000000,
    "interestIncome": 0,
    "interestExpense": 111000000,
    "depreciationAndAmortization": 201000000,
    "ebitda": 1137000000,
    "ebitdaratio": 0.3928818245,
    "operatingIncome": 894000000,
    "operatingIncomeRatio": 0.3089149965,
    "totalOtherIncomeExpensesNet": -72000000,
    "incomeBeforeTax": 822000000,
    "incomeBeforeTaxRatio": 0.2840359364,
    "incomeTaxExpense": 302000000,
    "netIncome": 520000000,
    "netIncomeRatio": 0.1796821009,
    "eps": 1.39,
    "epsdiluted": 1.37,
    "weightedAverageShsOut": 372500000,
    "weightedAverageShsOutDil": 380500000,
    "link": "https://www.sec.gov/Archives/edgar/data/702165/000070216508000213/0000702165-08-000213-index.htm",
    "finalLink": "https://www.sec.gov/Archives/edgar/data/702165/000070216508000213/nsc3q10qs.htm"
  },
  {
    "date": "2008-06-30",
    "symbol": "NSC",
    "reportedCurrency": "USD",
    "cik": "0000702165",
    "fillingDate": "2008-07-24",
    "acceptedDate": "2008-07-24 16:32:46",
    "calendarYear": "2008",
    "period": "Q2",
    "revenue": 2765000000,
    "costOfRevenue": 1105000000,
    "grossProfit": 1660000000,
    "grossProfitRatio": 0.6003616637,
    "researchAndDevelopmentExpenses": 0,
    "generalAndAdministrativeExpenses": 662000000,
    "sellingAndMarketingExpenses": 0,
    "sellingGeneralAndAdministrativeExpenses": 662000000,
    "otherExpenses": 199000000,
    "operatingExpenses": 861000000,
    "costAndExpenses": 1966000000,
    "interestIncome": 0,
    "interestExpense": 112000000,
    "depreciationAndAmortization": 202000000,
    "ebitda": 1047000000,
    "ebitdaratio": 0.3786618445,
    "operatingIncome": 799000000,
    "operatingIncomeRatio": 0.2889692586,
    "totalOtherIncomeExpensesNet": -66000000,
    "incomeBeforeTax": 733000000,
    "incomeBeforeTaxRatio": 0.2650994575,
    "incomeTaxExpense": 280000000,
    "netIncome": 453000000,
    "netIncomeRatio": 0.1638336347,
    "eps": 1.2,
    "epsdiluted": 1.18,
    "weightedAverageShsOut": 375400000,
    "weightedAverageShsOutDil": 383500000,
    "link": "https://www.sec.gov/Archives/edgar/data/702165/000070216508000164/0000702165-08-000164-index.htm",
    "finalLink": "https://www.sec.gov/Archives/edgar/data/702165/000070216508000164/nsc2q10qs.htm"
  },
  {
    "date": "2008-03-31",
    "symbol": "NSC",
    "reportedCurrency": "USD",
    "cik": "0000702165",
    "fillingDate": "2008-04-23",
    "acceptedDate": "2008-04-23 17:05:31",
    "calendarYear": "2008",
    "period": "Q1",
    "revenue": 2500000000,
    "costOfRevenue": 1019000000,
    "grossProfit": 1481000000,
    "grossProfitRatio": 0.5924,
    "researchAndDevelopmentExpenses": 0,
    "generalAndAdministrativeExpenses": 705000000,
    "sellingAndMarketingExpenses": 0,
    "sellingGeneralAndAdministrativeExpenses": 705000000,
    "otherExpenses": 198000000,
    "operatingExpenses": 903000000,
    "costAndExpenses": 1922000000,
    "interestIncome": 0,
    "interestExpense": 109000000,
    "depreciationAndAmortization": 200000000,
    "ebitda": 771000000,
    "ebitdaratio": 0.3084,
    "operatingIncome": 578000000,
    "operatingIncomeRatio": 0.2312,
    "totalOtherIncomeExpensesNet": -102000000,
    "incomeBeforeTax": 476000000,
    "incomeBeforeTaxRatio": 0.1904,
    "incomeTaxExpense": 185000000,
    "netIncome": 291000000,
    "netIncomeRatio": 0.1164,
    "eps": 0.77,
    "epsdiluted": 0.76,
    "weightedAverageShsOut": 375700000,
    "weightedAverageShsOutDil": 375700000,
    "link": "https://www.sec.gov/Archives/edgar/data/702165/000070216508000117/0000702165-08-000117-index.htm",
    "finalLink": "https://www.sec.gov/Archives/edgar/data/702165/000070216508000117/nsc1q08s.htm"
  },
  {
    "date": "2007-12-31",
    "symbol": "NSC",
    "reportedCurrency": "USD",
    "cik": "0000702165",
    "fillingDate": "2008-02-15",
    "acceptedDate": "2008-02-15 15:43:11",
    "calendarYear": "2007",
    "period": "Q4",
    "revenue": 2454000000,
    "costOfRevenue": 1165000000,
    "grossProfit": 1289000000,
    "grossProfitRatio": 0.5252648737,
    "researchAndDevelopmentExpenses": 0,
    "generalAndAdministrativeExpenses": 361000000,
    "sellingAndMarketingExpenses": 0,
    "sellingGeneralAndAdministrativeExpenses": 361000000,
    "otherExpenses": -20000000,
    "operatingExpenses": 341000000,
    "costAndExpenses": 1506000000,
    "interestIncome": 0,
    "interestExpense": 0,
    "depreciationAndAmortization": 199000000,
    "ebitda": 1147000000,
    "ebitdaratio": 0.467400163,
    "operatingIncome": 686000000,
    "operatingIncomeRatio": 0.2795436023,
    "totalOtherIncomeExpensesNet": -74000000,
    "incomeBeforeTax": 612000000,
    "incomeBeforeTaxRatio": 0.2493887531,
    "incomeTaxExpense": 213000000,
    "netIncome": 399000000,
    "netIncomeRatio": 0.162591687,
    "eps": 1.06,
    "epsdiluted": 1.06,
    "weightedAverageShsOut": 377922078,
    "weightedAverageShsOutDil": 377922078,
    "link": "https://www.sec.gov/Archives/edgar/data/702165/000070216508000047/0000702165-08-000047-index.htm",
    "finalLink": "https://www.sec.gov/Archives/edgar/data/702165/000070216508000047/nsc07fnls.htm"
  },
  {
    "date": "2007-09-30",
    "symbol": "NSC",
    "reportedCurrency": "USD",
    "cik": "0000702165",
    "fillingDate": "2007-10-25",
    "acceptedDate": "2007-10-25 16:42:08",
    "calendarYear": "2007",
    "period": "Q3",
    "revenue": 2353000000,
    "costOfRevenue": 796000000,
    "grossProfit": 1557000000,
    "grossProfitRatio": 0.6617084573,
    "researchAndDevelopmentExpenses": 0,
    "generalAndAdministrativeExpenses": 685000000,
    "sellingAndMarketingExpenses": 0,
    "sellingGeneralAndAdministrativeExpenses": 685000000,
    "otherExpenses": 257000000,
    "operatingExpenses": 942000000,
    "costAndExpenses": 1738000000,
    "interestIncome": 0,
    "interestExpense": 107000000,
    "depreciationAndAmortization": 197000000,
    "ebitda": 909000000,
    "ebitdaratio": 0.3863153421,
    "operatingIncome": 681000000,
    "operatingIncomeRatio": 0.2894177646,
    "totalOtherIncomeExpensesNet": -76000000,
    "incomeBeforeTax": 605000000,
    "incomeBeforeTaxRatio": 0.257118572,
    "incomeTaxExpense": 219000000,
    "netIncome": 386000000,
    "netIncomeRatio": 0.1640458989,
    "eps": 0.99,
    "epsdiluted": 0.97,
    "weightedAverageShsOut": 389000000,
    "weightedAverageShsOutDil": 397400000,
    "link": "https://www.sec.gov/Archives/edgar/data/702165/000070216507000202/0000702165-07-000202-index.htm",
    "finalLink": "https://www.sec.gov/Archives/edgar/data/702165/000070216507000202/nsc3q07s.htm"
  },
  {
    "date": "2007-06-30",
    "symbol": "NSC",
    "reportedCurrency": "USD",
    "cik": "0000702165",
    "fillingDate": "2007-07-27",
    "acceptedDate": "2007-07-27 11:00:14",
    "calendarYear": "2007",
    "period": "Q2",
    "revenue": 2378000000,
    "costOfRevenue": 791000000,
    "grossProfit": 1587000000,
    "grossProfitRatio": 0.6673675357,
    "researchAndDevelopmentExpenses": 0,
    "generalAndAdministrativeExpenses": 721000000,
    "sellingAndMarketingExpenses": 0,
    "sellingGeneralAndAdministrativeExpenses": 721000000,
    "otherExpenses": 268000000,
    "operatingExpenses": 989000000,
    "costAndExpenses": 1780000000,
    "interestIncome": 0,
    "interestExpense": 111000000,
    "depreciationAndAmortization": 196000000,
    "ebitda": 907000000,
    "ebitdaratio": 0.3814129521,
    "operatingIncome": 690000000,
    "operatingIncomeRatio": 0.2901597981,
    "totalOtherIncomeExpensesNet": -90000000,
    "incomeBeforeTax": 600000000,
    "incomeBeforeTaxRatio": 0.252312868,
    "incomeTaxExpense": 206000000,
    "netIncome": 394000000,
    "netIncomeRatio": 0.16568545,
    "eps": 1,
    "epsdiluted": 0.98,
    "weightedAverageShsOut": 393700000,
    "weightedAverageShsOutDil": 402040816,
    "link": "https://www.sec.gov/Archives/edgar/data/702165/000070216507000172/0000702165-07-000172-index.htm",
    "finalLink": "https://www.sec.gov/Archives/edgar/data/702165/000070216507000172/nsc2q07s.htm"
  },
  {
    "date": "2007-03-31",
    "symbol": "NSC",
    "reportedCurrency": "USD",
    "cik": "0000702165",
    "fillingDate": "2007-04-27",
    "acceptedDate": "2007-04-27 08:23:58",
    "calendarYear": "2007",
    "period": "Q1",
    "revenue": 2247000000,
    "costOfRevenue": 768000000,
    "grossProfit": 1479000000,
    "grossProfitRatio": 0.6582109479,
    "researchAndDevelopmentExpenses": 0,
    "generalAndAdministrativeExpenses": 785000000,
    "sellingAndMarketingExpenses": 0,
    "sellingGeneralAndAdministrativeExpenses": 785000000,
    "otherExpenses": 270000000,
    "operatingExpenses": 1055000000,
    "costAndExpenses": 1823000000,
    "interestIncome": 0,
    "interestExpense": 115000000,
    "depreciationAndAmortization": 194000000,
    "ebitda": 528000000,
    "ebitdaratio": 0.2349799733,
    "operatingIncome": 528000000,
    "operatingIncomeRatio": 0.2349799733,
    "totalOtherIncomeExpensesNet": -108000000,
    "incomeBeforeTax": 420000000,
    "incomeBeforeTaxRatio": 0.1869158879,
    "incomeTaxExpense": 135000000,
    "netIncome": 285000000,
    "netIncomeRatio": 0.126835781,
    "eps": 0.72,
    "epsdiluted": 0.71,
    "weightedAverageShsOut": 395833333,
    "weightedAverageShsOutDil": 401408451,
    "link": "https://www.sec.gov/Archives/edgar/data/702165/000070216507000110/0000702165-07-000110-index.htm",
    "finalLink": "https://www.sec.gov/Archives/edgar/data/702165/000070216507000110/nsc1q07s.htm"
  },
  {
    "date": "2006-12-31",
    "symbol": "NSC",
    "reportedCurrency": "USD",
    "cik": "0000702165",
    "fillingDate": "2007-02-22",
    "acceptedDate": "2007-02-22 16:56:42",
    "calendarYear": "2006",
    "period": "Q4",
    "revenue": 2319000000,
    "costOfRevenue": 828000000,
    "grossProfit": 1491000000,
    "grossProfitRatio": 0.6429495472,
    "researchAndDevelopmentExpenses": 0,
    "generalAndAdministrativeExpenses": 792000000,
    "sellingAndMarketingExpenses": 0,
    "sellingGeneralAndAdministrativeExpenses": 792000000,
    "otherExpenses": 255000000,
    "operatingExpenses": 1047000000,
    "costAndExpenses": 1875000000,
    "interestIncome": 0,
    "interestExpense": 0,
    "depreciationAndAmortization": 190000000,
    "ebitda": 634000000,
    "ebitdaratio": 0.2733937042,
    "operatingIncome": 614000000,
    "operatingIncomeRatio": 0.2647692971,
    "totalOtherIncomeExpensesNet": -75000000,
    "incomeBeforeTax": 539000000,
    "incomeBeforeTaxRatio": 0.2324277706,
    "incomeTaxExpense": 154000000,
    "netIncome": 385000000,
    "netIncomeRatio": 0.1660198361,
    "eps": 0.97,
    "epsdiluted": 0.97,
    "weightedAverageShsOut": 395833333,
    "weightedAverageShsOutDil": 395833333,
    "link": "https://www.sec.gov/Archives/edgar/data/702165/000070216507000067/0000702165-07-000067-index.htm",
    "finalLink": "https://www.sec.gov/Archives/edgar/data/702165/000070216507000067/nsc10k06s.htm"
  },
  {
    "date": "2006-09-30",
    "symbol": "NSC",
    "reportedCurrency": "USD",
    "cik": "0000702165",
    "fillingDate": "2006-10-31",
    "acceptedDate": "2006-10-31 12:20:01",
    "calendarYear": "2006",
    "period": "Q3",
    "revenue": 2393000000,
    "costOfRevenue": 839000000,
    "grossProfit": 1554000000,
    "grossProfitRatio": 0.649394066,
    "researchAndDevelopmentExpenses": 0,
    "generalAndAdministrativeExpenses": 754000000,
    "sellingAndMarketingExpenses": 0,
    "sellingGeneralAndAdministrativeExpenses": 754000000,
    "otherExpenses": 245000000,
    "operatingExpenses": 999000000,
    "costAndExpenses": 1838000000,
    "interestIncome": 0,
    "interestExpense": 120000000,
    "depreciationAndAmortization": 188000000,
    "ebitda": 715000000,
    "ebitdaratio": 0.2987881321,
    "operatingIncome": 715000000,
    "operatingIncomeRatio": 0.2987881321,
    "totalOtherIncomeExpensesNet": -79000000,
    "incomeBeforeTax": 636000000,
    "incomeBeforeTaxRatio": 0.2657751776,
    "incomeTaxExpense": 220000000,
    "netIncome": 416000000,
    "netIncomeRatio": 0.1738403677,
    "eps": 1.04,
    "epsdiluted": 1.02,
    "weightedAverageShsOut": 400000000,
    "weightedAverageShsOutDil": 407843137,
    "link": "https://www.sec.gov/Archives/edgar/data/702165/000070216506000246/0000702165-06-000246-index.htm",
    "finalLink": "https://www.sec.gov/Archives/edgar/data/702165/000070216506000246/nsc3q06s.htm"
  },
  {
    "date": "2006-06-30",
    "symbol": "NSC",
    "reportedCurrency": "USD",
    "cik": "0000702165",
    "fillingDate": "2006-07-28",
    "acceptedDate": "2006-07-28 14:14:14",
    "calendarYear": "2006",
    "period": "Q2",
    "revenue": 2392000000,
    "costOfRevenue": 858000000,
    "grossProfit": 1534000000,
    "grossProfitRatio": 0.6413043478,
    "researchAndDevelopmentExpenses": 0,
    "generalAndAdministrativeExpenses": 798000000,
    "sellingAndMarketingExpenses": 0,
    "sellingGeneralAndAdministrativeExpenses": 798000000,
    "otherExpenses": 251000000,
    "operatingExpenses": 1049000000,
    "costAndExpenses": 1907000000,
    "interestIncome": 0,
    "interestExpense": 121000000,
    "depreciationAndAmortization": 187000000,
    "ebitda": 677000000,
    "ebitdaratio": 0.2830267559,
    "operatingIncome": 677000000,
    "operatingIncomeRatio": 0.2830267559,
    "totalOtherIncomeExpensesNet": -88000000,
    "incomeBeforeTax": 589000000,
    "incomeBeforeTaxRatio": 0.2462374582,
    "incomeTaxExpense": 214000000,
    "netIncome": 375000000,
    "netIncomeRatio": 0.1567725753,
    "eps": 0.91,
    "epsdiluted": 0.89,
    "weightedAverageShsOut": 412087912,
    "weightedAverageShsOutDil": 421348315,
    "link": "https://www.sec.gov/Archives/edgar/data/702165/000070216506000192/0000702165-06-000192-index.htm",
    "finalLink": "https://www.sec.gov/Archives/edgar/data/702165/000070216506000192/nsc2q06s.htm"
  },
  {
    "date": "2006-03-31",
    "symbol": "NSC",
    "reportedCurrency": "USD",
    "cik": "0000702165",
    "fillingDate": "2006-04-28",
    "acceptedDate": "2006-04-28 16:04:09",
    "calendarYear": "2006",
    "period": "Q1",
    "revenue": 2303000000,
    "costOfRevenue": 819000000,
    "grossProfit": 1484000000,
    "grossProfitRatio": 0.6443768997,
    "researchAndDevelopmentExpenses": 0,
    "generalAndAdministrativeExpenses": 859000000,
    "sellingAndMarketingExpenses": 0,
    "sellingGeneralAndAdministrativeExpenses": 859000000,
    "otherExpenses": 244000000,
    "operatingExpenses": 1103000000,
    "costAndExpenses": 1922000000,
    "interestIncome": 0,
    "interestExpense": 120000000,
    "depreciationAndAmortization": 185000000,
    "ebitda": 551000000,
    "ebitdaratio": 0.2392531481,
    "operatingIncome": 551000000,
    "operatingIncomeRatio": 0.2392531481,
    "totalOtherIncomeExpensesNet": -85000000,
    "incomeBeforeTax": 466000000,
    "incomeBeforeTaxRatio": 0.2023447677,
    "incomeTaxExpense": 161000000,
    "netIncome": 305000000,
    "netIncomeRatio": 0.1324359531,
    "eps": 0.74,
    "epsdiluted": 0.72,
    "weightedAverageShsOut": 412162162,
    "weightedAverageShsOutDil": 423611111,
    "link": "https://www.sec.gov/Archives/edgar/data/702165/000070216506000153/0000702165-06-000153-index.htm",
    "finalLink": "https://www.sec.gov/Archives/edgar/data/702165/000070216506000153/nsc1q06s.htm"
  },
  {
    "date": "2005-12-31",
    "symbol": "NSC",
    "reportedCurrency": "USD",
    "cik": "0000702165",
    "fillingDate": "2006-02-23",
    "acceptedDate": "2006-02-23 17:28:12",
    "calendarYear": "2005",
    "period": "Q4",
    "revenue": 2257000000,
    "costOfRevenue": 802000000,
    "grossProfit": 1455000000,
    "grossProfitRatio": 0.6446610545,
    "researchAndDevelopmentExpenses": 0,
    "generalAndAdministrativeExpenses": 762000000,
    "sellingAndMarketingExpenses": 0,
    "sellingGeneralAndAdministrativeExpenses": 762000000,
    "otherExpenses": 257000000,
    "operatingExpenses": 1019000000,
    "costAndExpenses": 1821000000,
    "interestIncome": 0,
    "interestExpense": 494000000,
    "depreciationAndAmortization": 196000000,
    "ebitda": 632000000,
    "ebitdaratio": 0.2800177226,
    "operatingIncome": 594000000,
    "operatingIncomeRatio": 0.263181214,
    "totalOtherIncomeExpensesNet": -90000000,
    "incomeBeforeTax": 504000000,
    "incomeBeforeTaxRatio": 0.2233052725,
    "incomeTaxExpense": 142000000,
    "netIncome": 362000000,
    "netIncomeRatio": 0.1603898981,
    "eps": 0.88,
    "epsdiluted": 0.88,
    "weightedAverageShsOut": 407193259,
    "weightedAverageShsOutDil": 412162162,
    "link": "https://www.sec.gov/Archives/edgar/data/702165/000070216506000097/0000702165-06-000097-index.htm",
    "finalLink": "https://www.sec.gov/Archives/edgar/data/702165/000070216506000097/nsc10k052.htm"
  },
  {
    "date": "2005-09-30",
    "symbol": "NSC",
    "reportedCurrency": "USD",
    "cik": "0000702165",
    "fillingDate": "2005-10-28",
    "acceptedDate": "2005-10-28 11:56:40",
    "calendarYear": "2005",
    "period": "Q3",
    "revenue": 2155000000,
    "costOfRevenue": 772000000,
    "grossProfit": 1383000000,
    "grossProfitRatio": 0.6417633411,
    "researchAndDevelopmentExpenses": 0,
    "generalAndAdministrativeExpenses": 778000000,
    "sellingAndMarketingExpenses": 0,
    "sellingGeneralAndAdministrativeExpenses": 778000000,
    "otherExpenses": 257000000,
    "operatingExpenses": 1035000000,
    "costAndExpenses": 1807000000,
    "interestIncome": 0,
    "interestExpense": 0,
    "depreciationAndAmortization": 198000000,
    "ebitda": 528000000,
    "ebitdaratio": 0.2450116009,
    "operatingIncome": 528000000,
    "operatingIncomeRatio": 0.2450116009,
    "totalOtherIncomeExpensesNet": -87000000,
    "incomeBeforeTax": 441000000,
    "incomeBeforeTaxRatio": 0.2046403712,
    "incomeTaxExpense": 140000000,
    "netIncome": 301000000,
    "netIncomeRatio": 0.139675174,
    "eps": 0.74,
    "epsdiluted": 0.73,
    "weightedAverageShsOut": 406756757,
    "weightedAverageShsOutDil": 412328767,
    "link": "https://www.sec.gov/Archives/edgar/data/702165/000070216505000208/0000702165-05-000208-index.htm",
    "finalLink": "https://www.sec.gov/Archives/edgar/data/702165/000070216505000208/nsc3q05s.htm"
  },
  {
    "date": "2005-06-30",
    "symbol": "NSC",
    "reportedCurrency": "USD",
    "cik": "0000702165",
    "fillingDate": "2005-08-01",
    "acceptedDate": "2005-08-01 16:06:07",
    "calendarYear": "2005",
    "period": "Q2",
    "revenue": 2154000000,
    "costOfRevenue": 710000000,
    "grossProfit": 1444000000,
    "grossProfitRatio": 0.6703806871,
    "researchAndDevelopmentExpenses": 0,
    "generalAndAdministrativeExpenses": 735000000,
    "sellingAndMarketingExpenses": 0,
    "sellingGeneralAndAdministrativeExpenses": 735000000,
    "otherExpenses": 259000000,
    "operatingExpenses": 994000000,
    "costAndExpenses": 1704000000,
    "interestIncome": 0,
    "interestExpense": 0,
    "depreciationAndAmortization": 196000000,
    "ebitda": 646000000,
    "ebitdaratio": 0.2999071495,
    "operatingIncome": 592000000,
    "operatingIncomeRatio": 0.2748375116,
    "totalOtherIncomeExpensesNet": -117000000,
    "incomeBeforeTax": 475000000,
    "incomeBeforeTaxRatio": 0.2205199629,
    "incomeTaxExpense": 51000000,
    "netIncome": 424000000,
    "netIncomeRatio": 0.1968430826,
    "eps": 1.05,
    "epsdiluted": 1.04,
    "weightedAverageShsOut": 403809524,
    "weightedAverageShsOutDil": 407692308,
    "link": "https://www.sec.gov/Archives/edgar/data/702165/000070216505000162/0000702165-05-000162-index.htm",
    "finalLink": "https://www.sec.gov/Archives/edgar/data/702165/000070216505000162/nsc2q05fs.htm"
  },
  {
    "date": "2005-03-31",
    "symbol": "NSC",
    "reportedCurrency": "USD",
    "cik": "0000702165",
    "fillingDate": "2005-04-29",
    "acceptedDate": "2005-04-29 17:30:12",
    "calendarYear": "2005",
    "period": "Q1",
    "revenue": 1961000000,
    "costOfRevenue": 734000000,
    "grossProfit": 1227000000,
    "grossProfitRatio": 0.6257011729,
    "researchAndDevelopmentExpenses": 0,
    "generalAndAdministrativeExpenses": 795000000,
    "sellingAndMarketingExpenses": 0,
    "sellingGeneralAndAdministrativeExpenses": 795000000,
    "otherExpenses": 255000000,
    "operatingExpenses": 1050000000,
    "costAndExpenses": 1784000000,
    "interestIncome": 0,
    "interestExpense": 0,
    "depreciationAndAmortization": 197000000,
    "ebitda": 374000000,
    "ebitdaratio": 0.1907190209,
    "operatingIncome": 403000000,
    "operatingIncomeRatio": 0.2055073942,
    "totalOtherIncomeExpensesNet": -126000000,
    "incomeBeforeTax": 277000000,
    "incomeBeforeTaxRatio": 0.141254462,
    "incomeTaxExpense": 83000000,
    "netIncome": 194000000,
    "netIncomeRatio": 0.0989291178,
    "eps": 0.48,
    "epsdiluted": 0.47,
    "weightedAverageShsOut": 404166667,
    "weightedAverageShsOutDil": 412765957,
    "link": "https://www.sec.gov/Archives/edgar/data/702165/000070216505000114/0000702165-05-000114-index.htm",
    "finalLink": "https://www.sec.gov/Archives/edgar/data/702165/000070216505000114/nsc1q05s.htm"
  },
  {
    "date": "2004-12-31",
    "symbol": "NSC",
    "reportedCurrency": "USD",
    "cik": "0000702165",
    "fillingDate": "2005-03-02",
    "acceptedDate": "2005-03-02 14:29:02",
    "calendarYear": "2004",
    "period": "Q4",
    "revenue": 1949000000,
    "costOfRevenue": 690000000,
    "grossProfit": 1259000000,
    "grossProfitRatio": 0.6459722935,
    "researchAndDevelopmentExpenses": 0,
    "generalAndAdministrativeExpenses": 713000000,
    "sellingAndMarketingExpenses": 0,
    "sellingGeneralAndAdministrativeExpenses": 713000000,
    "otherExpenses": 295000000,
    "operatingExpenses": 1008000000,
    "costAndExpenses": 1698000000,
    "interestIncome": 0,
    "interestExpense": 0,
    "depreciationAndAmortization": 192000000,
    "ebitda": 443000000,
    "ebitdaratio": 0.2272960493,
    "operatingIncome": 462000000,
    "operatingIncomeRatio": 0.2370446383,
    "totalOtherIncomeExpensesNet": -87000000,
    "incomeBeforeTax": 375000000,
    "incomeBeforeTaxRatio": 0.1924063622,
    "incomeTaxExpense": 111000000,
    "netIncome": 264000000,
    "netIncomeRatio": 0.135454079,
    "eps": 0.65,
    "epsdiluted": 0.65,
    "weightedAverageShsOut": 400992063,
    "weightedAverageShsOutDil": 404166667,
    "link": "https://www.sec.gov/Archives/edgar/data/702165/000070216505000071/0000702165-05-000071-index.htm",
    "finalLink": "https://www.sec.gov/Archives/edgar/data/702165/000070216505000071/nsc04s.htm"
  },
  {
    "date": "2004-09-30",
    "symbol": "NSC",
    "reportedCurrency": "USD",
    "cik": "0000702165",
    "fillingDate": "2004-10-28",
    "acceptedDate": "2004-10-28 17:10:12",
    "calendarYear": "2004",
    "period": "Q3",
    "revenue": 1857000000,
    "costOfRevenue": 698000000,
    "grossProfit": 1159000000,
    "grossProfitRatio": 0.6241249327,
    "researchAndDevelopmentExpenses": 0,
    "generalAndAdministrativeExpenses": 711000000,
    "sellingAndMarketingExpenses": 0,
    "sellingGeneralAndAdministrativeExpenses": 711000000,
    "otherExpenses": 199000000,
    "operatingExpenses": 910000000,
    "costAndExpenses": 1608000000,
    "interestIncome": 0,
    "interestExpense": 0,
    "depreciationAndAmortization": 152000000,
    "ebitda": 401000000,
    "ebitdaratio": 0.2159396877,
    "operatingIncome": 469000000,
    "operatingIncomeRatio": 0.2525578891,
    "totalOtherIncomeExpensesNet": -81000000,
    "incomeBeforeTax": 388000000,
    "incomeBeforeTaxRatio": 0.2089391492,
    "incomeTaxExpense": 100000000,
    "netIncome": 288000000,
    "netIncomeRatio": 0.155088853,
    "eps": 0.73,
    "epsdiluted": 0.72,
    "weightedAverageShsOut": 394520548,
    "weightedAverageShsOutDil": 400000000,
    "link": "https://www.sec.gov/Archives/edgar/data/702165/000070216504000240/0000702165-04-000240-index.htm",
    "finalLink": "https://www.sec.gov/Archives/edgar/data/702165/000070216504000240/nscorp3q10qs.htm"
  },
  {
    "date": "2004-06-30",
    "symbol": "NSC",
    "reportedCurrency": "USD",
    "cik": "0000702165",
    "fillingDate": "2004-07-30",
    "acceptedDate": "2004-07-30 14:13:30",
    "calendarYear": "2004",
    "period": "Q2",
    "revenue": 1813000000,
    "costOfRevenue": 794000000,
    "grossProfit": 1019000000,
    "grossProfitRatio": 0.5620518478,
    "researchAndDevelopmentExpenses": 0,
    "generalAndAdministrativeExpenses": 742000000,
    "sellingAndMarketingExpenses": 0,
    "sellingGeneralAndAdministrativeExpenses": 742000000,
    "otherExpenses": 785000000,
    "operatingExpenses": 1527000000,
    "costAndExpenses": 2321000000,
    "interestIncome": 0,
    "interestExpense": 0,
    "depreciationAndAmortization": 133000000,
    "ebitda": 280000000,
    "ebitdaratio": 0.1544401544,
    "operatingIncome": 425000000,
    "operatingIncomeRatio": 0.2344180916,
    "totalOtherIncomeExpensesNet": -121000000,
    "incomeBeforeTax": 304000000,
    "incomeBeforeTaxRatio": 0.167677882,
    "incomeTaxExpense": 91000000,
    "netIncome": 213000000,
    "netIncomeRatio": 0.1174848318,
    "eps": 0.55,
    "epsdiluted": 0.54,
    "weightedAverageShsOut": 387272727,
    "weightedAverageShsOutDil": 394444444,
    "link": "https://www.sec.gov/Archives/edgar/data/702165/000070216504000154/0000702165-04-000154-index.htm",
    "finalLink": "https://www.sec.gov/Archives/edgar/data/702165/000070216504000154/nsc10q2qs.htm"
  },
  {
    "date": "2004-03-31",
    "symbol": "NSC",
    "reportedCurrency": "USD",
    "cik": "0000702165",
    "fillingDate": "2004-04-28",
    "acceptedDate": "2004-04-28 10:36:34",
    "calendarYear": "2004",
    "period": "Q1",
    "revenue": 1693000000,
    "costOfRevenue": 775000000,
    "grossProfit": 918000000,
    "grossProfitRatio": 0.542232723,
    "researchAndDevelopmentExpenses": 0,
    "generalAndAdministrativeExpenses": 727000000,
    "sellingAndMarketingExpenses": 0,
    "sellingGeneralAndAdministrativeExpenses": 727000000,
    "otherExpenses": 762000000,
    "operatingExpenses": 1489000000,
    "costAndExpenses": 2264000000,
    "interestIncome": 0,
    "interestExpense": 0,
    "depreciationAndAmortization": 132000000,
    "ebitda": 194000000,
    "ebitdaratio": 0.1145894861,
    "operatingIncome": 346000000,
    "operatingIncomeRatio": 0.2043709392,
    "totalOtherIncomeExpensesNet": -111000000,
    "incomeBeforeTax": 235000000,
    "incomeBeforeTaxRatio": 0.1388068517,
    "incomeTaxExpense": 77000000,
    "netIncome": 158000000,
    "netIncomeRatio": 0.0933254578,
    "eps": 0.4,
    "epsdiluted": 0.4,
    "weightedAverageShsOut": 395000000,
    "weightedAverageShsOutDil": 395000000,
    "link": "https://www.sec.gov/Archives/edgar/data/702165/000070216504000091/0000702165-04-000091-index.htm",
    "finalLink": "https://www.sec.gov/Archives/edgar/data/702165/000070216504000091/nsc10qhtms.htm"
  },
  {
    "date": "2003-12-31",
    "symbol": "NSC",
    "reportedCurrency": "USD",
    "cik": "0000702165",
    "fillingDate": "2004-02-13",
    "acceptedDate": "2004-02-13 13:47:55",
    "calendarYear": "2003",
    "period": "Q4",
    "revenue": 1676000000,
    "costOfRevenue": 536000000,
    "grossProfit": 1140000000,
    "grossProfitRatio": 0.6801909308,
    "researchAndDevelopmentExpenses": 0,
    "generalAndAdministrativeExpenses": 866000000,
    "sellingAndMarketingExpenses": 0,
    "sellingGeneralAndAdministrativeExpenses": 866000000,
    "otherExpenses": -1580000000,
    "operatingExpenses": -714000000,
    "costAndExpenses": -178000000,
    "interestIncome": 0,
    "interestExpense": 0,
    "depreciationAndAmortization": 133000000,
    "ebitda": 1987000000,
    "ebitdaratio": 1.1855608592,
    "operatingIncome": 224000000,
    "operatingIncomeRatio": 0.1336515513,
    "totalOtherIncomeExpensesNet": -162000000,
    "incomeBeforeTax": 62000000,
    "incomeBeforeTaxRatio": 0.0369928401,
    "incomeTaxExpense": 10000000,
    "netIncome": 52000000,
    "netIncomeRatio": 0.031026253,
    "eps": 0.13,
    "epsdiluted": 0.13,
    "weightedAverageShsOut": 393495409,
    "weightedAverageShsOutDil": 395000000,
    "link": "https://www.sec.gov/Archives/edgar/data/702165/000070216504000053/0000702165-04-000053-index.htm",
    "finalLink": "https://www.sec.gov/Archives/edgar/data/702165/000070216504000053/nscf10ks.htm"
  },
  {
    "date": "2003-09-30",
    "symbol": "NSC",
    "reportedCurrency": "USD",
    "cik": "0000702165",
    "fillingDate": "2003-10-31",
    "acceptedDate": "2003-10-30 18:17:08",
    "calendarYear": "2003",
    "period": "Q3",
    "revenue": 1598000000,
    "costOfRevenue": 733000000,
    "grossProfit": 865000000,
    "grossProfitRatio": 0.541301627,
    "researchAndDevelopmentExpenses": 0,
    "generalAndAdministrativeExpenses": 724000000,
    "sellingAndMarketingExpenses": 0,
    "sellingGeneralAndAdministrativeExpenses": 724000000,
    "otherExpenses": 712000000,
    "operatingExpenses": 1436000000,
    "costAndExpenses": 2169000000,
    "interestIncome": 0,
    "interestExpense": 0,
    "depreciationAndAmortization": 132000000,
    "ebitda": 311000000,
    "ebitdaratio": 0.1946182728,
    "operatingIncome": 311000000,
    "operatingIncomeRatio": 0.1946182728,
    "totalOtherIncomeExpensesNet": -111000000,
    "incomeBeforeTax": 200000000,
    "incomeBeforeTaxRatio": 0.1251564456,
    "incomeTaxExpense": 63000000,
    "netIncome": 137000000,
    "netIncomeRatio": 0.0857321652,
    "eps": 0.35,
    "epsdiluted": 0.35,
    "weightedAverageShsOut": 391428571,
    "weightedAverageShsOutDil": 391428571,
    "link": "https://www.sec.gov/Archives/edgar/data/702165/000070216503000313/0000702165-03-000313-index.htm",
    "finalLink": "https://www.sec.gov/Archives/edgar/data/702165/000070216503000313/nsc3q.htm"
  },
  {
    "date": "2003-06-30",
    "symbol": "NSC",
    "reportedCurrency": "USD",
    "cik": "0000702165",
    "fillingDate": "2003-07-30",
    "acceptedDate": "2003-07-30 11:11:44",
    "calendarYear": "2003",
    "period": "Q2",
    "revenue": 1633000000,
    "costOfRevenue": 773000000,
    "grossProfit": 860000000,
    "grossProfitRatio": 0.5266380894,
    "researchAndDevelopmentExpenses": 0,
    "generalAndAdministrativeExpenses": 731000000,
    "sellingAndMarketingExpenses": 0,
    "sellingGeneralAndAdministrativeExpenses": 731000000,
    "otherExpenses": 753000000,
    "operatingExpenses": 1484000000,
    "costAndExpenses": 2257000000,
    "interestIncome": 0,
    "interestExpense": 0,
    "depreciationAndAmortization": 132000000,
    "ebitda": 298000000,
    "ebitdaratio": 0.1824862217,
    "operatingIncome": 298000000,
    "operatingIncomeRatio": 0.1824862217,
    "totalOtherIncomeExpensesNet": -99000000,
    "incomeBeforeTax": 199000000,
    "incomeBeforeTaxRatio": 0.1218616044,
    "incomeTaxExpense": 62000000,
    "netIncome": 137000000,
    "netIncomeRatio": 0.0838946724,
    "eps": 0.35,
    "epsdiluted": 0.35,
    "weightedAverageShsOut": 391428571,
    "weightedAverageShsOutDil": 391428571,
    "link": "https://www.sec.gov/Archives/edgar/data/702165/000070216503000243/0000702165-03-000243-index.htm",
    "finalLink": "https://www.sec.gov/Archives/edgar/data/702165/000070216503000243/nsc10q2qa.htm"
  },
  {
    "date": "2003-03-31",
    "symbol": "NSC",
    "reportedCurrency": "USD",
    "cik": "0000702165",
    "fillingDate": "2003-04-30",
    "acceptedDate": "2003-04-30 13:46:53",
    "calendarYear": "2003",
    "period": "Q1",
    "revenue": 1561000000,
    "costOfRevenue": 784000000,
    "grossProfit": 777000000,
    "grossProfitRatio": 0.4977578475,
    "researchAndDevelopmentExpenses": 0,
    "generalAndAdministrativeExpenses": 735000000,
    "sellingAndMarketingExpenses": 0,
    "sellingGeneralAndAdministrativeExpenses": 735000000,
    "otherExpenses": 753000000,
    "operatingExpenses": 1488000000,
    "costAndExpenses": 2272000000,
    "interestIncome": 0,
    "interestExpense": 0,
    "depreciationAndAmortization": 131000000,
    "ebitda": 231000000,
    "ebitdaratio": 0.1479820628,
    "operatingIncome": 231000000,
    "operatingIncomeRatio": 0.1479820628,
    "totalOtherIncomeExpensesNet": -106000000,
    "incomeBeforeTax": 125000000,
    "incomeBeforeTaxRatio": 0.0800768738,
    "incomeTaxExpense": 40000000,
    "netIncome": 209000000,
    "netIncomeRatio": 0.133888533,
    "eps": 0.54,
    "epsdiluted": 0.54,
    "weightedAverageShsOut": 387037037,
    "weightedAverageShsOutDil": 387037037,
    "link": "https://www.sec.gov/Archives/edgar/data/702165/000070216503000161/0000702165-03-000161-index.htm",
    "finalLink": "https://www.sec.gov/Archives/edgar/data/702165/000070216503000161/nsc1q10qs.htm"
  },
  {
    "date": "2002-12-31",
    "symbol": "NSC",
    "reportedCurrency": "USD",
    "cik": "0000702165",
    "fillingDate": "2003-02-24",
    "acceptedDate": "2003-02-21 21:07:43",
    "calendarYear": "2002",
    "period": "Q4",
    "revenue": 1581000000,
    "costOfRevenue": 141000000,
    "grossProfit": 1440000000,
    "grossProfitRatio": 0.9108159393,
    "researchAndDevelopmentExpenses": 0,
    "generalAndAdministrativeExpenses": 281000000,
    "sellingAndMarketingExpenses": 0,
    "sellingGeneralAndAdministrativeExpenses": 281000000,
    "otherExpenses": -1473000000,
    "operatingExpenses": -1192000000,
    "costAndExpenses": -1051000000,
    "interestIncome": 0,
    "interestExpense": 0,
    "depreciationAndAmortization": 134000000,
    "ebitda": 2766000000,
    "ebitdaratio": 1.7495256167,
    "operatingIncome": 288000000,
    "operatingIncomeRatio": 0.1821631879,
    "totalOtherIncomeExpensesNet": -102000000,
    "incomeBeforeTax": 186000000,
    "incomeBeforeTaxRatio": 0.1176470588,
    "incomeTaxExpense": 57000000,
    "netIncome": 129000000,
    "netIncomeRatio": 0.0815939279,
    "eps": 0.33,
    "epsdiluted": 0.33,
    "weightedAverageShsOut": 387037037,
    "weightedAverageShsOutDil": 387037037,
    "link": "https://www.sec.gov/Archives/edgar/data/702165/000070216503000077/0000702165-03-000077-index.htm",
    "finalLink": "https://www.sec.gov/Archives/edgar/data/702165/000070216503000077/nsc10k02.htm"
  },
  {
    "date": "2002-09-30",
    "symbol": "NSC",
    "reportedCurrency": "USD",
    "cik": "0000702165",
    "fillingDate": "2002-11-05",
    "acceptedDate": "2002-11-05 16:47:28",
    "calendarYear": "2002",
    "period": "Q3",
    "revenue": 1598000000,
    "costOfRevenue": 769000000,
    "grossProfit": 829000000,
    "grossProfitRatio": 0.5187734668,
    "researchAndDevelopmentExpenses": 0,
    "generalAndAdministrativeExpenses": 703000000,
    "sellingAndMarketingExpenses": 0,
    "sellingGeneralAndAdministrativeExpenses": 703000000,
    "otherExpenses": 741000000,
    "operatingExpenses": 1444000000,
    "costAndExpenses": 2213000000,
    "interestIncome": 0,
    "interestExpense": 0,
    "depreciationAndAmortization": 133000000,
    "ebitda": 311000000,
    "ebitdaratio": 0.1946182728,
    "operatingIncome": 311000000,
    "operatingIncomeRatio": 0.1946182728,
    "totalOtherIncomeExpensesNet": -122000000,
    "incomeBeforeTax": 189000000,
    "incomeBeforeTaxRatio": 0.1182728411,
    "incomeTaxExpense": 63000000,
    "netIncome": 126000000,
    "netIncomeRatio": 0.0788485607,
    "eps": 0.32,
    "epsdiluted": 0.32,
    "weightedAverageShsOut": 393750000,
    "weightedAverageShsOutDil": 393750000,
    "link": "https://www.sec.gov/Archives/edgar/data/702165/000070216502000064/0000702165-02-000064-index.htm",
    "finalLink": "https://www.sec.gov/Archives/edgar/data/702165/000070216502000064/nsc10q3q.htm"
  },
  {
    "date": "2002-06-30",
    "symbol": "NSC",
    "reportedCurrency": "USD",
    "cik": "0000702165",
    "fillingDate": "2002-08-08",
    "acceptedDate": "2002-08-08 15:39:54",
    "calendarYear": "2002",
    "period": "Q2",
    "revenue": 1593000000,
    "costOfRevenue": 748000000,
    "grossProfit": 845000000,
    "grossProfitRatio": 0.5304456999,
    "researchAndDevelopmentExpenses": 0,
    "generalAndAdministrativeExpenses": 674000000,
    "sellingAndMarketingExpenses": 0,
    "sellingGeneralAndAdministrativeExpenses": 674000000,
    "otherExpenses": 737000000,
    "operatingExpenses": 1411000000,
    "costAndExpenses": 2159000000,
    "interestIncome": 0,
    "interestExpense": 0,
    "depreciationAndAmortization": 131000000,
    "ebitda": -177000000,
    "ebitdaratio": -0.1111111111,
    "operatingIncome": 322000000,
    "operatingIncomeRatio": 0.2021343377,
    "totalOtherIncomeExpensesNet": -128000000,
    "incomeBeforeTax": 194000000,
    "incomeBeforeTaxRatio": 0.1217827997,
    "incomeTaxExpense": 75000000,
    "netIncome": 119000000,
    "netIncomeRatio": 0.0747018205,
    "eps": 0.31,
    "epsdiluted": 0.31,
    "weightedAverageShsOut": 383870968,
    "weightedAverageShsOutDil": 383870968,
    "link": "https://www.sec.gov/Archives/edgar/data/702165/000070216502000044/0000702165-02-000044-index.htm",
    "finalLink": "https://www.sec.gov/Archives/edgar/data/702165/000070216502000044/nsc2q02.txt"
  },
  {
    "date": "2002-03-31",
    "symbol": "NSC",
    "reportedCurrency": "USD",
    "cik": "0000702165",
    "fillingDate": "2002-04-24",
    "acceptedDate": "2002-04-24 00:00:00",
    "calendarYear": "2002",
    "period": "Q1",
    "revenue": 1498000000,
    "costOfRevenue": 724000000,
    "grossProfit": 774000000,
    "grossProfitRatio": 0.5166889186,
    "researchAndDevelopmentExpenses": 0,
    "generalAndAdministrativeExpenses": 706000000,
    "sellingAndMarketingExpenses": 0,
    "sellingGeneralAndAdministrativeExpenses": 706000000,
    "otherExpenses": 703000000,
    "operatingExpenses": 1409000000,
    "costAndExpenses": 2133000000,
    "interestIncome": 0,
    "interestExpense": 0,
    "depreciationAndAmortization": 131000000,
    "ebitda": 25000000,
    "ebitdaratio": 0.0166889186,
    "operatingIncome": 237000000,
    "operatingIncomeRatio": 0.1582109479,
    "totalOtherIncomeExpensesNet": -100000000,
    "incomeBeforeTax": 137000000,
    "incomeBeforeTaxRatio": 0.0914552737,
    "incomeTaxExpense": 51000000,
    "netIncome": 86000000,
    "netIncomeRatio": 0.0574098798,
    "eps": 0.22,
    "epsdiluted": 0.22,
    "weightedAverageShsOut": 387200000,
    "weightedAverageShsOutDil": 389700000,
    "link": "https://www.sec.gov/Archives/edgar/data/702165/000070216502000021/0000702165-02-000021-index.htm",
    "finalLink": "https://www.sec.gov/Archives/edgar/data/702165/000070216502000021/corp1q02.txt"
  },
  {
    "date": "2001-12-31",
    "symbol": "NSC",
    "reportedCurrency": "USD",
    "cik": "0000702165",
    "fillingDate": "2002-02-21",
    "acceptedDate": "2002-02-21 00:00:00",
    "calendarYear": "2001",
    "period": "Q4",
    "revenue": 1530000000,
    "costOfRevenue": 71000000,
    "grossProfit": 1459000000,
    "grossProfitRatio": 0.9535947712,
    "researchAndDevelopmentExpenses": 0,
    "generalAndAdministrativeExpenses": 259000000,
    "sellingAndMarketingExpenses": 0,
    "sellingGeneralAndAdministrativeExpenses": 259000000,
    "otherExpenses": -1571000000,
    "operatingExpenses": -1312000000,
    "costAndExpenses": -1241000000,
    "interestIncome": 0,
    "interestExpense": 0,
    "depreciationAndAmortization": 132000000,
    "ebitda": 2903000000,
    "ebitdaratio": 1.8973856209,
    "operatingIncome": 275000000,
    "operatingIncomeRatio": 0.1797385621,
    "totalOtherIncomeExpensesNet": -104000000,
    "incomeBeforeTax": 171000000,
    "incomeBeforeTaxRatio": 0.1117647059,
    "incomeTaxExpense": 56000000,
    "netIncome": 115000000,
    "netIncomeRatio": 0.0751633987,
    "eps": 0.29,
    "epsdiluted": 0.29,
    "weightedAverageShsOut": 382212648,
    "weightedAverageShsOutDil": 390909091,
    "link": "https://www.sec.gov/Archives/edgar/data/702165/000070216502000012/0000702165-02-000012-index.htm",
    "finalLink": "https://www.sec.gov/Archives/edgar/data/702165/000070216502000012/corp10k01.txt"
  },
  {
    "date": "2001-09-30",
    "symbol": "NSC",
    "reportedCurrency": "USD",
    "cik": "0000702165",
    "fillingDate": "2001-11-09",
    "acceptedDate": "2001-11-09 00:00:00",
    "calendarYear": "2001",
    "period": "Q3",
    "revenue": 1508000000,
    "costOfRevenue": 769000000,
    "grossProfit": 739000000,
    "grossProfitRatio": 0.4900530504,
    "researchAndDevelopmentExpenses": 0,
    "generalAndAdministrativeExpenses": 655000000,
    "sellingAndMarketingExpenses": 0,
    "sellingGeneralAndAdministrativeExpenses": 655000000,
    "otherExpenses": 753000000,
    "operatingExpenses": 1408000000,
    "costAndExpenses": 2177000000,
    "interestIncome": 0,
    "interestExpense": 0,
    "depreciationAndAmortization": 133000000,
    "ebitda": -536000000,
    "ebitdaratio": -0.3554376658,
    "operatingIncome": 245000000,
    "operatingIncomeRatio": 0.1624668435,
    "totalOtherIncomeExpensesNet": -121000000,
    "incomeBeforeTax": 124000000,
    "incomeBeforeTaxRatio": 0.0822281167,
    "incomeTaxExpense": 45000000,
    "netIncome": 79000000,
    "netIncomeRatio": 0.0523872679,
    "eps": 0.2,
    "epsdiluted": 0.2,
    "weightedAverageShsOut": 395000000,
    "weightedAverageShsOutDil": 395000000,
    "link": "https://www.sec.gov/Archives/edgar/data/702165/000070216501500054/0000702165-01-500054-index.htm",
    "finalLink": "https://www.sec.gov/Archives/edgar/data/702165/000070216501500054/septcorp.txt"
  },
  {
    "date": "2001-06-30",
    "symbol": "NSC",
    "reportedCurrency": "USD",
    "cik": "0000702165",
    "fillingDate": "2001-08-09",
    "acceptedDate": "2001-08-09 00:00:00",
    "calendarYear": "2001",
    "period": "Q2",
    "revenue": 1592000000,
    "costOfRevenue": 786000000,
    "grossProfit": 806000000,
    "grossProfitRatio": 0.506281407,
    "researchAndDevelopmentExpenses": 0,
    "generalAndAdministrativeExpenses": 688000000,
    "sellingAndMarketingExpenses": 0,
    "sellingGeneralAndAdministrativeExpenses": 688000000,
    "otherExpenses": 768000000,
    "operatingExpenses": 1456000000,
    "costAndExpenses": 2242000000,
    "interestIncome": 0,
    "interestExpense": 0,
    "depreciationAndAmortization": 132000000,
    "ebitda": -261000000,
    "ebitdaratio": -0.1639447236,
    "operatingIncome": 282000000,
    "operatingIncomeRatio": 0.1771356784,
    "totalOtherIncomeExpensesNet": -115000000,
    "incomeBeforeTax": 167000000,
    "incomeBeforeTaxRatio": 0.1048994975,
    "incomeTaxExpense": 60000000,
    "netIncome": 107000000,
    "netIncomeRatio": 0.0672110553,
    "eps": 0.28,
    "epsdiluted": 0.28,
    "weightedAverageShsOut": 382142857,
    "weightedAverageShsOutDil": 382142857,
    "link": "https://www.sec.gov/Archives/edgar/data/702165/000070216501500043/0000702165-01-500043-index.htm",
    "finalLink": "https://www.sec.gov/Archives/edgar/data/702165/000070216501500043/corp2q.txt"
  },
  {
    "date": "2001-03-31",
    "symbol": "NSC",
    "reportedCurrency": "USD",
    "cik": "0000702165",
    "fillingDate": "2001-05-09",
    "acceptedDate": "2001-05-09 00:00:00",
    "calendarYear": "2001",
    "period": "Q1",
    "revenue": 1540000000,
    "costOfRevenue": 794000000,
    "grossProfit": 746000000,
    "grossProfitRatio": 0.4844155844,
    "researchAndDevelopmentExpenses": 0,
    "generalAndAdministrativeExpenses": 698000000,
    "sellingAndMarketingExpenses": 0,
    "sellingGeneralAndAdministrativeExpenses": 698000000,
    "otherExpenses": 779000000,
    "operatingExpenses": 1477000000,
    "costAndExpenses": 2271000000,
    "interestIncome": 0,
    "interestExpense": 0,
    "depreciationAndAmortization": 130000000,
    "ebitda": -10000000,
    "ebitdaratio": -0.0064935065,
    "operatingIncome": 205000000,
    "operatingIncomeRatio": 0.1331168831,
    "totalOtherIncomeExpensesNet": -114000000,
    "incomeBeforeTax": 91000000,
    "incomeBeforeTaxRatio": 0.0590909091,
    "incomeTaxExpense": 30000000,
    "netIncome": 74000000,
    "netIncomeRatio": 0.0480519481,
    "eps": 0.19,
    "epsdiluted": 0.19,
    "weightedAverageShsOut": 384500000,
    "weightedAverageShsOutDil": 384800000,
    "link": "https://www.sec.gov/Archives/edgar/data/702165/000070216501500026/0000702165-01-500026-index.htm",
    "finalLink": "https://www.sec.gov/Archives/edgar/data/702165/000070216501500026/corp1q.txt"
  },
  {
    "date": "2000-12-31",
    "symbol": "NSC",
    "reportedCurrency": "USD",
    "cik": "0000702165",
    "fillingDate": "2001-03-05",
    "acceptedDate": "2001-03-05 00:00:00",
    "calendarYear": "2000",
    "period": "Q4",
    "revenue": 1569000000,
    "costOfRevenue": 161000000,
    "grossProfit": 1408000000,
    "grossProfitRatio": 0.8973868706,
    "researchAndDevelopmentExpenses": 0,
    "generalAndAdministrativeExpenses": 278000000,
    "sellingAndMarketingExpenses": 0,
    "sellingGeneralAndAdministrativeExpenses": 278000000,
    "otherExpenses": -1547000000,
    "operatingExpenses": -1269000000,
    "costAndExpenses": -1108000000,
    "interestIncome": 0,
    "interestExpense": 0,
    "depreciationAndAmortization": 130000000,
    "ebitda": 2807000000,
    "ebitdaratio": 1.7890376036,
    "operatingIncome": 116000000,
    "operatingIncomeRatio": 0.073932441,
    "totalOtherIncomeExpensesNet": -122000000,
    "incomeBeforeTax": -6000000,
    "incomeBeforeTaxRatio": -0.0038240918,
    "incomeTaxExpense": -11000000,
    "netIncome": 5000000,
    "netIncomeRatio": 0.0031867431,
    "eps": 0.0128,
    "epsdiluted": 0.0128,
    "weightedAverageShsOut": 389473684,
    "weightedAverageShsOutDil": 389473684,
    "link": "https://www.sec.gov/Archives/edgar/data/702165/000070216501000012/0000702165-01-000012-index.htm",
    "finalLink": "https://www.sec.gov/Archives/edgar/data/702165/000070216501000012/0000702165-01-000012-0001.txt"
  },
  {
    "date": "2000-09-30",
    "symbol": "NSC",
    "reportedCurrency": "USD",
    "cik": "0000702165",
    "fillingDate": "2000-11-13",
    "acceptedDate": "2000-11-13 00:00:00",
    "calendarYear": "2000",
    "period": "Q3",
    "revenue": 1517000000,
    "costOfRevenue": 799000000,
    "grossProfit": 718000000,
    "grossProfitRatio": 0.4733025709,
    "researchAndDevelopmentExpenses": 0,
    "generalAndAdministrativeExpenses": 692000000,
    "sellingAndMarketingExpenses": 0,
    "sellingGeneralAndAdministrativeExpenses": 692000000,
    "otherExpenses": 766000000,
    "operatingExpenses": 1458000000,
    "costAndExpenses": 2257000000,
    "interestIncome": 0,
    "interestExpense": 0,
    "depreciationAndAmortization": 129000000,
    "ebitda": -102000000,
    "ebitdaratio": -0.0672379697,
    "operatingIncome": 211000000,
    "operatingIncomeRatio": 0.1390903098,
    "totalOtherIncomeExpensesNet": -55000000,
    "incomeBeforeTax": 156000000,
    "incomeBeforeTaxRatio": 0.1028345419,
    "incomeTaxExpense": 57000000,
    "netIncome": 99000000,
    "netIncomeRatio": 0.0652603823,
    "eps": 0.26,
    "epsdiluted": 0.26,
    "weightedAverageShsOut": 380769231,
    "weightedAverageShsOutDil": 380769231,
    "link": "https://www.sec.gov/Archives/edgar/data/702165/000070216500000060/0000702165-00-000060-index.htm",
    "finalLink": "https://www.sec.gov/Archives/edgar/data/702165/000070216500000060/0000702165-00-000060-0001.txt"
  },
  {
    "date": "2000-06-30",
    "symbol": "NSC",
    "reportedCurrency": "USD",
    "cik": "0000702165",
    "fillingDate": "2000-08-10",
    "acceptedDate": "2000-08-10 00:00:00",
    "calendarYear": "2000",
    "period": "Q2",
    "revenue": 1578000000,
    "costOfRevenue": 779000000,
    "grossProfit": 799000000,
    "grossProfitRatio": 0.5063371356,
    "researchAndDevelopmentExpenses": 0,
    "generalAndAdministrativeExpenses": 708000000,
    "sellingAndMarketingExpenses": 0,
    "sellingGeneralAndAdministrativeExpenses": 708000000,
    "otherExpenses": 750000000,
    "operatingExpenses": 1458000000,
    "costAndExpenses": 2237000000,
    "interestIncome": 0,
    "interestExpense": 0,
    "depreciationAndAmortization": 129000000,
    "ebitda": 27000000,
    "ebitdaratio": 0.0171102662,
    "operatingIncome": 278000000,
    "operatingIncomeRatio": 0.1761723701,
    "totalOtherIncomeExpensesNet": -94000000,
    "incomeBeforeTax": 184000000,
    "incomeBeforeTaxRatio": 0.1166032953,
    "incomeTaxExpense": 68000000,
    "netIncome": 116000000,
    "netIncomeRatio": 0.0735107731,
    "eps": 0.3,
    "epsdiluted": 0.3,
    "weightedAverageShsOut": 383200000,
    "weightedAverageShsOutDil": 383600000,
    "link": "https://www.sec.gov/Archives/edgar/data/702165/000009227500000024/0000092275-00-000024-index.htm",
    "finalLink": "https://www.sec.gov/Archives/edgar/data/702165/000009227500000024/0000092275-00-000024-0001.txt"
  },
  {
    "date": "2000-03-31",
    "symbol": "NSC",
    "reportedCurrency": "USD",
    "cik": "0000702165",
    "fillingDate": "2000-05-10",
    "acceptedDate": "2000-05-10 00:00:00",
    "calendarYear": "2000",
    "period": "Q1",
    "revenue": 1495000000,
    "costOfRevenue": 683000000,
    "grossProfit": 812000000,
    "grossProfitRatio": 0.5431438127,
    "researchAndDevelopmentExpenses": 0,
    "generalAndAdministrativeExpenses": 719000000,
    "sellingAndMarketingExpenses": 0,
    "sellingGeneralAndAdministrativeExpenses": 719000000,
    "otherExpenses": 780000000,
    "operatingExpenses": 1499000000,
    "costAndExpenses": 2182000000,
    "interestIncome": 0,
    "interestExpense": 0,
    "depreciationAndAmortization": 129000000,
    "ebitda": -558000000,
    "ebitdaratio": -0.3732441472,
    "operatingIncome": 28000000,
    "operatingIncomeRatio": 0.018729097,
    "totalOtherIncomeExpensesNet": -112000000,
    "incomeBeforeTax": -84000000,
    "incomeBeforeTaxRatio": -0.056187291,
    "incomeTaxExpense": -36000000,
    "netIncome": -48000000,
    "netIncomeRatio": -0.0321070234,
    "eps": -0.12,
    "epsdiluted": -0.12,
    "weightedAverageShsOut": 400000000,
    "weightedAverageShsOutDil": 400000000,
    "link": "https://www.sec.gov/Archives/edgar/data/702165/000070216500000046/0000702165-00-000046-index.html",
    "finalLink": "https://www.sec.gov/Archives/edgar/data/702165/000070216500000046/"
  },
  {
    "date": "1999-12-31",
    "symbol": "NSC",
    "reportedCurrency": "USD",
    "cik": "0000702165",
    "fillingDate": "2000-03-06",
    "acceptedDate": "2000-03-06 00:00:00",
    "calendarYear": "1999",
    "period": "Q4",
    "revenue": 1471000000,
    "costOfRevenue": 314000000,
    "grossProfit": 1157000000,
    "grossProfitRatio": 0.7865397689,
    "researchAndDevelopmentExpenses": 0,
    "generalAndAdministrativeExpenses": 384000000,
    "sellingAndMarketingExpenses": 0,
    "sellingGeneralAndAdministrativeExpenses": 384000000,
    "otherExpenses": 191000000,
    "operatingExpenses": 575000000,
    "costAndExpenses": 889000000,
    "interestIncome": 0,
    "interestExpense": 0,
    "depreciationAndAmortization": 852000000,
    "ebitda": 1434000000,
    "ebitdaratio": 0.9748470428,
    "operatingIncome": 582000000,
    "operatingIncomeRatio": 0.3956492182,
    "totalOtherIncomeExpensesNet": -540000000,
    "incomeBeforeTax": 42000000,
    "incomeBeforeTaxRatio": 0.0285520054,
    "incomeTaxExpense": 11000000,
    "netIncome": 31000000,
    "netIncomeRatio": 0.0210740993,
    "eps": 0.0775,
    "epsdiluted": 0.0775,
    "weightedAverageShsOut": 382914863,
    "weightedAverageShsOutDil": 400000000,
    "link": "https://www.sec.gov/Archives/edgar/data/702165/000070216500000037/0000702165-00-000037-index.html",
    "finalLink": "https://www.sec.gov/Archives/edgar/data/702165/000070216500000037/"
  },
  {
    "date": "1999-09-30",
    "symbol": "NSC",
    "reportedCurrency": "USD",
    "cik": "0000702165",
    "fillingDate": "1999-11-12",
    "acceptedDate": "1999-11-12 00:00:00",
    "calendarYear": "1999",
    "period": "Q3",
    "revenue": 1500000000,
    "costOfRevenue": 797000000,
    "grossProfit": 703000000,
    "grossProfitRatio": 0.4686666667,
    "researchAndDevelopmentExpenses": 0,
    "generalAndAdministrativeExpenses": 787000000,
    "sellingAndMarketingExpenses": 0,
    "sellingGeneralAndAdministrativeExpenses": 787000000,
    "otherExpenses": 175000000,
    "operatingExpenses": 962000000,
    "costAndExpenses": 1759000000,
    "interestIncome": 0,
    "interestExpense": 0,
    "depreciationAndAmortization": -124000000,
    "ebitda": -159000000,
    "ebitdaratio": -0.106,
    "operatingIncome": -259000000,
    "operatingIncomeRatio": -0.1726666667,
    "totalOtherIncomeExpensesNet": 295000000,
    "incomeBeforeTax": 36000000,
    "incomeBeforeTaxRatio": 0.024,
    "incomeTaxExpense": 17000000,
    "netIncome": 19000000,
    "netIncomeRatio": 0.0126666667,
    "eps": 0.05,
    "epsdiluted": 0.05,
    "weightedAverageShsOut": 380000000,
    "weightedAverageShsOutDil": 380000000,
    "link": "https://www.sec.gov/Archives/edgar/data/702165/000070216599000042/0000702165-99-000042-index.html",
    "finalLink": "https://www.sec.gov/Archives/edgar/data/702165/000070216599000042/"
  },
  {
    "date": "1999-06-30",
    "symbol": "NSC",
    "reportedCurrency": "USD",
    "cik": "0000702165",
    "fillingDate": "1999-08-11",
    "acceptedDate": "1999-08-11 00:00:00",
    "calendarYear": "1999",
    "period": "Q2",
    "revenue": 1194000000,
    "costOfRevenue": 513000000,
    "grossProfit": 681000000,
    "grossProfitRatio": 0.5703517588,
    "researchAndDevelopmentExpenses": 0,
    "generalAndAdministrativeExpenses": 522000000,
    "sellingAndMarketingExpenses": 0,
    "sellingGeneralAndAdministrativeExpenses": 522000000,
    "otherExpenses": 168000000,
    "operatingExpenses": 690000000,
    "costAndExpenses": 1203000000,
    "interestIncome": 0,
    "interestExpense": 0,
    "depreciationAndAmortization": -121000000,
    "ebitda": 64000000,
    "ebitdaratio": 0.05360134,
    "operatingIncome": -9000000,
    "operatingIncomeRatio": -0.0075376884,
    "totalOtherIncomeExpensesNet": 124000000,
    "incomeBeforeTax": 115000000,
    "incomeBeforeTaxRatio": 0.0963149079,
    "incomeTaxExpense": 38000000,
    "netIncome": 77000000,
    "netIncomeRatio": 0.0644891122,
    "eps": 0.2,
    "epsdiluted": 0.2,
    "weightedAverageShsOut": 380200000,
    "weightedAverageShsOutDil": 382700000,
    "link": "https://www.sec.gov/Archives/edgar/data/702165/000070216599000038/0000702165-99-000038-index.html",
    "finalLink": "https://www.sec.gov/Archives/edgar/data/702165/000070216599000038/"
  },
  {
    "date": "1999-03-31",
    "symbol": "NSC",
    "reportedCurrency": "USD",
    "cik": "0000702165",
    "fillingDate": "1999-05-12",
    "acceptedDate": "1999-05-12 00:00:00",
    "calendarYear": "1999",
    "period": "Q1",
    "revenue": 1030000000,
    "costOfRevenue": 307000000,
    "grossProfit": 723000000,
    "grossProfitRatio": 0.7019417476,
    "researchAndDevelopmentExpenses": 0,
    "generalAndAdministrativeExpenses": 438000000,
    "sellingAndMarketingExpenses": 0,
    "sellingGeneralAndAdministrativeExpenses": 438000000,
    "otherExpenses": 157000000,
    "operatingExpenses": 595000000,
    "costAndExpenses": 902000000,
    "interestIncome": 0,
    "interestExpense": 0,
    "depreciationAndAmortization": -118000000,
    "ebitda": 197000000,
    "ebitdaratio": 0.1912621359,
    "operatingIncome": 128000000,
    "operatingIncomeRatio": 0.1242718447,
    "totalOtherIncomeExpensesNet": 30000000,
    "incomeBeforeTax": 158000000,
    "incomeBeforeTaxRatio": 0.1533980583,
    "incomeTaxExpense": 46000000,
    "netIncome": 112000000,
    "netIncomeRatio": 0.1087378641,
    "eps": 0.3,
    "epsdiluted": 0.3,
    "weightedAverageShsOut": 373333333,
    "weightedAverageShsOutDil": 373333333,
    "link": "https://www.sec.gov/Archives/edgar/data/702165/000070216599000023/0000702165-99-000023-index.html",
    "finalLink": "https://www.sec.gov/Archives/edgar/data/702165/"
  },
  {
    "date": "1998-12-31",
    "symbol": "NSC",
    "reportedCurrency": "USD",
    "cik": "0000702165",
    "fillingDate": "1999-03-24",
    "acceptedDate": "1999-03-24 00:00:00",
    "calendarYear": "1998",
    "period": "Q4",
    "revenue": 1028000000,
    "costOfRevenue": -654000000,
    "grossProfit": 1682000000,
    "grossProfitRatio": 1.6361867704,
    "researchAndDevelopmentExpenses": 0,
    "generalAndAdministrativeExpenses": 405000000,
    "sellingAndMarketingExpenses": 0,
    "sellingGeneralAndAdministrativeExpenses": 405000000,
    "otherExpenses": 957000000,
    "operatingExpenses": 1362000000,
    "costAndExpenses": 708000000,
    "interestIncome": 0,
    "interestExpense": 0,
    "depreciationAndAmortization": 787000000,
    "ebitda": 1107000000,
    "ebitdaratio": 1.076848249,
    "operatingIncome": 320000000,
    "operatingIncomeRatio": 0.3112840467,
    "totalOtherIncomeExpensesNet": -119000000,
    "incomeBeforeTax": 201000000,
    "incomeBeforeTaxRatio": 0.1955252918,
    "incomeTaxExpense": 41000000,
    "netIncome": 160000000,
    "netIncomeRatio": 0.1556420233,
    "eps": 0.43,
    "epsdiluted": 0.43,
    "weightedAverageShsOut": 373333333,
    "weightedAverageShsOutDil": 373333333,
    "link": "https://www.sec.gov/Archives/edgar/data/702165/000070216599000019/0000702165-99-000019-index.html",
    "finalLink": "https://www.sec.gov/Archives/edgar/data/702165/"
  },
  {
    "date": "1998-09-30",
    "symbol": "NSC",
    "reportedCurrency": "USD",
    "cik": "0000702165",
    "fillingDate": "1998-11-13",
    "acceptedDate": "1998-11-13 00:00:00",
    "calendarYear": "1998",
    "period": "Q3",
    "revenue": 1048000000,
    "costOfRevenue": 305000000,
    "grossProfit": 743000000,
    "grossProfitRatio": 0.7089694656,
    "researchAndDevelopmentExpenses": 0,
    "generalAndAdministrativeExpenses": 412000000,
    "sellingAndMarketingExpenses": 0,
    "sellingGeneralAndAdministrativeExpenses": 412000000,
    "otherExpenses": 152000000,
    "operatingExpenses": 564000000,
    "costAndExpenses": 869000000,
    "interestIncome": 0,
    "interestExpense": 0,
    "depreciationAndAmortization": -115000000,
    "ebitda": 222000000,
    "ebitdaratio": 0.2118320611,
    "operatingIncome": 179000000,
    "operatingIncomeRatio": 0.1708015267,
    "totalOtherIncomeExpensesNet": -57000000,
    "incomeBeforeTax": 201000000,
    "incomeBeforeTaxRatio": 0.1917938931,
    "incomeTaxExpense": 50000000,
    "netIncome": 158000000,
    "netIncomeRatio": 0.1507633588,
    "eps": 0.42,
    "epsdiluted": 0.42,
    "weightedAverageShsOut": 376190476,
    "weightedAverageShsOutDil": 376190476,
    "link": "https://www.sec.gov/Archives/edgar/data/702165/000070216598000042/0000702165-98-000042-index.html",
    "finalLink": "https://www.sec.gov/Archives/edgar/data/702165/"
  },
  {
    "date": "1998-06-30",
    "symbol": "NSC",
    "reportedCurrency": "USD",
    "cik": "0000702165",
    "fillingDate": "1998-08-11",
    "acceptedDate": "1998-08-11 00:00:00",
    "calendarYear": "1998",
    "period": "Q2",
    "revenue": 1079000000,
    "costOfRevenue": 309000000,
    "grossProfit": 770000000,
    "grossProfitRatio": 0.7136237257,
    "researchAndDevelopmentExpenses": 0,
    "generalAndAdministrativeExpenses": 409000000,
    "sellingAndMarketingExpenses": 0,
    "sellingGeneralAndAdministrativeExpenses": 409000000,
    "otherExpenses": 148000000,
    "operatingExpenses": 557000000,
    "costAndExpenses": 866000000,
    "interestIncome": 0,
    "interestExpense": 0,
    "depreciationAndAmortization": -112000000,
    "ebitda": 236000000,
    "ebitdaratio": 0.218721038,
    "operatingIncome": 213000000,
    "operatingIncomeRatio": 0.1974050046,
    "totalOtherIncomeExpensesNet": 42000000,
    "incomeBeforeTax": 255000000,
    "incomeBeforeTaxRatio": 0.2363299351,
    "incomeTaxExpense": 68000000,
    "netIncome": 187000000,
    "netIncomeRatio": 0.1733086191,
    "eps": 0.48,
    "epsdiluted": 0.48,
    "weightedAverageShsOut": 389583333,
    "weightedAverageShsOutDil": 389583333,
    "link": "https://www.sec.gov/Archives/edgar/data/702165/000070216598000036/0000702165-98-000036-index.html",
    "finalLink": "https://www.sec.gov/Archives/edgar/data/702165/"
  },
  {
    "date": "1998-03-31",
    "symbol": "NSC",
    "reportedCurrency": "USD",
    "cik": "0000702165",
    "fillingDate": "1998-05-12",
    "acceptedDate": "1998-05-12 00:00:00",
    "calendarYear": "1998",
    "period": "Q1",
    "revenue": 1066000000,
    "costOfRevenue": 309000000,
    "grossProfit": 757000000,
    "grossProfitRatio": 0.7101313321,
    "researchAndDevelopmentExpenses": 0,
    "generalAndAdministrativeExpenses": 456000000,
    "sellingAndMarketingExpenses": 0,
    "sellingGeneralAndAdministrativeExpenses": 456000000,
    "otherExpenses": 151000000,
    "operatingExpenses": 607000000,
    "costAndExpenses": 916000000,
    "interestIncome": 0,
    "interestExpense": 0,
    "depreciationAndAmortization": -110000000,
    "ebitda": 195000000,
    "ebitdaratio": 0.1829268293,
    "operatingIncome": 150000000,
    "operatingIncomeRatio": 0.1407129456,
    "totalOtherIncomeExpensesNet": 38000000,
    "incomeBeforeTax": 188000000,
    "incomeBeforeTaxRatio": 0.1763602251,
    "incomeTaxExpense": 56000000,
    "netIncome": 229000000,
    "netIncomeRatio": 0.2148217636,
    "eps": 0.61,
    "epsdiluted": 0.61,
    "weightedAverageShsOut": 375409836,
    "weightedAverageShsOutDil": 375409836,
    "link": "https://www.sec.gov/Archives/edgar/data/702165/000070216598000027/0000702165-98-000027-index.html",
    "finalLink": "https://www.sec.gov/Archives/edgar/data/702165/"
  },
  {
    "date": "1997-12-31",
    "symbol": "NSC",
    "reportedCurrency": "USD",
    "cik": "0000702165",
    "fillingDate": "1998-03-25",
    "acceptedDate": "1998-03-25 00:00:00",
    "calendarYear": "1997",
    "period": "Q4",
    "revenue": 341900000,
    "costOfRevenue": -517900000,
    "grossProfit": 859800000,
    "grossProfitRatio": 2.5147704007,
    "researchAndDevelopmentExpenses": 0,
    "generalAndAdministrativeExpenses": 416000000,
    "sellingAndMarketingExpenses": 0,
    "sellingGeneralAndAdministrativeExpenses": 416000000,
    "otherExpenses": 753400000,
    "operatingExpenses": 1169400000,
    "costAndExpenses": 651500000,
    "interestIncome": 0,
    "interestExpense": 0,
    "depreciationAndAmortization": 760900000,
    "ebitda": 451300000,
    "ebitdaratio": 1.3199766013,
    "operatingIncome": -309600000,
    "operatingIncomeRatio": -0.9055279321,
    "totalOtherIncomeExpensesNet": 572900000,
    "incomeBeforeTax": 263300000,
    "incomeBeforeTaxRatio": 0.7701082188,
    "incomeTaxExpense": 61700000,
    "netIncome": 223600000,
    "netIncomeRatio": 0.6539923954,
    "eps": 0.6,
    "epsdiluted": 0.6,
    "weightedAverageShsOut": 375409836,
    "weightedAverageShsOutDil": 375409836,
    "link": "https://www.sec.gov/Archives/edgar/data/702165/000070216598000016/0000702165-98-000016-index.html",
    "finalLink": "https://www.sec.gov/Archives/edgar/data/702165/"
  },
  {
    "date": "1997-09-30",
    "symbol": "NSC",
    "reportedCurrency": "USD",
    "cik": "0000702165",
    "fillingDate": "1997-11-10",
    "acceptedDate": "1997-11-10 00:00:00",
    "calendarYear": "1997",
    "period": "Q3",
    "revenue": 1327400000,
    "costOfRevenue": 287900000,
    "grossProfit": 1039500000,
    "grossProfitRatio": 0.7831098388,
    "researchAndDevelopmentExpenses": 0,
    "generalAndAdministrativeExpenses": 413300000,
    "sellingAndMarketingExpenses": 0,
    "sellingGeneralAndAdministrativeExpenses": 413300000,
    "otherExpenses": 144400000,
    "operatingExpenses": 557700000,
    "costAndExpenses": 845600000,
    "interestIncome": 0,
    "interestExpense": 0,
    "depreciationAndAmortization": -111500000,
    "ebitda": 408000000,
    "ebitdaratio": 0.3073677867,
    "operatingIncome": 481800000,
    "operatingIncomeRatio": 0.3629651951,
    "totalOtherIncomeExpensesNet": -249800000,
    "incomeBeforeTax": 247800000,
    "incomeBeforeTaxRatio": 0.1866807292,
    "incomeTaxExpense": 68300000,
    "netIncome": 179500000,
    "netIncomeRatio": 0.1352267591,
    "eps": 0.47,
    "epsdiluted": 0.47,
    "weightedAverageShsOut": 361702128,
    "weightedAverageShsOutDil": 361702128,
    "link": "https://www.sec.gov/Archives/edgar/data/702165/000070216597000040/0000702165-97-000040-index.html",
    "finalLink": "https://www.sec.gov/Archives/edgar/data/702165/"
  },
  {
    "date": "1997-06-30",
    "symbol": "NSC",
    "reportedCurrency": "USD",
    "cik": "0000702165",
    "fillingDate": "1997-08-08",
    "acceptedDate": "1997-08-08 00:00:00",
    "calendarYear": "1997",
    "period": "Q2",
    "revenue": 1304000000,
    "costOfRevenue": 285100000,
    "grossProfit": 1018900000,
    "grossProfitRatio": 0.7813650307,
    "researchAndDevelopmentExpenses": 0,
    "generalAndAdministrativeExpenses": 401800000,
    "sellingAndMarketingExpenses": 0,
    "sellingGeneralAndAdministrativeExpenses": 401800000,
    "otherExpenses": 138600000,
    "operatingExpenses": 540400000,
    "costAndExpenses": 825500000,
    "interestIncome": 0,
    "interestExpense": 0,
    "depreciationAndAmortization": -109600000,
    "ebitda": 588100000,
    "ebitdaratio": 0.4509969325,
    "operatingIncome": 478500000,
    "operatingIncomeRatio": 0.3669478528,
    "totalOtherIncomeExpensesNet": -190100000,
    "incomeBeforeTax": 288400000,
    "incomeBeforeTaxRatio": 0.2211656442,
    "incomeTaxExpense": 98300000,
    "netIncome": 190100000,
    "netIncomeRatio": 0.1457822086,
    "eps": 1.52,
    "epsdiluted": 1.52,
    "weightedAverageShsOut": 376955667,
    "weightedAverageShsOutDil": 376955667,
    "link": "https://www.sec.gov/Archives/edgar/data/702165/000070216597000030/0000702165-97-000030-index.html",
    "finalLink": "https://www.sec.gov/Archives/edgar/data/702165/"
  },
  {
    "date": "1997-03-31",
    "symbol": "NSC",
    "reportedCurrency": "USD",
    "cik": "0000702165",
    "fillingDate": "1997-05-14",
    "acceptedDate": "1997-05-14 00:00:00",
    "calendarYear": "1997",
    "period": "Q1",
    "revenue": 1249700000,
    "costOfRevenue": 294800000,
    "grossProfit": 954900000,
    "grossProfitRatio": 0.7641033848,
    "researchAndDevelopmentExpenses": 0,
    "generalAndAdministrativeExpenses": 419900000,
    "sellingAndMarketingExpenses": 0,
    "sellingGeneralAndAdministrativeExpenses": 419900000,
    "otherExpenses": 141500000,
    "operatingExpenses": 561400000,
    "costAndExpenses": 856200000,
    "interestIncome": 0,
    "interestExpense": 0,
    "depreciationAndAmortization": -107800000,
    "ebitda": 387000000,
    "ebitdaratio": 0.3096743218,
    "operatingIncome": 393500000,
    "operatingIncomeRatio": 0.3148755701,
    "totalOtherIncomeExpensesNet": -198500000,
    "incomeBeforeTax": 198500000,
    "incomeBeforeTaxRatio": 0.1588381211,
    "incomeTaxExpense": 70700000,
    "netIncome": 127800000,
    "netIncomeRatio": 0.1022645435,
    "eps": 0.33,
    "epsdiluted": 0.33,
    "weightedAverageShsOut": 387878788,
    "weightedAverageShsOutDil": 387878788,
    "link": "https://www.sec.gov/Archives/edgar/data/702165/000070216597000014/0000702165-97-000014-index.html",
    "finalLink": "https://www.sec.gov/Archives/edgar/data/702165/"
  },
  {
    "date": "1996-12-31",
    "symbol": "NSC",
    "reportedCurrency": "USD",
    "cik": "0000702165",
    "fillingDate": "1997-03-26",
    "acceptedDate": "1997-03-26 00:00:00",
    "calendarYear": "1996",
    "period": "Q4",
    "revenue": 1179900000,
    "costOfRevenue": 286100000,
    "grossProfit": 893800000,
    "grossProfitRatio": 0.7575218239,
    "researchAndDevelopmentExpenses": 0,
    "generalAndAdministrativeExpenses": 388000000,
    "sellingAndMarketingExpenses": 0,
    "sellingGeneralAndAdministrativeExpenses": 388000000,
    "otherExpenses": 996000000,
    "operatingExpenses": 1384000000,
    "costAndExpenses": 1670100000,
    "interestIncome": 0,
    "interestExpense": 0,
    "depreciationAndAmortization": 749700000,
    "ebitda": 259500000,
    "ebitdaratio": 0.2199338927,
    "operatingIncome": -490200000,
    "operatingIncomeRatio": -0.4154589372,
    "totalOtherIncomeExpensesNet": 800500000,
    "incomeBeforeTax": 310300000,
    "incomeBeforeTaxRatio": 0.2629883888,
    "incomeTaxExpense": 109800000,
    "netIncome": 200500000,
    "netIncomeRatio": 0.1699296551,
    "eps": 0.53,
    "epsdiluted": 0.53,
    "weightedAverageShsOut": 375291333,
    "weightedAverageShsOutDil": 376363260,
    "link": "https://www.sec.gov/Archives/edgar/data/702165/000070216597000006/0000702165-97-000006-index.html",
    "finalLink": "https://www.sec.gov/Archives/edgar/data/702165/"
  },
  {
    "date": "1996-09-30",
    "symbol": "NSC",
    "reportedCurrency": "USD",
    "cik": "0000702165",
    "fillingDate": "1996-11-13",
    "acceptedDate": "1996-11-13 00:00:00",
    "calendarYear": "1996",
    "period": "Q3",
    "revenue": 1211300000,
    "costOfRevenue": 270700000,
    "grossProfit": 940600000,
    "grossProfitRatio": 0.776521093,
    "researchAndDevelopmentExpenses": 0,
    "generalAndAdministrativeExpenses": 397700000,
    "sellingAndMarketingExpenses": 0,
    "sellingGeneralAndAdministrativeExpenses": 397700000,
    "otherExpenses": 141800000,
    "operatingExpenses": 539500000,
    "costAndExpenses": 810200000,
    "interestIncome": 0,
    "interestExpense": 0,
    "depreciationAndAmortization": -107700000,
    "ebitda": 508800000,
    "ebitdaratio": 0.4200445802,
    "operatingIncome": 401100000,
    "operatingIncomeRatio": 0.3311318418,
    "totalOtherIncomeExpensesNet": -87700000,
    "incomeBeforeTax": 313400000,
    "incomeBeforeTaxRatio": 0.2587302898,
    "incomeTaxExpense": 111100000,
    "netIncome": 202300000,
    "netIncomeRatio": 0.1670106497,
    "eps": 1.61,
    "epsdiluted": 1.61,
    "weightedAverageShsOut": 375264360,
    "weightedAverageShsOutDil": 375264360,
    "link": "https://www.sec.gov/Archives/edgar/data/702165/000070216596000068/0000702165-96-000068-index.html",
    "finalLink": "https://www.sec.gov/Archives/edgar/data/702165/"
  },
  {
    "date": "1996-06-30",
    "symbol": "NSC",
    "reportedCurrency": "USD",
    "cik": "0000702165",
    "fillingDate": "1996-08-09",
    "acceptedDate": "1996-08-09 00:00:00",
    "calendarYear": "1996",
    "period": "Q2",
    "revenue": 1217300000,
    "costOfRevenue": 279500000,
    "grossProfit": 937800000,
    "grossProfitRatio": 0.7703934938,
    "researchAndDevelopmentExpenses": 0,
    "generalAndAdministrativeExpenses": 413100000,
    "sellingAndMarketingExpenses": 0,
    "sellingGeneralAndAdministrativeExpenses": 413100000,
    "otherExpenses": 140700000,
    "operatingExpenses": 553800000,
    "costAndExpenses": 833300000,
    "interestIncome": 0,
    "interestExpense": 0,
    "depreciationAndAmortization": -107200000,
    "ebitda": 491200000,
    "ebitdaratio": 0.403515978,
    "operatingIncome": 384000000,
    "operatingIncomeRatio": 0.3154522303,
    "totalOtherIncomeExpensesNet": -77600000,
    "incomeBeforeTax": 306400000,
    "incomeBeforeTaxRatio": 0.2517045921,
    "incomeTaxExpense": 106900000,
    "netIncome": 199500000,
    "netIncomeRatio": 0.1638872915,
    "eps": 1.57,
    "epsdiluted": 1.57,
    "weightedAverageShsOut": 378119502,
    "weightedAverageShsOutDil": 378119502,
    "link": "https://www.sec.gov/Archives/edgar/data/702165/000070216596000058/0000702165-96-000058-index.html",
    "finalLink": "https://www.sec.gov/Archives/edgar/data/702165/"
  },
  {
    "date": "1996-03-31",
    "symbol": "NSC",
    "reportedCurrency": "USD",
    "cik": "0000702165",
    "fillingDate": "1996-05-10",
    "acceptedDate": "1996-05-10 00:00:00",
    "calendarYear": "1996",
    "period": "Q1",
    "revenue": 1161500000,
    "costOfRevenue": 271900000,
    "grossProfit": 889600000,
    "grossProfitRatio": 0.7659061558,
    "researchAndDevelopmentExpenses": 0,
    "generalAndAdministrativeExpenses": 446700000,
    "sellingAndMarketingExpenses": 0,
    "sellingGeneralAndAdministrativeExpenses": 446700000,
    "otherExpenses": 135500000,
    "operatingExpenses": 582200000,
    "costAndExpenses": 854100000,
    "interestIncome": 0,
    "interestExpense": 0,
    "depreciationAndAmortization": -105600000,
    "ebitda": 413000000,
    "ebitdaratio": 0.3555746879,
    "operatingIncome": 307400000,
    "operatingIncomeRatio": 0.2646577701,
    "totalOtherIncomeExpensesNet": -40600000,
    "incomeBeforeTax": 266800000,
    "incomeBeforeTaxRatio": 0.2297029703,
    "incomeTaxExpense": 98700000,
    "netIncome": 168100000,
    "netIncomeRatio": 0.1447266466,
    "eps": 1.31,
    "epsdiluted": 1.31,
    "weightedAverageShsOut": 387098514,
    "weightedAverageShsOutDil": 387098514,
    "link": "https://www.sec.gov/Archives/edgar/data/702165/000070216596000023/0000702165-96-000023-index.html",
    "finalLink": "https://www.sec.gov/Archives/edgar/data/702165/"
  },
  {
    "date": "1995-12-31",
    "symbol": "NSC",
    "reportedCurrency": "USD",
    "cik": "0000702165",
    "fillingDate": "1996-03-27",
    "acceptedDate": "1996-03-27 00:00:00",
    "calendarYear": "1995",
    "period": "Q4",
    "revenue": 1155200000,
    "costOfRevenue": 256000000,
    "grossProfit": 899200000,
    "grossProfitRatio": 0.7783933518,
    "researchAndDevelopmentExpenses": 0,
    "generalAndAdministrativeExpenses": 447800000,
    "sellingAndMarketingExpenses": 0,
    "sellingGeneralAndAdministrativeExpenses": 447800000,
    "otherExpenses": 945100000,
    "operatingExpenses": 1392900000,
    "costAndExpenses": 1648900000,
    "interestIncome": 0,
    "interestExpense": 0,
    "depreciationAndAmortization": 721600000,
    "ebitda": 227900000,
    "ebitdaratio": 0.197281856,
    "operatingIncome": -493700000,
    "operatingIncomeRatio": -0.4273718837,
    "totalOtherIncomeExpensesNet": 753700000,
    "incomeBeforeTax": 260000000,
    "incomeBeforeTaxRatio": 0.2250692521,
    "incomeTaxExpense": 83100000,
    "netIncome": 176900000,
    "netIncomeRatio": 0.1531336565,
    "eps": 0.46,
    "epsdiluted": 0.46,
    "weightedAverageShsOut": 387098514,
    "weightedAverageShsOutDil": 387098514,
    "link": "https://www.sec.gov/Archives/edgar/data/702165/000070216596000017/0000702165-96-000017-index.html",
    "finalLink": "https://www.sec.gov/Archives/edgar/data/702165/"
  },
  {
    "date": "1995-09-30",
    "symbol": "NSC",
    "reportedCurrency": "USD",
    "cik": "0000702165",
    "fillingDate": "1995-11-09",
    "acceptedDate": "1995-11-09 00:00:00",
    "calendarYear": "1995",
    "period": "Q3",
    "revenue": 1183900000,
    "costOfRevenue": 254100000,
    "grossProfit": 929800000,
    "grossProfitRatio": 0.785370386,
    "researchAndDevelopmentExpenses": 0,
    "generalAndAdministrativeExpenses": 421100000,
    "sellingAndMarketingExpenses": 0,
    "sellingGeneralAndAdministrativeExpenses": 421100000,
    "otherExpenses": 136000000,
    "operatingExpenses": 557100000,
    "costAndExpenses": 811200000,
    "interestIncome": 0,
    "interestExpense": 0,
    "depreciationAndAmortization": -104500000,
    "ebitda": 477200000,
    "ebitdaratio": 0.403074584,
    "operatingIncome": 372700000,
    "operatingIncomeRatio": 0.3148069938,
    "totalOtherIncomeExpensesNet": -85600000,
    "incomeBeforeTax": 287100000,
    "incomeBeforeTaxRatio": 0.2425035898,
    "incomeTaxExpense": 103200000,
    "netIncome": 183900000,
    "netIncomeRatio": 0.1553340654,
    "eps": 1.4,
    "epsdiluted": 1.4,
    "weightedAverageShsOut": 393077529,
    "weightedAverageShsOutDil": 393077529,
    "link": "https://www.sec.gov/Archives/edgar/data/702165/000070216595000051/0000702165-95-000051-index.html",
    "finalLink": "https://www.sec.gov/Archives/edgar/data/702165/"
  }
]