[
  {
    "date": "2024-12-31",
    "symbol": "NSC",
    "reportedCurrency": "USD",
    "cik": "0000702165",
    "fillingDate": "2025-02-10",
    "acceptedDate": "2025-02-10 09:24:07",
    "calendarYear": "2024",
    "period": "FY",
    "revenue": 12123000000,
    "costOfRevenue": 8359000000,
    "grossProfit": 3764000000,
    "grossProfitRatio": 0.3104842036,
    "researchAndDevelopmentExpenses": 0,
    "generalAndAdministrativeExpenses": 0,
    "sellingAndMarketingExpenses": 0,
    "sellingGeneralAndAdministrativeExpenses": 0,
    "otherExpenses": 0,
    "operatingExpenses": 0,
    "costAndExpenses": 8359000000,
    "interestIncome": 0,
    "interestExpense": 807000000,
    "depreciationAndAmortization": 1353000000,
    "ebitda": 5489000000,
    "ebitdaratio": 0.4527757156,
    "operatingIncome": 3764000000,
    "operatingIncomeRatio": 0.3104842036,
    "totalOtherIncomeExpensesNet": -435000000,
    "incomeBeforeTax": 3329000000,
    "incomeBeforeTaxRatio": 0.2746019962,
    "incomeTaxExpense": 707000000,
    "netIncome": 2622000000,
    "netIncomeRatio": 0.2162830982,
    "eps": 11.58,
    "epsdiluted": 11.57,
    "weightedAverageShsOut": 226100000,
    "weightedAverageShsOutDil": 226400000,
    "link": "https://www.sec.gov/Archives/edgar/data/702165/000070216525000008/0000702165-25-000008-index.htm",
    "finalLink": "https://www.sec.gov/Archives/edgar/data/702165/000070216525000008/nsc-20241231.htm"
  },
  {
    "date": "2023-12-31",
    "symbol": "NSC",
    "reportedCurrency": "USD",
    "cik": "0000702165",
    "fillingDate": "2024-02-05",
    "acceptedDate": "2024-02-05 16:49:27",
    "calendarYear": "2023",
    "period": "FY",
    "revenue": 12156000000,
    "costOfRevenue": 9348000000,
    "grossProfit": 2808000000,
    "grossProfitRatio": 0.2309970385,
    "researchAndDevelopmentExpenses": 0,
    "generalAndAdministrativeExpenses": 0,
    "sellingAndMarketingExpenses": 0,
    "sellingGeneralAndAdministrativeExpenses": 0,
    "otherExpenses": 0,
    "operatingExpenses": 0,
    "costAndExpenses": 9348000000,
    "interestIncome": 0,
    "interestExpense": 722000000,
    "depreciationAndAmortization": 1298000000,
    "ebitda": 4340000000,
    "ebitdaratio": 0.3570253373,
    "operatingIncome": 2808000000,
    "operatingIncomeRatio": 0.2309970385,
    "totalOtherIncomeExpensesNet": -488000000,
    "incomeBeforeTax": 2320000000,
    "incomeBeforeTaxRatio": 0.190852254,
    "incomeTaxExpense": 493000000,
    "netIncome": 1827000000,
    "netIncomeRatio": 0.15029615,
    "eps": 8.04,
    "epsdiluted": 8.02,
    "weightedAverageShsOut": 226900000,
    "weightedAverageShsOutDil": 227400000,
    "link": "https://www.sec.gov/Archives/edgar/data/702165/000070216524000005/0000702165-24-000005-index.htm",
    "finalLink": "https://www.sec.gov/Archives/edgar/data/702165/000070216524000005/nsc-20231231.htm"
  },
  {
    "date": "2022-12-31",
    "symbol": "NSC",
    "reportedCurrency": "USD",
    "cik": "0000702165",
    "fillingDate": "2023-02-03",
    "acceptedDate": "2023-02-03 14:24:35",
    "calendarYear": "2022",
    "period": "FY",
    "revenue": 12745000000,
    "costOfRevenue": 8012000000,
    "grossProfit": 4733000000,
    "grossProfitRatio": 0.3713613182,
    "researchAndDevelopmentExpenses": 0,
    "generalAndAdministrativeExpenses": 0,
    "sellingAndMarketingExpenses": 0,
    "sellingGeneralAndAdministrativeExpenses": 0,
    "otherExpenses": 0,
    "operatingExpenses": 0,
    "costAndExpenses": 8012000000,
    "interestIncome": 0,
    "interestExpense": 692000000,
    "depreciationAndAmortization": 1221000000,
    "ebitda": 6043000000,
    "ebitdaratio": 0.4741467242,
    "operatingIncome": 4733000000,
    "operatingIncomeRatio": 0.3713613182,
    "totalOtherIncomeExpensesNet": -603000000,
    "incomeBeforeTax": 4130000000,
    "incomeBeforeTaxRatio": 0.3240486465,
    "incomeTaxExpense": 860000000,
    "netIncome": 3270000000,
    "netIncomeRatio": 0.2565712044,
    "eps": 13.92,
    "epsdiluted": 13.88,
    "weightedAverageShsOut": 234800000,
    "weightedAverageShsOutDil": 235600000,
    "link": "https://www.sec.gov/Archives/edgar/data/702165/000070216523000010/0000702165-23-000010-index.htm",
    "finalLink": "https://www.sec.gov/Archives/edgar/data/702165/000070216523000010/nsc-20221231.htm"
  },
  {
    "date": "2021-12-31",
    "symbol": "NSC",
    "reportedCurrency": "USD",
    "cik": "0000702165",
    "fillingDate": "2022-02-04",
    "acceptedDate": "2022-02-04 14:20:19",
    "calendarYear": "2021",
    "period": "FY",
    "revenue": 11142000000,
    "costOfRevenue": 6777000000,
    "grossProfit": 4365000000,
    "grossProfitRatio": 0.3917609047,
    "researchAndDevelopmentExpenses": 0,
    "generalAndAdministrativeExpenses": 0,
    "sellingAndMarketingExpenses": 0,
    "sellingGeneralAndAdministrativeExpenses": 0,
    "otherExpenses": 0,
    "operatingExpenses": 0,
    "costAndExpenses": 6777000000,
    "interestIncome": 0,
    "interestExpense": 646000000,
    "depreciationAndAmortization": 1181000000,
    "ebitda": 5705000000,
    "ebitdaratio": 0.5120265661,
    "operatingIncome": 4365000000,
    "operatingIncomeRatio": 0.3917609047,
    "totalOtherIncomeExpensesNet": -487000000,
    "incomeBeforeTax": 3878000000,
    "incomeBeforeTaxRatio": 0.3480524143,
    "incomeTaxExpense": 873000000,
    "netIncome": 3005000000,
    "netIncomeRatio": 0.2697002334,
    "eps": 12.16,
    "epsdiluted": 12.11,
    "weightedAverageShsOut": 246900000,
    "weightedAverageShsOutDil": 248100000,
    "link": "https://www.sec.gov/Archives/edgar/data/702165/000070216522000007/0000702165-22-000007-index.htm",
    "finalLink": "https://www.sec.gov/Archives/edgar/data/702165/000070216522000007/nsc-20211231.htm"
  },
  {
    "date": "2020-12-31",
    "symbol": "NSC",
    "reportedCurrency": "USD",
    "cik": "0000702165",
    "fillingDate": "2021-02-04",
    "acceptedDate": "2021-02-04 12:09:20",
    "calendarYear": "2020",
    "period": "FY",
    "revenue": 9789000000,
    "costOfRevenue": 6392000000,
    "grossProfit": 3397000000,
    "grossProfitRatio": 0.3470221677,
    "researchAndDevelopmentExpenses": 0,
    "generalAndAdministrativeExpenses": 0,
    "sellingAndMarketingExpenses": 0,
    "sellingGeneralAndAdministrativeExpenses": 0,
    "otherExpenses": 0,
    "operatingExpenses": 0,
    "costAndExpenses": 6392000000,
    "interestIncome": 0,
    "interestExpense": 625000000,
    "depreciationAndAmortization": 1154000000,
    "ebitda": 4309000000,
    "ebitdaratio": 0.4401879661,
    "operatingIncome": 3397000000,
    "operatingIncomeRatio": 0.3470221677,
    "totalOtherIncomeExpensesNet": -867000000,
    "incomeBeforeTax": 2530000000,
    "incomeBeforeTaxRatio": 0.258453366,
    "incomeTaxExpense": 517000000,
    "netIncome": 2013000000,
    "netIncomeRatio": 0.2056389825,
    "eps": 7.88,
    "epsdiluted": 7.84,
    "weightedAverageShsOut": 255100000,
    "weightedAverageShsOutDil": 256600000,
    "link": "https://www.sec.gov/Archives/edgar/data/702165/000070216521000006/0000702165-21-000006-index.htm",
    "finalLink": "https://www.sec.gov/Archives/edgar/data/702165/000070216521000006/nsc-20201231.htm"
  },
  {
    "date": "2019-12-31",
    "symbol": "NSC",
    "reportedCurrency": "USD",
    "cik": "0000702165",
    "fillingDate": "2020-02-06",
    "acceptedDate": "2020-02-06 10:46:09",
    "calendarYear": "2019",
    "period": "FY",
    "revenue": 11296000000,
    "costOfRevenue": 7403000000,
    "grossProfit": 3893000000,
    "grossProfitRatio": 0.3446352691,
    "researchAndDevelopmentExpenses": 0,
    "generalAndAdministrativeExpenses": 0,
    "sellingAndMarketingExpenses": 0,
    "sellingGeneralAndAdministrativeExpenses": 0,
    "otherExpenses": 0,
    "operatingExpenses": 0,
    "costAndExpenses": 7403000000,
    "interestIncome": 0,
    "interestExpense": 604000000,
    "depreciationAndAmortization": 1138000000,
    "ebitda": 5233000000,
    "ebitdaratio": 0.4632613314,
    "operatingIncome": 3893000000,
    "operatingIncomeRatio": 0.3446352691,
    "totalOtherIncomeExpensesNet": -402000000,
    "incomeBeforeTax": 3491000000,
    "incomeBeforeTaxRatio": 0.3090474504,
    "incomeTaxExpense": 769000000,
    "netIncome": 2722000000,
    "netIncomeRatio": 0.240970255,
    "eps": 10.32,
    "epsdiluted": 10.25,
    "weightedAverageShsOut": 263300000,
    "weightedAverageShsOutDil": 265600000,
    "link": "https://www.sec.gov/Archives/edgar/data/702165/000070216520000011/0000702165-20-000011-index.htm",
    "finalLink": "https://www.sec.gov/Archives/edgar/data/702165/000070216520000011/nsc-20191231.htm"
  },
  {
    "date": "2018-12-31",
    "symbol": "NSC",
    "reportedCurrency": "USD",
    "cik": "0000702165",
    "fillingDate": "2019-02-08",
    "acceptedDate": "2019-02-08 16:58:07",
    "calendarYear": "2018",
    "period": "FY",
    "revenue": 11458000000,
    "costOfRevenue": 7499000000,
    "grossProfit": 3959000000,
    "grossProfitRatio": 0.3455227788,
    "researchAndDevelopmentExpenses": 0,
    "generalAndAdministrativeExpenses": 0,
    "sellingAndMarketingExpenses": 0,
    "sellingGeneralAndAdministrativeExpenses": 0,
    "otherExpenses": 0,
    "operatingExpenses": 0,
    "costAndExpenses": 7499000000,
    "interestIncome": 0,
    "interestExpense": 557000000,
    "depreciationAndAmortization": 1102000000,
    "ebitda": 5128000000,
    "ebitdaratio": 0.447547565,
    "operatingIncome": 3959000000,
    "operatingIncomeRatio": 0.3455227788,
    "totalOtherIncomeExpensesNet": -490000000,
    "incomeBeforeTax": 3469000000,
    "incomeBeforeTaxRatio": 0.3027578984,
    "incomeTaxExpense": 803000000,
    "netIncome": 2666000000,
    "netIncomeRatio": 0.2326758597,
    "eps": 9.94,
    "epsdiluted": 9.51,
    "weightedAverageShsOut": 268098472,
    "weightedAverageShsOutDil": 280200000,
    "link": "https://www.sec.gov/Archives/edgar/data/702165/000070216519000012/0000702165-19-000012-index.htm",
    "finalLink": "https://www.sec.gov/Archives/edgar/data/702165/000070216519000012/nsc1231201810-k.htm"
  },
  {
    "date": "2017-12-31",
    "symbol": "NSC",
    "reportedCurrency": "USD",
    "cik": "0000702165",
    "fillingDate": "2018-02-05",
    "acceptedDate": "2018-02-05 11:35:19",
    "calendarYear": "2017",
    "period": "FY",
    "revenue": 10551000000,
    "costOfRevenue": 7029000000,
    "grossProfit": 3522000000,
    "grossProfitRatio": 0.3338072221,
    "researchAndDevelopmentExpenses": 0,
    "generalAndAdministrativeExpenses": 0,
    "sellingAndMarketingExpenses": 0,
    "sellingGeneralAndAdministrativeExpenses": 0,
    "otherExpenses": 0,
    "operatingExpenses": 0,
    "costAndExpenses": 7029000000,
    "interestIncome": 13000000,
    "interestExpense": 550000000,
    "depreciationAndAmortization": 1055000000,
    "ebitda": 4733000000,
    "ebitdaratio": 0.4485830727,
    "operatingIncome": 3522000000,
    "operatingIncomeRatio": 0.3338072221,
    "totalOtherIncomeExpensesNet": -394000000,
    "incomeBeforeTax": 3128000000,
    "incomeBeforeTaxRatio": 0.2964647901,
    "incomeTaxExpense": -2276000000,
    "netIncome": 5404000000,
    "netIncomeRatio": 0.5121789404,
    "eps": 18.76,
    "epsdiluted": 18.61,
    "weightedAverageShsOut": 287900000,
    "weightedAverageShsOutDil": 290300000,
    "link": "https://www.sec.gov/Archives/edgar/data/702165/000070216518000011/0000702165-18-000011-index.htm",
    "finalLink": "https://www.sec.gov/Archives/edgar/data/702165/000070216518000011/nsc1231201710-knew.htm"
  },
  {
    "date": "2016-12-31",
    "symbol": "NSC",
    "reportedCurrency": "USD",
    "cik": "0000702165",
    "fillingDate": "2017-02-06",
    "acceptedDate": "2017-02-06 12:30:52",
    "calendarYear": "2016",
    "period": "FY",
    "revenue": 9888000000,
    "costOfRevenue": 6818000000,
    "grossProfit": 3070000000,
    "grossProfitRatio": 0.3104773463,
    "researchAndDevelopmentExpenses": 0,
    "generalAndAdministrativeExpenses": 0,
    "sellingAndMarketingExpenses": 0,
    "sellingGeneralAndAdministrativeExpenses": 0,
    "otherExpenses": 0,
    "operatingExpenses": 0,
    "costAndExpenses": 6818000000,
    "interestIncome": 10000000,
    "interestExpense": 569000000,
    "depreciationAndAmortization": 1061000000,
    "ebitda": 4212000000,
    "ebitdaratio": 0.4259708738,
    "operatingIncome": 3070000000,
    "operatingIncomeRatio": 0.3104773463,
    "totalOtherIncomeExpensesNet": -488000000,
    "incomeBeforeTax": 2582000000,
    "incomeBeforeTaxRatio": 0.2611245955,
    "incomeTaxExpense": 914000000,
    "netIncome": 1668000000,
    "netIncomeRatio": 0.1686893204,
    "eps": 5.66,
    "epsdiluted": 5.62,
    "weightedAverageShsOut": 293900000,
    "weightedAverageShsOutDil": 296000000,
    "link": "https://www.sec.gov/Archives/edgar/data/702165/000070216517000018/0000702165-17-000018-index.htm",
    "finalLink": "https://www.sec.gov/Archives/edgar/data/702165/000070216517000018/nsc1231201610-k.htm"
  },
  {
    "date": "2015-12-31",
    "symbol": "NSC",
    "reportedCurrency": "USD",
    "cik": "0000702165",
    "fillingDate": "2016-02-08",
    "acceptedDate": "2016-02-08 17:11:14",
    "calendarYear": "2015",
    "period": "FY",
    "revenue": 10511000000,
    "costOfRevenue": 7632000000,
    "grossProfit": 2879000000,
    "grossProfitRatio": 0.2739035296,
    "researchAndDevelopmentExpenses": 0,
    "generalAndAdministrativeExpenses": 0,
    "sellingAndMarketingExpenses": 0,
    "sellingGeneralAndAdministrativeExpenses": 0,
    "otherExpenses": 0,
    "operatingExpenses": 0,
    "costAndExpenses": 7632000000,
    "interestIncome": 8000000,
    "interestExpense": 545000000,
    "depreciationAndAmortization": 1059000000,
    "ebitda": 4090000000,
    "ebitdaratio": 0.389116164,
    "operatingIncome": 2879000000,
    "operatingIncomeRatio": 0.2739035296,
    "totalOtherIncomeExpensesNet": -437000000,
    "incomeBeforeTax": 2442000000,
    "incomeBeforeTaxRatio": 0.2323280373,
    "incomeTaxExpense": 886000000,
    "netIncome": 1556000000,
    "netIncomeRatio": 0.1480353915,
    "eps": 5.13,
    "epsdiluted": 5.1,
    "weightedAverageShsOut": 301900000,
    "weightedAverageShsOutDil": 304400000,
    "link": "https://www.sec.gov/Archives/edgar/data/702165/000070216516000162/0000702165-16-000162-index.htm",
    "finalLink": "https://www.sec.gov/Archives/edgar/data/702165/000070216516000162/nsc1231201510-k.htm"
  },
  {
    "date": "2014-12-31",
    "symbol": "NSC",
    "reportedCurrency": "USD",
    "cik": "0000702165",
    "fillingDate": "2015-02-11",
    "acceptedDate": "2015-02-11 13:03:35",
    "calendarYear": "2014",
    "period": "FY",
    "revenue": 11624000000,
    "costOfRevenue": 8054000000,
    "grossProfit": 3570000000,
    "grossProfitRatio": 0.3071231934,
    "researchAndDevelopmentExpenses": 0,
    "generalAndAdministrativeExpenses": 0,
    "sellingAndMarketingExpenses": 0,
    "sellingGeneralAndAdministrativeExpenses": 0,
    "otherExpenses": 0,
    "operatingExpenses": 0,
    "costAndExpenses": 8054000000,
    "interestIncome": 9000000,
    "interestExpense": 557000000,
    "depreciationAndAmortization": 956000000,
    "ebitda": 4647000000,
    "ebitdaratio": 0.3997763248,
    "operatingIncome": 3570000000,
    "operatingIncomeRatio": 0.3071231934,
    "totalOtherIncomeExpensesNet": -436000000,
    "incomeBeforeTax": 3134000000,
    "incomeBeforeTaxRatio": 0.2696145905,
    "incomeTaxExpense": 1134000000,
    "netIncome": 2000000000,
    "netIncomeRatio": 0.1720578114,
    "eps": 6.44,
    "epsdiluted": 6.39,
    "weightedAverageShsOut": 309400000,
    "weightedAverageShsOutDil": 312500000,
    "link": "https://www.sec.gov/Archives/edgar/data/702165/000070216515000023/0000702165-15-000023-index.htm",
    "finalLink": "https://www.sec.gov/Archives/edgar/data/702165/000070216515000023/nsc1231201410-k.htm"
  },
  {
    "date": "2013-12-31",
    "symbol": "NSC",
    "reportedCurrency": "USD",
    "cik": "0000702165",
    "fillingDate": "2014-02-14",
    "acceptedDate": "2014-02-14 10:35:57",
    "calendarYear": "2013",
    "period": "FY",
    "revenue": 11245000000,
    "costOfRevenue": 7994000000,
    "grossProfit": 3251000000,
    "grossProfitRatio": 0.2891062695,
    "researchAndDevelopmentExpenses": 0,
    "generalAndAdministrativeExpenses": 0,
    "sellingAndMarketingExpenses": 0,
    "sellingGeneralAndAdministrativeExpenses": 0,
    "otherExpenses": 0,
    "operatingExpenses": 0,
    "costAndExpenses": 7994000000,
    "interestIncome": 8000000,
    "interestExpense": 537000000,
    "depreciationAndAmortization": 922000000,
    "ebitda": 4424000000,
    "ebitdaratio": 0.3934192975,
    "operatingIncome": 3251000000,
    "operatingIncomeRatio": 0.2891062695,
    "totalOtherIncomeExpensesNet": -286000000,
    "incomeBeforeTax": 2965000000,
    "incomeBeforeTaxRatio": 0.2636727434,
    "incomeTaxExpense": 1055000000,
    "netIncome": 1910000000,
    "netIncomeRatio": 0.1698532681,
    "eps": 6.1,
    "epsdiluted": 6.04,
    "weightedAverageShsOut": 311900000,
    "weightedAverageShsOutDil": 315500000,
    "link": "https://www.sec.gov/Archives/edgar/data/702165/000070216514000019/0000702165-14-000019-index.htm",
    "finalLink": "https://www.sec.gov/Archives/edgar/data/702165/000070216514000019/nsc13.htm"
  },
  {
    "date": "2012-12-31",
    "symbol": "NSC",
    "reportedCurrency": "USD",
    "cik": "0000702165",
    "fillingDate": "2013-02-15",
    "acceptedDate": "2013-02-15 11:49:47",
    "calendarYear": "2012",
    "period": "FY",
    "revenue": 11040000000,
    "costOfRevenue": 7922000000,
    "grossProfit": 3118000000,
    "grossProfitRatio": 0.2824275362,
    "researchAndDevelopmentExpenses": 0,
    "generalAndAdministrativeExpenses": 0,
    "sellingAndMarketingExpenses": 0,
    "sellingGeneralAndAdministrativeExpenses": 0,
    "otherExpenses": 0,
    "operatingExpenses": 0,
    "costAndExpenses": 7922000000,
    "interestIncome": 8000000,
    "interestExpense": 504000000,
    "depreciationAndAmortization": 922000000,
    "ebitda": 4175000000,
    "ebitdaratio": 0.3781702899,
    "operatingIncome": 3118000000,
    "operatingIncomeRatio": 0.2824275362,
    "totalOtherIncomeExpensesNet": -360000000,
    "incomeBeforeTax": 2758000000,
    "incomeBeforeTaxRatio": 0.2498188406,
    "incomeTaxExpense": 1009000000,
    "netIncome": 1749000000,
    "netIncomeRatio": 0.158423913,
    "eps": 5.42,
    "epsdiluted": 5.37,
    "weightedAverageShsOut": 320900000,
    "weightedAverageShsOutDil": 325200000,
    "link": "https://www.sec.gov/Archives/edgar/data/702165/000070216513000042/0000702165-13-000042-index.htm",
    "finalLink": "https://www.sec.gov/Archives/edgar/data/702165/000070216513000042/nsc12.htm"
  },
  {
    "date": "2011-12-31",
    "symbol": "NSC",
    "reportedCurrency": "USD",
    "cik": "0000702165",
    "fillingDate": "2012-02-15",
    "acceptedDate": "2012-02-15 10:12:15",
    "calendarYear": "2011",
    "period": "FY",
    "revenue": 11172000000,
    "costOfRevenue": 7966000000,
    "grossProfit": 3206000000,
    "grossProfitRatio": 0.2869674185,
    "researchAndDevelopmentExpenses": 0,
    "generalAndAdministrativeExpenses": 0,
    "sellingAndMarketingExpenses": 0,
    "sellingGeneralAndAdministrativeExpenses": 0,
    "otherExpenses": 0,
    "operatingExpenses": 0,
    "costAndExpenses": 7966000000,
    "interestIncome": 9000000,
    "interestExpense": 455000000,
    "depreciationAndAmortization": 869000000,
    "ebitda": 4242000000,
    "ebitdaratio": 0.3796992481,
    "operatingIncome": 3206000000,
    "operatingIncomeRatio": 0.2869674185,
    "totalOtherIncomeExpensesNet": -288000000,
    "incomeBeforeTax": 2918000000,
    "incomeBeforeTaxRatio": 0.261188686,
    "incomeTaxExpense": 1002000000,
    "netIncome": 1916000000,
    "netIncomeRatio": 0.171500179,
    "eps": 5.52,
    "epsdiluted": 5.45,
    "weightedAverageShsOut": 345500000,
    "weightedAverageShsOutDil": 351300000,
    "link": "https://www.sec.gov/Archives/edgar/data/702165/000070216512000043/0000702165-12-000043-index.htm",
    "finalLink": "https://www.sec.gov/Archives/edgar/data/702165/000070216512000043/nsc11.htm"
  },
  {
    "date": "2010-12-31",
    "symbol": "NSC",
    "reportedCurrency": "USD",
    "cik": "0000702165",
    "fillingDate": "2011-02-17",
    "acceptedDate": "2011-02-16 20:44:39",
    "calendarYear": "2010",
    "period": "FY",
    "revenue": 9516000000,
    "costOfRevenue": 6847000000,
    "grossProfit": 2669000000,
    "grossProfitRatio": 0.2804749895,
    "researchAndDevelopmentExpenses": 0,
    "generalAndAdministrativeExpenses": 0,
    "sellingAndMarketingExpenses": 0,
    "sellingGeneralAndAdministrativeExpenses": 0,
    "otherExpenses": 0,
    "operatingExpenses": 0,
    "costAndExpenses": 6847000000,
    "interestIncome": 12000000,
    "interestExpense": 462000000,
    "depreciationAndAmortization": 826000000,
    "ebitda": 3671000000,
    "ebitdaratio": 0.3857713325,
    "operatingIncome": 2669000000,
    "operatingIncomeRatio": 0.2804749895,
    "totalOtherIncomeExpensesNet": -302000000,
    "incomeBeforeTax": 2367000000,
    "incomeBeforeTaxRatio": 0.248738966,
    "incomeTaxExpense": 871000000,
    "netIncome": 1496000000,
    "netIncomeRatio": 0.1572089113,
    "eps": 4.06,
    "epsdiluted": 4,
    "weightedAverageShsOut": 366500000,
    "weightedAverageShsOutDil": 371800000,
    "link": "https://www.sec.gov/Archives/edgar/data/702165/000070216511000047/0000702165-11-000047-index.htm",
    "finalLink": "https://www.sec.gov/Archives/edgar/data/702165/000070216511000047/nsc10s.htm"
  },
  {
    "date": "2009-12-31",
    "symbol": "NSC",
    "reportedCurrency": "USD",
    "cik": "0000702165",
    "fillingDate": "2010-02-17",
    "acceptedDate": "2010-02-17 17:16:32",
    "calendarYear": "2009",
    "period": "FY",
    "revenue": 7969000000,
    "costOfRevenue": 6007000000,
    "grossProfit": 1962000000,
    "grossProfitRatio": 0.2462040407,
    "researchAndDevelopmentExpenses": 0,
    "generalAndAdministrativeExpenses": 0,
    "sellingAndMarketingExpenses": 0,
    "sellingGeneralAndAdministrativeExpenses": 0,
    "otherExpenses": 0,
    "operatingExpenses": 0,
    "costAndExpenses": 6007000000,
    "interestIncome": 0,
    "interestExpense": 467000000,
    "depreciationAndAmortization": 845000000,
    "ebitda": 2939000000,
    "ebitdaratio": 0.3688041159,
    "operatingIncome": 1962000000,
    "operatingIncomeRatio": 0.2462040407,
    "totalOtherIncomeExpensesNet": -340000000,
    "incomeBeforeTax": 1622000000,
    "incomeBeforeTaxRatio": 0.2035387125,
    "incomeTaxExpense": 588000000,
    "netIncome": 1034000000,
    "netIncomeRatio": 0.1297527921,
    "eps": 2.79,
    "epsdiluted": 2.76,
    "weightedAverageShsOut": 367100000,
    "weightedAverageShsOutDil": 372100000,
    "link": "https://www.sec.gov/Archives/edgar/data/702165/000070216510000049/0000702165-10-000049-index.htm",
    "finalLink": "https://www.sec.gov/Archives/edgar/data/702165/000070216510000049/nsc09s.htm"
  },
  {
    "date": "2008-12-31",
    "symbol": "NSC",
    "reportedCurrency": "USD",
    "cik": "0000702165",
    "fillingDate": "2009-02-18",
    "acceptedDate": "2009-02-18 17:31:18",
    "calendarYear": "2008",
    "period": "FY",
    "revenue": 10661000000,
    "costOfRevenue": 7577000000,
    "grossProfit": 3084000000,
    "grossProfitRatio": 0.2892786793,
    "researchAndDevelopmentExpenses": 0,
    "generalAndAdministrativeExpenses": 0,
    "sellingAndMarketingExpenses": 0,
    "sellingGeneralAndAdministrativeExpenses": 0,
    "otherExpenses": 0,
    "operatingExpenses": 0,
    "costAndExpenses": 7577000000,
    "interestIncome": 20000000,
    "interestExpense": 444000000,
    "depreciationAndAmortization": 815000000,
    "ebitda": 4009000000,
    "ebitdaratio": 0.3760435231,
    "operatingIncome": 3084000000,
    "operatingIncomeRatio": 0.2892786793,
    "totalOtherIncomeExpensesNet": -334000000,
    "incomeBeforeTax": 2750000000,
    "incomeBeforeTaxRatio": 0.2579495357,
    "incomeTaxExpense": 1034000000,
    "netIncome": 1716000000,
    "netIncomeRatio": 0.1609605103,
    "eps": 4.6,
    "epsdiluted": 4.52,
    "weightedAverageShsOut": 372300000,
    "weightedAverageShsOutDil": 380000000,
    "link": "https://www.sec.gov/Archives/edgar/data/702165/000070216509000050/0000702165-09-000050-index.htm",
    "finalLink": "https://www.sec.gov/Archives/edgar/data/702165/000070216509000050/nsc10k08s.htm"
  },
  {
    "date": "2007-12-31",
    "symbol": "NSC",
    "reportedCurrency": "USD",
    "cik": "0000702165",
    "fillingDate": "2008-02-15",
    "acceptedDate": "2008-02-15 15:43:11",
    "calendarYear": "2007",
    "period": "FY",
    "revenue": 9432000000,
    "costOfRevenue": 6858000000,
    "grossProfit": 2574000000,
    "grossProfitRatio": 0.2729007634,
    "researchAndDevelopmentExpenses": 0,
    "generalAndAdministrativeExpenses": 0,
    "sellingAndMarketingExpenses": 0,
    "sellingGeneralAndAdministrativeExpenses": 0,
    "otherExpenses": 0,
    "operatingExpenses": 0,
    "costAndExpenses": 6858000000,
    "interestIncome": 45000000,
    "interestExpense": 441000000,
    "depreciationAndAmortization": 786000000,
    "ebitda": 3491000000,
    "ebitdaratio": 0.3701229856,
    "operatingIncome": 2574000000,
    "operatingIncomeRatio": 0.2729007634,
    "totalOtherIncomeExpensesNet": -337000000,
    "incomeBeforeTax": 2237000000,
    "incomeBeforeTaxRatio": 0.2371713316,
    "incomeTaxExpense": 773000000,
    "netIncome": 1464000000,
    "netIncomeRatio": 0.155216285,
    "eps": 3.74,
    "epsdiluted": 3.68,
    "weightedAverageShsOut": 389600000,
    "weightedAverageShsOutDil": 397800000,
    "link": "https://www.sec.gov/Archives/edgar/data/702165/000070216508000047/0000702165-08-000047-index.htm",
    "finalLink": "https://www.sec.gov/Archives/edgar/data/702165/000070216508000047/nsc07fnls.htm"
  },
  {
    "date": "2006-12-31",
    "symbol": "NSC",
    "reportedCurrency": "USD",
    "cik": "0000702165",
    "fillingDate": "2007-02-22",
    "acceptedDate": "2007-02-22 16:56:42",
    "calendarYear": "2006",
    "period": "FY",
    "revenue": 9407000000,
    "costOfRevenue": 6850000000,
    "grossProfit": 2557000000,
    "grossProfitRatio": 0.2718188583,
    "researchAndDevelopmentExpenses": 0,
    "generalAndAdministrativeExpenses": 0,
    "sellingAndMarketingExpenses": 0,
    "sellingGeneralAndAdministrativeExpenses": 0,
    "otherExpenses": 0,
    "operatingExpenses": 0,
    "costAndExpenses": 6850000000,
    "interestIncome": 0,
    "interestExpense": 0,
    "depreciationAndAmortization": 750000000,
    "ebitda": 3473000000,
    "ebitdaratio": 0.369193154,
    "operatingIncome": 2557000000,
    "operatingIncomeRatio": 0.2718188583,
    "totalOtherIncomeExpensesNet": -327000000,
    "incomeBeforeTax": 2230000000,
    "incomeBeforeTaxRatio": 0.2370575104,
    "incomeTaxExpense": 749000000,
    "netIncome": 1481000000,
    "netIncomeRatio": 0.157435952,
    "eps": 3.63,
    "epsdiluted": 3.57,
    "weightedAverageShsOut": 407988981,
    "weightedAverageShsOutDil": 414845938,
    "link": "https://www.sec.gov/Archives/edgar/data/702165/000070216507000067/0000702165-07-000067-index.htm",
    "finalLink": "https://www.sec.gov/Archives/edgar/data/702165/000070216507000067/nsc10k06s.htm"
  },
  {
    "date": "2005-12-31",
    "symbol": "NSC",
    "reportedCurrency": "USD",
    "cik": "0000702165",
    "fillingDate": "2006-02-23",
    "acceptedDate": "2006-02-23 17:28:12",
    "calendarYear": "2005",
    "period": "FY",
    "revenue": 8527000000,
    "costOfRevenue": 5932000000,
    "grossProfit": 2595000000,
    "grossProfitRatio": 0.3043274305,
    "researchAndDevelopmentExpenses": 0,
    "generalAndAdministrativeExpenses": 0,
    "sellingAndMarketingExpenses": 0,
    "sellingGeneralAndAdministrativeExpenses": 0,
    "otherExpenses": -437000000,
    "operatingExpenses": 437000000,
    "costAndExpenses": 6369000000,
    "interestIncome": 0,
    "interestExpense": 497000000,
    "depreciationAndAmortization": 787000000,
    "ebitda": 2984000000,
    "ebitdaratio": 0.3499472265,
    "operatingIncome": 2158000000,
    "operatingIncomeRatio": 0.2530784567,
    "totalOtherIncomeExpensesNet": -461000000,
    "incomeBeforeTax": 1697000000,
    "incomeBeforeTaxRatio": 0.1990148939,
    "incomeTaxExpense": 416000000,
    "netIncome": 1281000000,
    "netIncomeRatio": 0.1502286854,
    "eps": 3.17,
    "epsdiluted": 3.11,
    "weightedAverageShsOut": 404100946,
    "weightedAverageShsOutDil": 411897106,
    "link": "https://www.sec.gov/Archives/edgar/data/702165/000070216506000097/0000702165-06-000097-index.htm",
    "finalLink": "https://www.sec.gov/Archives/edgar/data/702165/000070216506000097/nsc10k052.htm"
  },
  {
    "date": "2004-12-31",
    "symbol": "NSC",
    "reportedCurrency": "USD",
    "cik": "0000702165",
    "fillingDate": "2005-03-02",
    "acceptedDate": "2005-03-02 14:29:02",
    "calendarYear": "2004",
    "period": "FY",
    "revenue": 7312000000,
    "costOfRevenue": 5239000000,
    "grossProfit": 2073000000,
    "grossProfitRatio": 0.2835065646,
    "researchAndDevelopmentExpenses": 0,
    "generalAndAdministrativeExpenses": 0,
    "sellingAndMarketingExpenses": 0,
    "sellingGeneralAndAdministrativeExpenses": 0,
    "otherExpenses": -371000000,
    "operatingExpenses": 371000000,
    "costAndExpenses": 5610000000,
    "interestIncome": 0,
    "interestExpense": 0,
    "depreciationAndAmortization": 609000000,
    "ebitda": 2417000000,
    "ebitdaratio": 0.3305525164,
    "operatingIncome": 1702000000,
    "operatingIncomeRatio": 0.2327680525,
    "totalOtherIncomeExpensesNet": -400000000,
    "incomeBeforeTax": 1302000000,
    "incomeBeforeTaxRatio": 0.1780634573,
    "incomeTaxExpense": 379000000,
    "netIncome": 923000000,
    "netIncomeRatio": 0.1262308534,
    "eps": 2.34,
    "epsdiluted": 2.31,
    "weightedAverageShsOut": 394444444,
    "weightedAverageShsOutDil": 399567100,
    "link": "https://www.sec.gov/Archives/edgar/data/702165/000070216505000071/0000702165-05-000071-index.htm",
    "finalLink": "https://www.sec.gov/Archives/edgar/data/702165/000070216505000071/nsc04s.htm"
  },
  {
    "date": "2003-12-31",
    "symbol": "NSC",
    "reportedCurrency": "USD",
    "cik": "0000702165",
    "fillingDate": "2004-02-13",
    "acceptedDate": "2004-02-13 13:47:55",
    "calendarYear": "2003",
    "period": "FY",
    "revenue": 6468000000,
    "costOfRevenue": 2826000000,
    "grossProfit": 3642000000,
    "grossProfitRatio": 0.5630797774,
    "researchAndDevelopmentExpenses": 0,
    "generalAndAdministrativeExpenses": 3056000000,
    "sellingAndMarketingExpenses": 0,
    "sellingGeneralAndAdministrativeExpenses": 3056000000,
    "otherExpenses": 638000000,
    "operatingExpenses": 3694000000,
    "costAndExpenses": 6520000000,
    "interestIncome": 0,
    "interestExpense": 0,
    "depreciationAndAmortization": 528000000,
    "ebitda": 1064000000,
    "ebitdaratio": 0.1645021645,
    "operatingIncome": 1064000000,
    "operatingIncomeRatio": 0.1645021645,
    "totalOtherIncomeExpensesNet": -478000000,
    "incomeBeforeTax": 586000000,
    "incomeBeforeTaxRatio": 0.0905998763,
    "incomeTaxExpense": 175000000,
    "netIncome": 535000000,
    "netIncomeRatio": 0.0827149041,
    "eps": 1.37,
    "epsdiluted": 1.37,
    "weightedAverageShsOut": 390510949,
    "weightedAverageShsOutDil": 390510949,
    "link": "https://www.sec.gov/Archives/edgar/data/702165/000070216504000053/0000702165-04-000053-index.htm",
    "finalLink": "https://www.sec.gov/Archives/edgar/data/702165/000070216504000053/nscf10ks.htm"
  },
  {
    "date": "2002-12-31",
    "symbol": "NSC",
    "reportedCurrency": "USD",
    "cik": "0000702165",
    "fillingDate": "2003-02-24",
    "acceptedDate": "2003-02-21 21:07:43",
    "calendarYear": "2002",
    "period": "FY",
    "revenue": 6270000000,
    "costOfRevenue": 2382000000,
    "grossProfit": 3888000000,
    "grossProfitRatio": 0.6200956938,
    "researchAndDevelopmentExpenses": 0,
    "generalAndAdministrativeExpenses": 2364000000,
    "sellingAndMarketingExpenses": 0,
    "sellingGeneralAndAdministrativeExpenses": 2364000000,
    "otherExpenses": 708000000,
    "operatingExpenses": 3072000000,
    "costAndExpenses": 5454000000,
    "interestIncome": 0,
    "interestExpense": 0,
    "depreciationAndAmortization": 529000000,
    "ebitda": 1158000000,
    "ebitdaratio": 0.1846889952,
    "operatingIncome": 1158000000,
    "operatingIncomeRatio": 0.1846889952,
    "totalOtherIncomeExpensesNet": -452000000,
    "incomeBeforeTax": 706000000,
    "incomeBeforeTaxRatio": 0.112599681,
    "incomeTaxExpense": 246000000,
    "netIncome": 460000000,
    "netIncomeRatio": 0.0733652313,
    "eps": 1.18,
    "epsdiluted": 1.18,
    "weightedAverageShsOut": 389830508,
    "weightedAverageShsOutDil": 389830508,
    "link": "https://www.sec.gov/Archives/edgar/data/702165/000070216503000077/0000702165-03-000077-index.htm",
    "finalLink": "https://www.sec.gov/Archives/edgar/data/702165/000070216503000077/nsc10k02.htm"
  },
  {
    "date": "2001-12-31",
    "symbol": "NSC",
    "reportedCurrency": "USD",
    "cik": "0000702165",
    "fillingDate": "2002-02-21",
    "acceptedDate": "2002-02-21 00:00:00",
    "calendarYear": "2001",
    "period": "FY",
    "revenue": 6170000000,
    "costOfRevenue": 2420000000,
    "grossProfit": 3750000000,
    "grossProfitRatio": 0.6077795786,
    "researchAndDevelopmentExpenses": 0,
    "generalAndAdministrativeExpenses": 2300000000,
    "sellingAndMarketingExpenses": 0,
    "sellingGeneralAndAdministrativeExpenses": 2300000000,
    "otherExpenses": 729000000,
    "operatingExpenses": 3029000000,
    "costAndExpenses": 5449000000,
    "interestIncome": 0,
    "interestExpense": 0,
    "depreciationAndAmortization": 527000000,
    "ebitda": 406000000,
    "ebitdaratio": 0.065802269,
    "operatingIncome": 1007000000,
    "operatingIncomeRatio": 0.1632090762,
    "totalOtherIncomeExpensesNet": -454000000,
    "incomeBeforeTax": 553000000,
    "incomeBeforeTaxRatio": 0.0896272285,
    "incomeTaxExpense": 191000000,
    "netIncome": 375000000,
    "netIncomeRatio": 0.0607779579,
    "eps": 0.97,
    "epsdiluted": 0.97,
    "weightedAverageShsOut": 386597938,
    "weightedAverageShsOutDil": 386597938,
    "link": "https://www.sec.gov/Archives/edgar/data/702165/000070216502000012/0000702165-02-000012-index.htm",
    "finalLink": "https://www.sec.gov/Archives/edgar/data/702165/000070216502000012/corp10k01.txt"
  },
  {
    "date": "2000-12-31",
    "symbol": "NSC",
    "reportedCurrency": "USD",
    "cik": "0000702165",
    "fillingDate": "2001-03-05",
    "acceptedDate": "2001-03-05 00:00:00",
    "calendarYear": "2000",
    "period": "FY",
    "revenue": 6159000000,
    "costOfRevenue": 2543000000,
    "grossProfit": 3616000000,
    "grossProfitRatio": 0.5871082968,
    "researchAndDevelopmentExpenses": 0,
    "generalAndAdministrativeExpenses": 2518000000,
    "sellingAndMarketingExpenses": 0,
    "sellingGeneralAndAdministrativeExpenses": 2518000000,
    "otherExpenses": 749000000,
    "operatingExpenses": 3267000000,
    "costAndExpenses": 5810000000,
    "interestIncome": 0,
    "interestExpense": 0,
    "depreciationAndAmortization": 517000000,
    "ebitda": 866000000,
    "ebitdaratio": 0.1406072414,
    "operatingIncome": 633000000,
    "operatingIncomeRatio": 0.1027764247,
    "totalOtherIncomeExpensesNet": -383000000,
    "incomeBeforeTax": 250000000,
    "incomeBeforeTaxRatio": 0.040591005,
    "incomeTaxExpense": 78000000,
    "netIncome": 172000000,
    "netIncomeRatio": 0.0279266115,
    "eps": 0.45,
    "epsdiluted": 0.45,
    "weightedAverageShsOut": 382222222,
    "weightedAverageShsOutDil": 382222222,
    "link": "https://www.sec.gov/Archives/edgar/data/702165/000070216501000012/0000702165-01-000012-index.htm",
    "finalLink": "https://www.sec.gov/Archives/edgar/data/702165/000070216501000012/0000702165-01-000012-0001.txt"
  },
  {
    "date": "1999-12-31",
    "symbol": "NSC",
    "reportedCurrency": "USD",
    "cik": "0000702165",
    "fillingDate": "2000-03-06",
    "acceptedDate": "2000-03-06 00:00:00",
    "calendarYear": "1999",
    "period": "FY",
    "revenue": 5195000000,
    "costOfRevenue": 1931000000,
    "grossProfit": 3264000000,
    "grossProfitRatio": 0.6282964389,
    "researchAndDevelopmentExpenses": 0,
    "generalAndAdministrativeExpenses": 2131000000,
    "sellingAndMarketingExpenses": 0,
    "sellingGeneralAndAdministrativeExpenses": 2131000000,
    "otherExpenses": 691000000,
    "operatingExpenses": 2822000000,
    "costAndExpenses": 4753000000,
    "interestIncome": 0,
    "interestExpense": 0,
    "depreciationAndAmortization": 489000000,
    "ebitda": 931000000,
    "ebitdaratio": 0.1792107796,
    "operatingIncome": 718000000,
    "operatingIncomeRatio": 0.1382098171,
    "totalOtherIncomeExpensesNet": -367000000,
    "incomeBeforeTax": 351000000,
    "incomeBeforeTaxRatio": 0.0675649663,
    "incomeTaxExpense": 112000000,
    "netIncome": 239000000,
    "netIncomeRatio": 0.0460057748,
    "eps": 0.63,
    "epsdiluted": 0.63,
    "weightedAverageShsOut": 379365079,
    "weightedAverageShsOutDil": 379365079,
    "link": "https://www.sec.gov/Archives/edgar/data/702165/000070216500000037/0000702165-00-000037-index.html",
    "finalLink": "https://www.sec.gov/Archives/edgar/data/702165/000070216500000037/"
  },
  {
    "date": "1998-12-31",
    "symbol": "NSC",
    "reportedCurrency": "USD",
    "cik": "0000702165",
    "fillingDate": "1999-03-24",
    "acceptedDate": "1999-03-24 00:00:00",
    "calendarYear": "1998",
    "period": "FY",
    "revenue": 4221000000,
    "costOfRevenue": 269000000,
    "grossProfit": 3952000000,
    "grossProfitRatio": 0.9362710258,
    "researchAndDevelopmentExpenses": 0,
    "generalAndAdministrativeExpenses": 1682000000,
    "sellingAndMarketingExpenses": 0,
    "sellingGeneralAndAdministrativeExpenses": 1682000000,
    "otherExpenses": 1408000000,
    "operatingExpenses": 3090000000,
    "costAndExpenses": 3359000000,
    "interestIncome": 0,
    "interestExpense": 0,
    "depreciationAndAmortization": 450000000,
    "ebitda": 1312000000,
    "ebitdaratio": 0.3108268183,
    "operatingIncome": 1052000000,
    "operatingIncomeRatio": 0.2492300403,
    "totalOtherIncomeExpensesNet": -207000000,
    "incomeBeforeTax": 845000000,
    "incomeBeforeTaxRatio": 0.2001895285,
    "incomeTaxExpense": 215000000,
    "netIncome": 734000000,
    "netIncomeRatio": 0.1738924425,
    "eps": 1.94,
    "epsdiluted": 1.93,
    "weightedAverageShsOut": 378350515,
    "weightedAverageShsOutDil": 380310881,
    "link": "https://www.sec.gov/Archives/edgar/data/702165/000070216599000019/0000702165-99-000019-index.html",
    "finalLink": "https://www.sec.gov/Archives/edgar/data/702165/"
  },
  {
    "date": "1997-12-31",
    "symbol": "NSC",
    "reportedCurrency": "USD",
    "cik": "0000702165",
    "fillingDate": "1998-03-25",
    "acceptedDate": "1998-03-25 00:00:00",
    "calendarYear": "1997",
    "period": "FY",
    "revenue": 4223000000,
    "costOfRevenue": 350000000,
    "grossProfit": 3873000000,
    "grossProfitRatio": 0.9171205304,
    "researchAndDevelopmentExpenses": 0,
    "generalAndAdministrativeExpenses": 1651000000,
    "sellingAndMarketingExpenses": 0,
    "sellingGeneralAndAdministrativeExpenses": 1651000000,
    "otherExpenses": 1178000000,
    "operatingExpenses": 2829000000,
    "costAndExpenses": 3179000000,
    "interestIncome": 0,
    "interestExpense": 0,
    "depreciationAndAmortization": 432000000,
    "ebitda": 1722000000,
    "ebitdaratio": 0.4077669903,
    "operatingIncome": 1213000000,
    "operatingIncomeRatio": 0.2872365617,
    "totalOtherIncomeExpensesNet": -215000000,
    "incomeBeforeTax": 998000000,
    "incomeBeforeTaxRatio": 0.2363248875,
    "incomeTaxExpense": 299000000,
    "netIncome": 721000000,
    "netIncomeRatio": 0.1707317073,
    "eps": 1.91,
    "epsdiluted": 1.9,
    "weightedAverageShsOut": 377486911,
    "weightedAverageShsOutDil": 379473684,
    "link": "https://www.sec.gov/Archives/edgar/data/702165/000070216598000016/0000702165-98-000016-index.html",
    "finalLink": "https://www.sec.gov/Archives/edgar/data/702165/"
  },
  {
    "date": "1996-12-31",
    "symbol": "NSC",
    "reportedCurrency": "USD",
    "cik": "0000702165",
    "fillingDate": "1997-03-26",
    "acceptedDate": "1997-03-26 00:00:00",
    "calendarYear": "1996",
    "period": "FY",
    "revenue": 4770000000,
    "costOfRevenue": 1108200000,
    "grossProfit": 3661800000,
    "grossProfitRatio": 0.767672956,
    "researchAndDevelopmentExpenses": 0,
    "generalAndAdministrativeExpenses": 1645500000,
    "sellingAndMarketingExpenses": 0,
    "sellingGeneralAndAdministrativeExpenses": 1645500000,
    "otherExpenses": 1414000000,
    "operatingExpenses": 3059500000,
    "costAndExpenses": 4167700000,
    "interestIncome": 0,
    "interestExpense": 0,
    "depreciationAndAmortization": 429200000,
    "ebitda": 1552800000,
    "ebitdaratio": 0.3255345912,
    "operatingIncome": 1197000000,
    "operatingIncomeRatio": 0.2509433962,
    "totalOtherIncomeExpensesNet": 1000000,
    "incomeBeforeTax": 1196900000,
    "incomeBeforeTaxRatio": 0.2509224319,
    "incomeTaxExpense": 426500000,
    "netIncome": 770400000,
    "netIncomeRatio": 0.161509434,
    "eps": 2.03,
    "epsdiluted": 2.01,
    "weightedAverageShsOut": 379310345,
    "weightedAverageShsOutDil": 383084577,
    "link": "https://www.sec.gov/Archives/edgar/data/702165/000070216597000006/0000702165-97-000006-index.html",
    "finalLink": "https://www.sec.gov/Archives/edgar/data/702165/"
  },
  {
    "date": "1995-12-31",
    "symbol": "NSC",
    "reportedCurrency": "USD",
    "cik": "0000702165",
    "fillingDate": "1996-03-27",
    "acceptedDate": "1996-03-27 00:00:00",
    "calendarYear": "1995",
    "period": "FY",
    "revenue": 4668000000,
    "costOfRevenue": 1056500000,
    "grossProfit": 3611500000,
    "grossProfitRatio": 0.7736718081,
    "researchAndDevelopmentExpenses": 0,
    "generalAndAdministrativeExpenses": 1722800000,
    "sellingAndMarketingExpenses": 0,
    "sellingGeneralAndAdministrativeExpenses": 1722800000,
    "otherExpenses": 1348600000,
    "operatingExpenses": 3071400000,
    "costAndExpenses": 4127900000,
    "interestIncome": 0,
    "interestExpense": 0,
    "depreciationAndAmortization": 413500000,
    "ebitda": 1443500000,
    "ebitdaratio": 0.3092330763,
    "operatingIncome": 1086300000,
    "operatingIncomeRatio": 0.2327120823,
    "totalOtherIncomeExpensesNet": 2700000,
    "incomeBeforeTax": 1114700000,
    "incomeBeforeTaxRatio": 0.2387960583,
    "incomeTaxExpense": 402000000,
    "netIncome": 712700000,
    "netIncomeRatio": 0.1526778063,
    "eps": 1.81,
    "epsdiluted": 1.8,
    "weightedAverageShsOut": 393922652,
    "weightedAverageShsOutDil": 396111111,
    "link": "https://www.sec.gov/Archives/edgar/data/702165/000070216596000017/0000702165-96-000017-index.html",
    "finalLink": "https://www.sec.gov/Archives/edgar/data/702165/"
  },
  {
    "date": "1994-12-31",
    "symbol": "NSC",
    "reportedCurrency": "USD",
    "cik": "0000702165",
    "fillingDate": "1995-03-29",
    "acceptedDate": "1995-03-29 00:00:00",
    "calendarYear": "1994",
    "period": "FY",
    "revenue": 4581300000,
    "costOfRevenue": 1099900000,
    "grossProfit": 3481400000,
    "grossProfitRatio": 0.7599153079,
    "researchAndDevelopmentExpenses": 0,
    "generalAndAdministrativeExpenses": 1641300000,
    "sellingAndMarketingExpenses": 0,
    "sellingGeneralAndAdministrativeExpenses": 1641300000,
    "otherExpenses": 1368600000,
    "operatingExpenses": 3009900000,
    "costAndExpenses": 4109800000,
    "interestIncome": 0,
    "interestExpense": 0,
    "depreciationAndAmortization": 403800000,
    "ebitda": 1431200000,
    "ebitdaratio": 0.3124004104,
    "operatingIncome": 1065400000,
    "operatingIncomeRatio": 0.2325540785,
    "totalOtherIncomeExpensesNet": -16400000,
    "incomeBeforeTax": 1049000000,
    "incomeBeforeTaxRatio": 0.2289743086,
    "incomeTaxExpense": 381200000,
    "netIncome": 667800000,
    "netIncomeRatio": 0.1457664855,
    "eps": 1.63,
    "epsdiluted": 1.63,
    "weightedAverageShsOut": 408857143,
    "weightedAverageShsOutDil": 408857143,
    "link": "https://www.sec.gov/Archives/edgar/data/702165/000070216595000015/0000702165-95-000015-index.html",
    "finalLink": "https://www.sec.gov/Archives/edgar/data/702165/"
  },
  {
    "date": "1993-12-31",
    "symbol": "NSC",
    "reportedCurrency": "USD",
    "cik": "0000702165",
    "fillingDate": "1994-03-28",
    "acceptedDate": "1994-03-28 00:00:00",
    "calendarYear": "1993",
    "period": "FY",
    "revenue": 4460100000,
    "costOfRevenue": 1684600000,
    "grossProfit": 2775500000,
    "grossProfitRatio": 0.6222954642,
    "researchAndDevelopmentExpenses": 0,
    "generalAndAdministrativeExpenses": 0,
    "sellingAndMarketingExpenses": 0,
    "sellingGeneralAndAdministrativeExpenses": 1509600000,
    "otherExpenses": 405500000,
    "operatingExpenses": 1915100000,
    "costAndExpenses": 3599700000,
    "interestIncome": 0,
    "interestExpense": 0,
    "depreciationAndAmortization": -405500000,
    "ebitda": 1129100000,
    "ebitdaratio": 0.2531557588,
    "operatingIncome": 860400000,
    "operatingIncomeRatio": 0.1929104729,
    "totalOtherIncomeExpensesNet": 38200000,
    "incomeBeforeTax": 898600000,
    "incomeBeforeTaxRatio": 0.2014753032,
    "incomeTaxExpense": 349900000,
    "netIncome": 772000000,
    "netIncomeRatio": 0.1730902895,
    "eps": 1.85,
    "epsdiluted": 1.83,
    "weightedAverageShsOut": 417297297,
    "weightedAverageShsOutDil": 421857923,
    "link": "https://www.sec.gov/Archives/edgar/data/702165/000070216594000008/0000702165-94-000008-index.html",
    "finalLink": "https://www.sec.gov/Archives/edgar/data/702165/"
  },
  {
    "date": "1992-12-31",
    "symbol": "NSC",
    "reportedCurrency": "USD",
    "cik": "0000702165",
    "fillingDate": "1992-12-31",
    "acceptedDate": "1992-12-31 00:00:00",
    "calendarYear": "1992",
    "period": "FY",
    "revenue": 4606600000,
    "costOfRevenue": 1823300000,
    "grossProfit": 2783300000,
    "grossProfitRatio": 0.6041983241,
    "researchAndDevelopmentExpenses": 0,
    "generalAndAdministrativeExpenses": 0,
    "sellingAndMarketingExpenses": 0,
    "sellingGeneralAndAdministrativeExpenses": 1500200000,
    "otherExpenses": 396600000,
    "operatingExpenses": 1896800000,
    "costAndExpenses": 3720100000,
    "interestIncome": 0,
    "interestExpense": 0,
    "depreciationAndAmortization": -396600000,
    "ebitda": 1185300000,
    "ebitdaratio": 0.2573047367,
    "operatingIncome": 886500000,
    "operatingIncomeRatio": 0.1924412799,
    "totalOtherIncomeExpensesNet": -11200000,
    "incomeBeforeTax": 875300000,
    "incomeBeforeTaxRatio": 0.1900099857,
    "incomeTaxExpense": 317600000,
    "netIncome": 557700000,
    "netIncomeRatio": 0.1210654279,
    "eps": 1.31,
    "epsdiluted": 1.3,
    "weightedAverageShsOut": 425725191,
    "weightedAverageShsOutDil": 429000000,
    "link": null,
    "finalLink": null
  },
  {
    "date": "1991-12-31",
    "symbol": "NSC",
    "reportedCurrency": "USD",
    "cik": "0000702165",
    "fillingDate": "1991-12-31",
    "acceptedDate": "1991-12-31 00:00:00",
    "calendarYear": "1991",
    "period": "FY",
    "revenue": 4451300000,
    "costOfRevenue": 3588700000,
    "grossProfit": 862600000,
    "grossProfitRatio": 0.193786085,
    "researchAndDevelopmentExpenses": 0,
    "generalAndAdministrativeExpenses": 0,
    "sellingAndMarketingExpenses": 0,
    "sellingGeneralAndAdministrativeExpenses": 369300000,
    "otherExpenses": 381300000,
    "operatingExpenses": 750600000,
    "costAndExpenses": 4339300000,
    "interestIncome": 0,
    "interestExpense": 0,
    "depreciationAndAmortization": -381300000,
    "ebitda": 362000000,
    "ebitdaratio": 0.0813245569,
    "operatingIncome": 112000000,
    "operatingIncomeRatio": 0.0251611889,
    "totalOtherIncomeExpensesNet": 31600000,
    "incomeBeforeTax": 143600000,
    "incomeBeforeTaxRatio": 0.0322602386,
    "incomeTaxExpense": 113900000,
    "netIncome": 29700000,
    "netIncomeRatio": 0.0066722081,
    "eps": 0.07,
    "epsdiluted": 0.07,
    "weightedAverageShsOut": 424285714,
    "weightedAverageShsOutDil": 424285714,
    "link": null,
    "finalLink": null
  },
  {
    "date": "1990-12-31",
    "symbol": "NSC",
    "reportedCurrency": "USD",
    "cik": "0000702165",
    "fillingDate": "1990-12-31",
    "acceptedDate": "1990-12-31 00:00:00",
    "calendarYear": "1990",
    "period": "FY",
    "revenue": 4617000000,
    "costOfRevenue": 3024100000,
    "grossProfit": 1592900000,
    "grossProfitRatio": 0.3450075807,
    "researchAndDevelopmentExpenses": 0,
    "generalAndAdministrativeExpenses": 0,
    "sellingAndMarketingExpenses": 0,
    "sellingGeneralAndAdministrativeExpenses": 411800000,
    "otherExpenses": 373000000,
    "operatingExpenses": 784800000,
    "costAndExpenses": 3808900000,
    "interestIncome": 0,
    "interestExpense": 0,
    "depreciationAndAmortization": -373000000,
    "ebitda": 1035800000,
    "ebitdaratio": 0.2243448126,
    "operatingIncome": 808100000,
    "operatingIncomeRatio": 0.1750270739,
    "totalOtherIncomeExpensesNet": 67300000,
    "incomeBeforeTax": 875400000,
    "incomeBeforeTaxRatio": 0.1896036387,
    "incomeTaxExpense": 319300000,
    "netIncome": 556100000,
    "netIncomeRatio": 0.1204461772,
    "eps": 1.16,
    "epsdiluted": 1.16,
    "weightedAverageShsOut": 479396552,
    "weightedAverageShsOutDil": 479396552,
    "link": null,
    "finalLink": null
  },
  {
    "date": "1989-12-31",
    "symbol": "NSC",
    "reportedCurrency": "USD",
    "cik": "0000702165",
    "fillingDate": "1989-12-31",
    "acceptedDate": "1989-12-31 00:00:00",
    "calendarYear": "1989",
    "period": "FY",
    "revenue": 4536000000,
    "costOfRevenue": 2956500000,
    "grossProfit": 1579500000,
    "grossProfitRatio": 0.3482142857,
    "researchAndDevelopmentExpenses": 0,
    "generalAndAdministrativeExpenses": 0,
    "sellingAndMarketingExpenses": 0,
    "sellingGeneralAndAdministrativeExpenses": 407300000,
    "otherExpenses": 347000000,
    "operatingExpenses": 754300000,
    "costAndExpenses": 3710800000,
    "interestIncome": 0,
    "interestExpense": 0,
    "depreciationAndAmortization": -347000000,
    "ebitda": 1014000000,
    "ebitdaratio": 0.2235449735,
    "operatingIncome": 825200000,
    "operatingIncomeRatio": 0.1819223986,
    "totalOtherIncomeExpensesNet": 107500000,
    "incomeBeforeTax": 932700000,
    "incomeBeforeTaxRatio": 0.2056216931,
    "incomeTaxExpense": 326500000,
    "netIncome": 606200000,
    "netIncomeRatio": 0.1336419753,
    "eps": 1.17,
    "epsdiluted": 1.16,
    "weightedAverageShsOut": 518119658,
    "weightedAverageShsOutDil": 522586207,
    "link": null,
    "finalLink": null
  },
  {
    "date": "1988-12-31",
    "symbol": "NSC",
    "reportedCurrency": "USD",
    "cik": "0000702165",
    "fillingDate": "1988-12-31",
    "acceptedDate": "1988-12-30 19:00:00",
    "calendarYear": "1988",
    "period": "FY",
    "revenue": 4461600000,
    "costOfRevenue": 2025800000,
    "grossProfit": 2435800000,
    "grossProfitRatio": 0.5459476421,
    "researchAndDevelopmentExpenses": 0,
    "generalAndAdministrativeExpenses": 0,
    "sellingAndMarketingExpenses": 0,
    "sellingGeneralAndAdministrativeExpenses": 1178800000,
    "otherExpenses": 311800000,
    "operatingExpenses": 1490600000,
    "costAndExpenses": 3516400000,
    "interestIncome": 0,
    "interestExpense": 0,
    "depreciationAndAmortization": 311800000,
    "ebitda": 1257000000,
    "ebitdaratio": 0.2817374933,
    "operatingIncome": 945200000,
    "operatingIncomeRatio": 0.2118522503,
    "totalOtherIncomeExpensesNet": 55400000,
    "incomeBeforeTax": 1000600000,
    "incomeBeforeTaxRatio": 0.2242693204,
    "incomeTaxExpense": 365500000,
    "netIncome": 635100000,
    "netIncomeRatio": 0.1423480366,
    "eps": 1.16,
    "epsdiluted": 1.16,
    "weightedAverageShsOut": 547500000,
    "weightedAverageShsOutDil": 547500000,
    "link": "",
    "finalLink": ""
  },
  {
    "date": "1987-12-31",
    "symbol": "NSC",
    "reportedCurrency": "USD",
    "cik": "0000702165",
    "fillingDate": "1987-12-31",
    "acceptedDate": "1987-12-30 19:00:00",
    "calendarYear": "1987",
    "period": "FY",
    "revenue": 4112800000,
    "costOfRevenue": 2732200000,
    "grossProfit": 1380600000,
    "grossProfitRatio": 0.3356837191,
    "researchAndDevelopmentExpenses": 0,
    "generalAndAdministrativeExpenses": 0,
    "sellingAndMarketingExpenses": 0,
    "sellingGeneralAndAdministrativeExpenses": 973800000,
    "otherExpenses": 301800000,
    "operatingExpenses": 1275600000,
    "costAndExpenses": 4007800000,
    "interestIncome": 0,
    "interestExpense": 0,
    "depreciationAndAmortization": 301800000,
    "ebitda": 406800000,
    "ebitdaratio": 0.0989107178,
    "operatingIncome": 105000000,
    "operatingIncomeRatio": 0.0255300525,
    "totalOtherIncomeExpensesNet": 174500000,
    "incomeBeforeTax": 279500000,
    "incomeBeforeTaxRatio": 0.0679585684,
    "incomeTaxExpense": 107100000,
    "netIncome": 172400000,
    "netIncomeRatio": 0.0419179148,
    "eps": 0.3,
    "epsdiluted": 0.3,
    "weightedAverageShsOut": 574666667,
    "weightedAverageShsOutDil": 574666667,
    "link": "",
    "finalLink": ""
  },
  {
    "date": "1986-12-31",
    "symbol": "NSC",
    "reportedCurrency": "USD",
    "cik": "0000702165",
    "fillingDate": "1986-12-31",
    "acceptedDate": "1986-12-30 19:00:00",
    "calendarYear": "1986",
    "period": "FY",
    "revenue": 4076400000,
    "costOfRevenue": 2702100000,
    "grossProfit": 1374300000,
    "grossProfitRatio": 0.337135708,
    "researchAndDevelopmentExpenses": 0,
    "generalAndAdministrativeExpenses": 0,
    "sellingAndMarketingExpenses": 0,
    "sellingGeneralAndAdministrativeExpenses": 391400000,
    "otherExpenses": 280900000,
    "operatingExpenses": 672300000,
    "costAndExpenses": 3374400000,
    "interestIncome": 0,
    "interestExpense": 0,
    "depreciationAndAmortization": 280900000,
    "ebitda": 982900000,
    "ebitdaratio": 0.2411196153,
    "operatingIncome": 702000000,
    "operatingIncomeRatio": 0.1722107742,
    "totalOtherIncomeExpensesNet": 154000000,
    "incomeBeforeTax": 856000000,
    "incomeBeforeTaxRatio": 0.2099892062,
    "incomeTaxExpense": 337300000,
    "netIncome": 518700000,
    "netIncomeRatio": 0.1272446276,
    "eps": 0.91,
    "epsdiluted": 0.91,
    "weightedAverageShsOut": 570000000,
    "weightedAverageShsOutDil": 570000000,
    "link": "",
    "finalLink": ""
  },
  {
    "date": "1985-12-31",
    "symbol": "NSC",
    "reportedCurrency": "USD",
    "cik": "0000702165",
    "fillingDate": "1985-12-31",
    "acceptedDate": "1985-12-30 19:00:00",
    "calendarYear": "1985",
    "period": "FY",
    "revenue": 3825100000,
    "costOfRevenue": 2504300000,
    "grossProfit": 1320800000,
    "grossProfitRatio": 0.3452981621,
    "researchAndDevelopmentExpenses": 0,
    "generalAndAdministrativeExpenses": 0,
    "sellingAndMarketingExpenses": 0,
    "sellingGeneralAndAdministrativeExpenses": 347600000,
    "otherExpenses": 254200000,
    "operatingExpenses": 601800000,
    "costAndExpenses": 3106100000,
    "interestIncome": 0,
    "interestExpense": 0,
    "depreciationAndAmortization": 254200000,
    "ebitda": 973200000,
    "ebitdaratio": 0.2544247209,
    "operatingIncome": 719000000,
    "operatingIncomeRatio": 0.187968942,
    "totalOtherIncomeExpensesNet": 103100000,
    "incomeBeforeTax": 822100000,
    "incomeBeforeTaxRatio": 0.2149224857,
    "incomeTaxExpense": 321900000,
    "netIncome": 500200000,
    "netIncomeRatio": 0.1307678231,
    "eps": 0.88,
    "epsdiluted": 0.88,
    "weightedAverageShsOut": 568409091,
    "weightedAverageShsOutDil": 568409091,
    "link": "",
    "finalLink": ""
  }
]