[
  {
    "date": "2025-07-25",
    "symbol": "NTAP",
    "reportedCurrency": "USD",
    "cik": "0001002047",
    "fillingDate": "2025-08-27",
    "acceptedDate": "2025-08-27 16:11:15",
    "calendarYear": "2026",
    "period": "Q1",
    "revenue": 1557000000,
    "costOfRevenue": 461000000,
    "grossProfit": 1098000000,
    "grossProfitRatio": 0.7052023121,
    "researchAndDevelopmentExpenses": 242000000,
    "generalAndAdministrativeExpenses": 84000000,
    "sellingAndMarketingExpenses": 461000000,
    "sellingGeneralAndAdministrativeExpenses": 545000000,
    "otherExpenses": 0,
    "operatingExpenses": 787000000,
    "costAndExpenses": 1248000000,
    "interestIncome": 36000000,
    "interestExpense": 29000000,
    "depreciationAndAmortization": 51000000,
    "ebitda": 384000000,
    "ebitdaratio": 0.246628131,
    "operatingIncome": 309000000,
    "operatingIncomeRatio": 0.1984585742,
    "totalOtherIncomeExpensesNet": -5000000,
    "incomeBeforeTax": 304000000,
    "incomeBeforeTaxRatio": 0.1952472704,
    "incomeTaxExpense": 71000000,
    "netIncome": 233000000,
    "netIncomeRatio": 0.1496467566,
    "eps": 1.16,
    "epsdiluted": 1.15,
    "weightedAverageShsOut": 201000000,
    "weightedAverageShsOutDil": 203000000,
    "link": "https://www.sec.gov/Archives/edgar/data/1002047/000119312525189700/0001193125-25-189700-index.htm",
    "finalLink": "https://www.sec.gov/Archives/edgar/data/1002047/000119312525189700/ntap-20250725.htm"
  },
  {
    "date": "2025-04-25",
    "symbol": "NTAP",
    "reportedCurrency": "USD",
    "cik": "0001002047",
    "fillingDate": "2025-06-09",
    "acceptedDate": "2025-06-09 16:05:47",
    "calendarYear": "2025",
    "period": "Q4",
    "revenue": 1732000000,
    "costOfRevenue": 539000000,
    "grossProfit": 1193000000,
    "grossProfitRatio": 0.6887990762,
    "researchAndDevelopmentExpenses": 256000000,
    "generalAndAdministrativeExpenses": 85000000,
    "sellingAndMarketingExpenses": 458000000,
    "sellingGeneralAndAdministrativeExpenses": 543000000,
    "otherExpenses": 46000000,
    "operatingExpenses": 845000000,
    "costAndExpenses": 1384000000,
    "interestIncome": 29000000,
    "interestExpense": 21000000,
    "depreciationAndAmortization": 53000000,
    "ebitda": 428000000,
    "ebitdaratio": 0.247113164,
    "operatingIncome": 348000000,
    "operatingIncomeRatio": 0.2009237875,
    "totalOtherIncomeExpensesNet": 6000000,
    "incomeBeforeTax": 354000000,
    "incomeBeforeTaxRatio": 0.2043879908,
    "incomeTaxExpense": 14000000,
    "netIncome": 340000000,
    "netIncomeRatio": 0.1963048499,
    "eps": 1.67,
    "epsdiluted": 1.65,
    "weightedAverageShsOut": 203000000,
    "weightedAverageShsOutDil": 206000000,
    "link": "https://www.sec.gov/Archives/edgar/data/1002047/000095017025083705/0000950170-25-083705-index.htm",
    "finalLink": "https://www.sec.gov/Archives/edgar/data/1002047/000095017025083705/ntap-20250425.htm"
  },
  {
    "date": "2025-01-24",
    "symbol": "NTAP",
    "reportedCurrency": "USD",
    "cik": "0001002047",
    "fillingDate": "2025-02-27",
    "acceptedDate": "2025-02-27 16:15:30",
    "calendarYear": "2025",
    "period": "Q3",
    "revenue": 1641000000,
    "costOfRevenue": 496000000,
    "grossProfit": 1145000000,
    "grossProfitRatio": 0.6977452773,
    "researchAndDevelopmentExpenses": 247000000,
    "generalAndAdministrativeExpenses": 74000000,
    "sellingAndMarketingExpenses": 451000000,
    "sellingGeneralAndAdministrativeExpenses": 525000000,
    "otherExpenses": 11000000,
    "operatingExpenses": 783000000,
    "costAndExpenses": 1279000000,
    "interestIncome": 20000000,
    "interestExpense": 12000000,
    "depreciationAndAmortization": 64000000,
    "ebitda": 446000000,
    "ebitdaratio": 0.2717854966,
    "operatingIncome": 362000000,
    "operatingIncomeRatio": 0.2205971968,
    "totalOtherIncomeExpensesNet": 8000000,
    "incomeBeforeTax": 370000000,
    "incomeBeforeTaxRatio": 0.225472273,
    "incomeTaxExpense": 71000000,
    "netIncome": 299000000,
    "netIncomeRatio": 0.182205972,
    "eps": 1.47,
    "epsdiluted": 1.44,
    "weightedAverageShsOut": 204000000,
    "weightedAverageShsOutDil": 208000000,
    "link": "https://www.sec.gov/Archives/edgar/data/1002047/000095017025029066/0000950170-25-029066-index.htm",
    "finalLink": "https://www.sec.gov/Archives/edgar/data/1002047/000095017025029066/ntap-20250124.htm"
  },
  {
    "date": "2024-10-25",
    "symbol": "NTAP",
    "reportedCurrency": "USD",
    "cik": "0001002047",
    "fillingDate": "2024-11-25",
    "acceptedDate": "2024-11-25 16:05:27",
    "calendarYear": "2025",
    "period": "Q2",
    "revenue": 1658000000,
    "costOfRevenue": 481000000,
    "grossProfit": 1177000000,
    "grossProfitRatio": 0.7098914355,
    "researchAndDevelopmentExpenses": 257000000,
    "generalAndAdministrativeExpenses": 77000000,
    "sellingAndMarketingExpenses": 485000000,
    "sellingGeneralAndAdministrativeExpenses": 562000000,
    "otherExpenses": 13000000,
    "operatingExpenses": 832000000,
    "costAndExpenses": 1313000000,
    "interestIncome": 27000000,
    "interestExpense": 15000000,
    "depreciationAndAmortization": 63000000,
    "ebitda": 438000000,
    "ebitdaratio": 0.2641737033,
    "operatingIncome": 345000000,
    "operatingIncomeRatio": 0.2080820265,
    "totalOtherIncomeExpensesNet": 15000000,
    "incomeBeforeTax": 360000000,
    "incomeBeforeTaxRatio": 0.2171290712,
    "incomeTaxExpense": 61000000,
    "netIncome": 299000000,
    "netIncomeRatio": 0.1803377563,
    "eps": 1.47,
    "epsdiluted": 1.42,
    "weightedAverageShsOut": 204000000,
    "weightedAverageShsOutDil": 210000000,
    "link": "https://www.sec.gov/Archives/edgar/data/1002047/000095017024130551/0000950170-24-130551-index.htm",
    "finalLink": "https://www.sec.gov/Archives/edgar/data/1002047/000095017024130551/ntap-20241025.htm"
  },
  {
    "date": "2024-07-26",
    "symbol": "NTAP",
    "reportedCurrency": "USD",
    "cik": "0001002047",
    "fillingDate": "2024-08-28",
    "acceptedDate": "2024-08-28 16:21:27",
    "calendarYear": "2025",
    "period": "Q1",
    "revenue": 1541000000,
    "costOfRevenue": 443000000,
    "grossProfit": 1098000000,
    "grossProfitRatio": 0.7125243348,
    "researchAndDevelopmentExpenses": 252000000,
    "generalAndAdministrativeExpenses": 75000000,
    "sellingAndMarketingExpenses": 471000000,
    "sellingGeneralAndAdministrativeExpenses": 546000000,
    "otherExpenses": 18000000,
    "operatingExpenses": 816000000,
    "costAndExpenses": 1259000000,
    "interestIncome": 36000000,
    "interestExpense": 16000000,
    "depreciationAndAmortization": 63000000,
    "ebitda": 378000000,
    "ebitdaratio": 0.2452952628,
    "operatingIncome": 282000000,
    "operatingIncomeRatio": 0.1829980532,
    "totalOtherIncomeExpensesNet": 17000000,
    "incomeBeforeTax": 299000000,
    "incomeBeforeTaxRatio": 0.1940298507,
    "incomeTaxExpense": 51000000,
    "netIncome": 248000000,
    "netIncomeRatio": 0.1609344581,
    "eps": 1.2,
    "epsdiluted": 1.17,
    "weightedAverageShsOut": 206000000,
    "weightedAverageShsOutDil": 212000000,
    "link": "https://www.sec.gov/Archives/edgar/data/1002047/000095017024101408/0000950170-24-101408-index.htm",
    "finalLink": "https://www.sec.gov/Archives/edgar/data/1002047/000095017024101408/ntap-20240726.htm"
  },
  {
    "date": "2024-04-26",
    "symbol": "NTAP",
    "reportedCurrency": "USD",
    "cik": "0001002047",
    "fillingDate": "2024-06-10",
    "acceptedDate": "2024-06-10 16:27:03",
    "calendarYear": "2024",
    "period": "Q4",
    "revenue": 1667000000,
    "costOfRevenue": 492000000,
    "grossProfit": 1176000000,
    "grossProfitRatio": 0.7054589082,
    "researchAndDevelopmentExpenses": 271000000,
    "generalAndAdministrativeExpenses": 78000000,
    "sellingAndMarketingExpenses": 460000000,
    "sellingGeneralAndAdministrativeExpenses": 538000000,
    "otherExpenses": 1000000,
    "operatingExpenses": 810000000,
    "costAndExpenses": 1302000000,
    "interestIncome": 32000000,
    "interestExpense": 16000000,
    "depreciationAndAmortization": 64000000,
    "ebitda": 460000000,
    "ebitdaratio": 0.275944811,
    "operatingIncome": 366000000,
    "operatingIncomeRatio": 0.2195560888,
    "totalOtherIncomeExpensesNet": 14000000,
    "incomeBeforeTax": 380000000,
    "incomeBeforeTaxRatio": 0.2279544091,
    "incomeTaxExpense": 89000000,
    "netIncome": 291000000,
    "netIncomeRatio": 0.174565087,
    "eps": 1.41,
    "epsdiluted": 1.37,
    "weightedAverageShsOut": 206000000,
    "weightedAverageShsOutDil": 212000000,
    "link": "https://www.sec.gov/Archives/edgar/data/1002047/000095017024071327/0000950170-24-071327-index.htm",
    "finalLink": "https://www.sec.gov/Archives/edgar/data/1002047/000095017024071327/ntap-20240426.htm"
  },
  {
    "date": "2024-01-26",
    "symbol": "NTAP",
    "reportedCurrency": "USD",
    "cik": "0001002047",
    "fillingDate": "2024-02-29",
    "acceptedDate": "2024-02-29 16:19:08",
    "calendarYear": "2024",
    "period": "Q3",
    "revenue": 1606000000,
    "costOfRevenue": 455000000,
    "grossProfit": 1151000000,
    "grossProfitRatio": 0.7166874222,
    "researchAndDevelopmentExpenses": 249000000,
    "generalAndAdministrativeExpenses": 81000000,
    "sellingAndMarketingExpenses": 439000000,
    "sellingGeneralAndAdministrativeExpenses": 520000000,
    "otherExpenses": 16000000,
    "operatingExpenses": 785000000,
    "costAndExpenses": 1240000000,
    "interestIncome": 27000000,
    "interestExpense": 17000000,
    "depreciationAndAmortization": 63000000,
    "ebitda": 462000000,
    "ebitdaratio": 0.2876712329,
    "operatingIncome": 366000000,
    "operatingIncomeRatio": 0.2278953923,
    "totalOtherIncomeExpensesNet": 16000000,
    "incomeBeforeTax": 382000000,
    "incomeBeforeTaxRatio": 0.2378580324,
    "incomeTaxExpense": 69000000,
    "netIncome": 313000000,
    "netIncomeRatio": 0.1948941469,
    "eps": 1.52,
    "epsdiluted": 1.48,
    "weightedAverageShsOut": 206000000,
    "weightedAverageShsOutDil": 211000000,
    "link": "https://www.sec.gov/Archives/edgar/data/1002047/000095017024023115/0000950170-24-023115-index.htm",
    "finalLink": "https://www.sec.gov/Archives/edgar/data/1002047/000095017024023115/ntap-20240126.htm"
  },
  {
    "date": "2023-10-27",
    "symbol": "NTAP",
    "reportedCurrency": "USD",
    "cik": "0001002047",
    "fillingDate": "2023-11-30",
    "acceptedDate": "2023-11-30 16:05:41",
    "calendarYear": "2024",
    "period": "Q2",
    "revenue": 1562000000,
    "costOfRevenue": 452000000,
    "grossProfit": 1110000000,
    "grossProfitRatio": 0.7106274008,
    "researchAndDevelopmentExpenses": 262000000,
    "generalAndAdministrativeExpenses": 75000000,
    "sellingAndMarketingExpenses": 461000000,
    "sellingGeneralAndAdministrativeExpenses": 536000000,
    "otherExpenses": 8000000,
    "operatingExpenses": 806000000,
    "costAndExpenses": 1258000000,
    "interestIncome": 25000000,
    "interestExpense": 15000000,
    "depreciationAndAmortization": 53000000,
    "ebitda": 383000000,
    "ebitdaratio": 0.2451984635,
    "operatingIncome": 304000000,
    "operatingIncomeRatio": 0.1946222791,
    "totalOtherIncomeExpensesNet": 11000000,
    "incomeBeforeTax": 315000000,
    "incomeBeforeTaxRatio": 0.2016645327,
    "incomeTaxExpense": 82000000,
    "netIncome": 233000000,
    "netIncomeRatio": 0.1491677337,
    "eps": 1.12,
    "epsdiluted": 1.1,
    "weightedAverageShsOut": 208000000,
    "weightedAverageShsOutDil": 211000000,
    "link": "https://www.sec.gov/Archives/edgar/data/1002047/000095017023067033/0000950170-23-067033-index.htm",
    "finalLink": "https://www.sec.gov/Archives/edgar/data/1002047/000095017023067033/ntap-20231027.htm"
  },
  {
    "date": "2023-07-28",
    "symbol": "NTAP",
    "reportedCurrency": "USD",
    "cik": "0001002047",
    "fillingDate": "2023-08-29",
    "acceptedDate": "2023-08-29 16:11:50",
    "calendarYear": "2024",
    "period": "Q1",
    "revenue": 1432000000,
    "costOfRevenue": 436000000,
    "grossProfit": 996000000,
    "grossProfitRatio": 0.6955307263,
    "researchAndDevelopmentExpenses": 247000000,
    "generalAndAdministrativeExpenses": 74000000,
    "sellingAndMarketingExpenses": 468000000,
    "sellingGeneralAndAdministrativeExpenses": 542000000,
    "otherExpenses": 29000000,
    "operatingExpenses": 818000000,
    "costAndExpenses": 1254000000,
    "interestIncome": 28000000,
    "interestExpense": 16000000,
    "depreciationAndAmortization": 75000000,
    "ebitda": 277000000,
    "ebitdaratio": 0.1934357542,
    "operatingIncome": 178000000,
    "operatingIncomeRatio": 0.124301676,
    "totalOtherIncomeExpensesNet": 8000000,
    "incomeBeforeTax": 186000000,
    "incomeBeforeTaxRatio": 0.1298882682,
    "incomeTaxExpense": 37000000,
    "netIncome": 149000000,
    "netIncomeRatio": 0.1040502793,
    "eps": 0.7,
    "epsdiluted": 0.69,
    "weightedAverageShsOut": 212000000,
    "weightedAverageShsOutDil": 216000000,
    "link": "https://www.sec.gov/Archives/edgar/data/1002047/000095017023045061/0000950170-23-045061-index.htm",
    "finalLink": "https://www.sec.gov/Archives/edgar/data/1002047/000095017023045061/ntap-20230728.htm"
  },
  {
    "date": "2023-04-28",
    "symbol": "NTAP",
    "reportedCurrency": "USD",
    "cik": "0001002047",
    "fillingDate": "2023-06-14",
    "acceptedDate": "2023-06-14 16:11:35",
    "calendarYear": "2023",
    "period": "Q4",
    "revenue": 1581000000,
    "costOfRevenue": 506000000,
    "grossProfit": 1075000000,
    "grossProfitRatio": 0.6799493991,
    "researchAndDevelopmentExpenses": 243000000,
    "generalAndAdministrativeExpenses": 67000000,
    "sellingAndMarketingExpenses": 442000000,
    "sellingGeneralAndAdministrativeExpenses": 509000000,
    "otherExpenses": 14000000,
    "operatingExpenses": 766000000,
    "costAndExpenses": 1272000000,
    "interestIncome": 27000000,
    "interestExpense": 16000000,
    "depreciationAndAmortization": 66000000,
    "ebitda": 396000000,
    "ebitdaratio": 0.2504743833,
    "operatingIncome": 309000000,
    "operatingIncomeRatio": 0.1954459203,
    "totalOtherIncomeExpensesNet": 5000000,
    "incomeBeforeTax": 314000000,
    "incomeBeforeTaxRatio": 0.1986084756,
    "incomeTaxExpense": 69000000,
    "netIncome": 245000000,
    "netIncomeRatio": 0.1549652119,
    "eps": 1.15,
    "epsdiluted": 1.13,
    "weightedAverageShsOut": 213000000,
    "weightedAverageShsOutDil": 217000000,
    "link": "https://www.sec.gov/Archives/edgar/data/1002047/000095017023027948/0000950170-23-027948-index.htm",
    "finalLink": "https://www.sec.gov/Archives/edgar/data/1002047/000095017023027948/ntap-20230428.htm"
  },
  {
    "date": "2023-01-27",
    "symbol": "NTAP",
    "reportedCurrency": "USD",
    "cik": "0001002047",
    "fillingDate": "2023-03-01",
    "acceptedDate": "2023-03-01 16:19:04",
    "calendarYear": "2023",
    "period": "Q3",
    "revenue": 1526000000,
    "costOfRevenue": 525000000,
    "grossProfit": 1001000000,
    "grossProfitRatio": 0.6559633028,
    "researchAndDevelopmentExpenses": 230000000,
    "generalAndAdministrativeExpenses": 59000000,
    "sellingAndMarketingExpenses": 450000000,
    "sellingGeneralAndAdministrativeExpenses": 509000000,
    "otherExpenses": 90000000,
    "operatingExpenses": 829000000,
    "costAndExpenses": 1354000000,
    "interestIncome": 21000000,
    "interestExpense": 16000000,
    "depreciationAndAmortization": 65000000,
    "ebitda": 258000000,
    "ebitdaratio": 0.1690694626,
    "operatingIncome": 172000000,
    "operatingIncomeRatio": 0.1127129751,
    "totalOtherIncomeExpensesNet": 5000000,
    "incomeBeforeTax": 177000000,
    "incomeBeforeTaxRatio": 0.1159895151,
    "incomeTaxExpense": 112000000,
    "netIncome": 65000000,
    "netIncomeRatio": 0.0425950197,
    "eps": 0.3,
    "epsdiluted": 0.3,
    "weightedAverageShsOut": 216000000,
    "weightedAverageShsOutDil": 219000000,
    "link": "https://www.sec.gov/Archives/edgar/data/1002047/000095017023005545/0000950170-23-005545-index.htm",
    "finalLink": "https://www.sec.gov/Archives/edgar/data/1002047/000095017023005545/ntap-20230127.htm"
  },
  {
    "date": "2022-10-28",
    "symbol": "NTAP",
    "reportedCurrency": "USD",
    "cik": "0001002047",
    "fillingDate": "2022-12-01",
    "acceptedDate": "2022-12-01 16:55:28",
    "calendarYear": "2023",
    "period": "Q2",
    "revenue": 1663000000,
    "costOfRevenue": 576000000,
    "grossProfit": 1087000000,
    "grossProfitRatio": 0.6536380036,
    "researchAndDevelopmentExpenses": 243000000,
    "generalAndAdministrativeExpenses": 67000000,
    "sellingAndMarketingExpenses": 479000000,
    "sellingGeneralAndAdministrativeExpenses": 546000000,
    "otherExpenses": 16000000,
    "operatingExpenses": 805000000,
    "costAndExpenses": 1381000000,
    "interestIncome": 14000000,
    "interestExpense": 17000000,
    "depreciationAndAmortization": 72000000,
    "ebitda": 394000000,
    "ebitdaratio": 0.2369212267,
    "operatingIncome": 282000000,
    "operatingIncomeRatio": 0.1695730607,
    "totalOtherIncomeExpensesNet": 23000000,
    "incomeBeforeTax": 305000000,
    "incomeBeforeTaxRatio": 0.1834034877,
    "incomeTaxExpense": -445000000,
    "netIncome": 750000000,
    "netIncomeRatio": 0.4509921828,
    "eps": 3.46,
    "epsdiluted": 3.41,
    "weightedAverageShsOut": 217000000,
    "weightedAverageShsOutDil": 220000000,
    "link": "https://www.sec.gov/Archives/edgar/data/1002047/000095017022025960/0000950170-22-025960-index.htm",
    "finalLink": "https://www.sec.gov/Archives/edgar/data/1002047/000095017022025960/ntap-20221028.htm"
  },
  {
    "date": "2022-07-29",
    "symbol": "NTAP",
    "reportedCurrency": "USD",
    "cik": "0001002047",
    "fillingDate": "2022-08-30",
    "acceptedDate": "2022-08-30 16:06:09",
    "calendarYear": "2023",
    "period": "Q1",
    "revenue": 1592000000,
    "costOfRevenue": 546000000,
    "grossProfit": 1046000000,
    "grossProfitRatio": 0.6570351759,
    "researchAndDevelopmentExpenses": 240000000,
    "generalAndAdministrativeExpenses": 72000000,
    "sellingAndMarketingExpenses": 458000000,
    "sellingGeneralAndAdministrativeExpenses": 530000000,
    "otherExpenses": 21000000,
    "operatingExpenses": 791000000,
    "costAndExpenses": 1337000000,
    "interestIncome": 7000000,
    "interestExpense": 18000000,
    "depreciationAndAmortization": 72000000,
    "ebitda": 360000000,
    "ebitdaratio": 0.2261306533,
    "operatingIncome": 255000000,
    "operatingIncomeRatio": 0.1601758794,
    "totalOtherIncomeExpensesNet": 15000000,
    "incomeBeforeTax": 270000000,
    "incomeBeforeTaxRatio": 0.1695979899,
    "incomeTaxExpense": 56000000,
    "netIncome": 214000000,
    "netIncomeRatio": 0.1344221106,
    "eps": 0.97,
    "epsdiluted": 0.96,
    "weightedAverageShsOut": 220000000,
    "weightedAverageShsOutDil": 224000000,
    "link": "https://www.sec.gov/Archives/edgar/data/1002047/000095017022017904/0000950170-22-017904-index.htm",
    "finalLink": "https://www.sec.gov/Archives/edgar/data/1002047/000095017022017904/ntap-20220729.htm"
  },
  {
    "date": "2022-04-29",
    "symbol": "NTAP",
    "reportedCurrency": "USD",
    "cik": "0001002047",
    "fillingDate": "2022-06-16",
    "acceptedDate": "2022-06-15 21:05:56",
    "calendarYear": "2022",
    "period": "Q4",
    "revenue": 1680000000,
    "costOfRevenue": 595000000,
    "grossProfit": 1087000000,
    "grossProfitRatio": 0.6470238095,
    "researchAndDevelopmentExpenses": 235000000,
    "generalAndAdministrativeExpenses": 72000000,
    "sellingAndMarketingExpenses": 480000000,
    "sellingGeneralAndAdministrativeExpenses": 552000000,
    "otherExpenses": 9000000,
    "operatingExpenses": 796000000,
    "costAndExpenses": 1387000000,
    "interestIncome": 2000000,
    "interestExpense": 18000000,
    "depreciationAndAmortization": 66000000,
    "ebitda": 356000000,
    "ebitdaratio": 0.2119047619,
    "operatingIncome": 293000000,
    "operatingIncomeRatio": 0.1744047619,
    "totalOtherIncomeExpensesNet": -21000000,
    "incomeBeforeTax": 272000000,
    "incomeBeforeTaxRatio": 0.1619047619,
    "incomeTaxExpense": 13000000,
    "netIncome": 259000000,
    "netIncomeRatio": 0.1541666667,
    "eps": 1.17,
    "epsdiluted": 1.14,
    "weightedAverageShsOut": 222000000,
    "weightedAverageShsOutDil": 228000000,
    "link": "https://www.sec.gov/Archives/edgar/data/1002047/000095017022011708/0000950170-22-011708-index.htm",
    "finalLink": "https://www.sec.gov/Archives/edgar/data/1002047/000095017022011708/ntap-20220429.htm"
  },
  {
    "date": "2022-01-28",
    "symbol": "NTAP",
    "reportedCurrency": "USD",
    "cik": "0001002047",
    "fillingDate": "2022-03-02",
    "acceptedDate": "2022-03-02 16:06:20",
    "calendarYear": "2022",
    "period": "Q3",
    "revenue": 1614000000,
    "costOfRevenue": 541000000,
    "grossProfit": 1073000000,
    "grossProfitRatio": 0.6648079306,
    "researchAndDevelopmentExpenses": 220000000,
    "generalAndAdministrativeExpenses": 65000000,
    "sellingAndMarketingExpenses": 461000000,
    "sellingGeneralAndAdministrativeExpenses": 526000000,
    "otherExpenses": 6000000,
    "operatingExpenses": 752000000,
    "costAndExpenses": 1293000000,
    "interestIncome": 2000000,
    "interestExpense": 19000000,
    "depreciationAndAmortization": 63000000,
    "ebitda": 388000000,
    "ebitdaratio": 0.2403965304,
    "operatingIncome": 321000000,
    "operatingIncomeRatio": 0.1988847584,
    "totalOtherIncomeExpensesNet": -15000000,
    "incomeBeforeTax": 306000000,
    "incomeBeforeTaxRatio": 0.1895910781,
    "incomeTaxExpense": 54000000,
    "netIncome": 252000000,
    "netIncomeRatio": 0.156133829,
    "eps": 1.13,
    "epsdiluted": 1.1,
    "weightedAverageShsOut": 223000000,
    "weightedAverageShsOutDil": 229000000,
    "link": "https://www.sec.gov/Archives/edgar/data/1002047/000095017022002669/0000950170-22-002669-index.htm",
    "finalLink": "https://www.sec.gov/Archives/edgar/data/1002047/000095017022002669/ntap-20220128.htm"
  },
  {
    "date": "2021-10-29",
    "symbol": "NTAP",
    "reportedCurrency": "USD",
    "cik": "0001002047",
    "fillingDate": "2021-12-02",
    "acceptedDate": "2021-12-02 16:08:19",
    "calendarYear": "2022",
    "period": "Q2",
    "revenue": 1566000000,
    "costOfRevenue": 507000000,
    "grossProfit": 1059000000,
    "grossProfitRatio": 0.6762452107,
    "researchAndDevelopmentExpenses": 216000000,
    "generalAndAdministrativeExpenses": 76000000,
    "sellingAndMarketingExpenses": 465000000,
    "sellingGeneralAndAdministrativeExpenses": 541000000,
    "otherExpenses": 8000000,
    "operatingExpenses": 765000000,
    "costAndExpenses": 1272000000,
    "interestIncome": 1000000,
    "interestExpense": 18000000,
    "depreciationAndAmortization": 61000000,
    "ebitda": 359000000,
    "ebitdaratio": 0.2292464879,
    "operatingIncome": 294000000,
    "operatingIncomeRatio": 0.1877394636,
    "totalOtherIncomeExpensesNet": -14000000,
    "incomeBeforeTax": 280000000,
    "incomeBeforeTaxRatio": 0.1787994891,
    "incomeTaxExpense": 56000000,
    "netIncome": 224000000,
    "netIncomeRatio": 0.1430395913,
    "eps": 1,
    "epsdiluted": 0.98,
    "weightedAverageShsOut": 223000000,
    "weightedAverageShsOutDil": 229000000,
    "link": "https://www.sec.gov/Archives/edgar/data/1002047/000095017021005014/0000950170-21-005014-index.htm",
    "finalLink": "https://www.sec.gov/Archives/edgar/data/1002047/000095017021005014/ntap-20211029.htm"
  },
  {
    "date": "2021-07-30",
    "symbol": "NTAP",
    "reportedCurrency": "USD",
    "cik": "0001002047",
    "fillingDate": "2021-09-02",
    "acceptedDate": "2021-09-02 16:29:32",
    "calendarYear": "2022",
    "period": "Q1",
    "revenue": 1458000000,
    "costOfRevenue": 459000000,
    "grossProfit": 999000000,
    "grossProfitRatio": 0.6851851852,
    "researchAndDevelopmentExpenses": 210000000,
    "generalAndAdministrativeExpenses": 66000000,
    "sellingAndMarketingExpenses": 451000000,
    "sellingGeneralAndAdministrativeExpenses": 517000000,
    "otherExpenses": 23000000,
    "operatingExpenses": 750000000,
    "costAndExpenses": 1209000000,
    "interestIncome": 2000000,
    "interestExpense": 18000000,
    "depreciationAndAmortization": 59000000,
    "ebitda": 314000000,
    "ebitdaratio": 0.2153635117,
    "operatingIncome": 249000000,
    "operatingIncomeRatio": 0.170781893,
    "totalOtherIncomeExpensesNet": -12000000,
    "incomeBeforeTax": 237000000,
    "incomeBeforeTaxRatio": 0.1625514403,
    "incomeTaxExpense": 35000000,
    "netIncome": 202000000,
    "netIncomeRatio": 0.1385459534,
    "eps": 0.91,
    "epsdiluted": 0.88,
    "weightedAverageShsOut": 223000000,
    "weightedAverageShsOutDil": 229000000,
    "link": "https://www.sec.gov/Archives/edgar/data/1002047/000156459021046976/0001564590-21-046976-index.htm",
    "finalLink": "https://www.sec.gov/Archives/edgar/data/1002047/000156459021046976/ntap-10q_20210730.htm"
  },
  {
    "date": "2021-04-30",
    "symbol": "NTAP",
    "reportedCurrency": "USD",
    "cik": "0001002047",
    "fillingDate": "2021-06-21",
    "acceptedDate": "2021-06-21 16:40:13",
    "calendarYear": "2021",
    "period": "Q4",
    "revenue": 1555000000,
    "costOfRevenue": 520000000,
    "grossProfit": 1035000000,
    "grossProfitRatio": 0.6655948553,
    "researchAndDevelopmentExpenses": 221000000,
    "generalAndAdministrativeExpenses": 66000000,
    "sellingAndMarketingExpenses": 447000000,
    "sellingGeneralAndAdministrativeExpenses": 513000000,
    "otherExpenses": -154000000,
    "operatingExpenses": 580000000,
    "costAndExpenses": 1100000000,
    "interestIncome": 2000000,
    "interestExpense": 19000000,
    "depreciationAndAmortization": 62000000,
    "ebitda": 517000000,
    "ebitdaratio": 0.3324758842,
    "operatingIncome": 455000000,
    "operatingIncomeRatio": 0.2926045016,
    "totalOtherIncomeExpensesNet": -19000000,
    "incomeBeforeTax": 436000000,
    "incomeBeforeTaxRatio": 0.2803858521,
    "incomeTaxExpense": 102000000,
    "netIncome": 334000000,
    "netIncomeRatio": 0.2147909968,
    "eps": 1.5,
    "epsdiluted": 1.46,
    "weightedAverageShsOut": 222000000,
    "weightedAverageShsOutDil": 229000000,
    "link": "https://www.sec.gov/Archives/edgar/data/1002047/000156459021033645/0001564590-21-033645-index.htm",
    "finalLink": "https://www.sec.gov/Archives/edgar/data/1002047/000156459021033645/ntap-10k_20210430.htm"
  },
  {
    "date": "2021-01-29",
    "symbol": "NTAP",
    "reportedCurrency": "USD",
    "cik": "0001002047",
    "fillingDate": "2021-03-01",
    "acceptedDate": "2021-03-01 16:06:13",
    "calendarYear": "2021",
    "period": "Q3",
    "revenue": 1470000000,
    "costOfRevenue": 495000000,
    "grossProfit": 975000000,
    "grossProfitRatio": 0.6632653061,
    "researchAndDevelopmentExpenses": 215000000,
    "generalAndAdministrativeExpenses": 63000000,
    "sellingAndMarketingExpenses": 436000000,
    "sellingGeneralAndAdministrativeExpenses": 499000000,
    "otherExpenses": 3000000,
    "operatingExpenses": 717000000,
    "costAndExpenses": 1212000000,
    "interestIncome": 2000000,
    "interestExpense": 19000000,
    "depreciationAndAmortization": 66000000,
    "ebitda": 332000000,
    "ebitdaratio": 0.2258503401,
    "operatingIncome": 258000000,
    "operatingIncomeRatio": 0.1755102041,
    "totalOtherIncomeExpensesNet": -11000000,
    "incomeBeforeTax": 247000000,
    "incomeBeforeTaxRatio": 0.1680272109,
    "incomeTaxExpense": 65000000,
    "netIncome": 182000000,
    "netIncomeRatio": 0.1238095238,
    "eps": 0.82,
    "epsdiluted": 0.8,
    "weightedAverageShsOut": 223000000,
    "weightedAverageShsOutDil": 227000000,
    "link": "https://www.sec.gov/Archives/edgar/data/1002047/000156459021009843/0001564590-21-009843-index.htm",
    "finalLink": "https://www.sec.gov/Archives/edgar/data/1002047/000156459021009843/ntap-10q_20210129.htm"
  },
  {
    "date": "2020-10-30",
    "symbol": "NTAP",
    "reportedCurrency": "USD",
    "cik": "0001002047",
    "fillingDate": "2020-12-03",
    "acceptedDate": "2020-12-03 16:07:08",
    "calendarYear": "2021",
    "period": "Q2",
    "revenue": 1416000000,
    "costOfRevenue": 483000000,
    "grossProfit": 933000000,
    "grossProfitRatio": 0.6588983051,
    "researchAndDevelopmentExpenses": 212000000,
    "generalAndAdministrativeExpenses": 67000000,
    "sellingAndMarketingExpenses": 432000000,
    "sellingGeneralAndAdministrativeExpenses": 499000000,
    "otherExpenses": 40000000,
    "operatingExpenses": 751000000,
    "costAndExpenses": 1234000000,
    "interestIncome": 2000000,
    "interestExpense": 18000000,
    "depreciationAndAmortization": 69000000,
    "ebitda": 262000000,
    "ebitdaratio": 0.1850282486,
    "operatingIncome": 182000000,
    "operatingIncomeRatio": 0.1285310734,
    "totalOtherIncomeExpensesNet": -7000000,
    "incomeBeforeTax": 175000000,
    "incomeBeforeTaxRatio": 0.1235875706,
    "incomeTaxExpense": 38000000,
    "netIncome": 137000000,
    "netIncomeRatio": 0.0967514124,
    "eps": 0.62,
    "epsdiluted": 0.61,
    "weightedAverageShsOut": 222000000,
    "weightedAverageShsOutDil": 224000000,
    "link": "https://www.sec.gov/Archives/edgar/data/1002047/000156459020056069/0001564590-20-056069-index.htm",
    "finalLink": "https://www.sec.gov/Archives/edgar/data/1002047/000156459020056069/ntap-10q_20201030.htm"
  },
  {
    "date": "2020-07-31",
    "symbol": "NTAP",
    "reportedCurrency": "USD",
    "cik": "0001002047",
    "fillingDate": "2020-08-28",
    "acceptedDate": "2020-08-28 16:06:07",
    "calendarYear": "2021",
    "period": "Q1",
    "revenue": 1303000000,
    "costOfRevenue": 431000000,
    "grossProfit": 872000000,
    "grossProfitRatio": 0.6692248657,
    "researchAndDevelopmentExpenses": 233000000,
    "generalAndAdministrativeExpenses": 61000000,
    "sellingAndMarketingExpenses": 429000000,
    "sellingGeneralAndAdministrativeExpenses": 490000000,
    "otherExpenses": 13000000,
    "operatingExpenses": 736000000,
    "costAndExpenses": 1167000000,
    "interestIncome": 3000000,
    "interestExpense": 18000000,
    "depreciationAndAmortization": 62000000,
    "ebitda": 184000000,
    "ebitdaratio": 0.1412125863,
    "operatingIncome": 136000000,
    "operatingIncomeRatio": 0.1043745203,
    "totalOtherIncomeExpensesNet": -32000000,
    "incomeBeforeTax": 104000000,
    "incomeBeforeTaxRatio": 0.0798158097,
    "incomeTaxExpense": 27000000,
    "netIncome": 77000000,
    "netIncomeRatio": 0.0590943975,
    "eps": 0.35,
    "epsdiluted": 0.35,
    "weightedAverageShsOut": 221000000,
    "weightedAverageShsOutDil": 222000000,
    "link": "https://www.sec.gov/Archives/edgar/data/1002047/000156459020041759/0001564590-20-041759-index.htm",
    "finalLink": "https://www.sec.gov/Archives/edgar/data/1002047/000156459020041759/ntap-10q_20200731.htm"
  },
  {
    "date": "2020-04-24",
    "symbol": "NTAP",
    "reportedCurrency": "USD",
    "cik": "0001002047",
    "fillingDate": "2020-06-15",
    "acceptedDate": "2020-06-15 16:08:13",
    "calendarYear": "2020",
    "period": "Q4",
    "revenue": 1401000000,
    "costOfRevenue": 460000000,
    "grossProfit": 941000000,
    "grossProfitRatio": 0.6716630978,
    "researchAndDevelopmentExpenses": 212000000,
    "generalAndAdministrativeExpenses": 63000000,
    "sellingAndMarketingExpenses": 389000000,
    "sellingGeneralAndAdministrativeExpenses": 452000000,
    "otherExpenses": 0,
    "operatingExpenses": 664000000,
    "costAndExpenses": 1124000000,
    "interestIncome": 7000000,
    "interestExpense": 14000000,
    "depreciationAndAmortization": 59000000,
    "ebitda": 323000000,
    "ebitdaratio": 0.2305496074,
    "operatingIncome": 277000000,
    "operatingIncomeRatio": 0.1977159172,
    "totalOtherIncomeExpensesNet": -27000000,
    "incomeBeforeTax": 250000000,
    "incomeBeforeTaxRatio": 0.1784439686,
    "incomeTaxExpense": 54000000,
    "netIncome": 196000000,
    "netIncomeRatio": 0.1399000714,
    "eps": 0.89,
    "epsdiluted": 0.88,
    "weightedAverageShsOut": 220000000,
    "weightedAverageShsOutDil": 222000000,
    "link": "https://www.sec.gov/Archives/edgar/data/1002047/000156459020029349/0001564590-20-029349-index.htm",
    "finalLink": "https://www.sec.gov/Archives/edgar/data/1002047/000156459020029349/ntap-10k_20200424.htm"
  },
  {
    "date": "2020-01-24",
    "symbol": "NTAP",
    "reportedCurrency": "USD",
    "cik": "0001002047",
    "fillingDate": "2020-02-18",
    "acceptedDate": "2020-02-18 16:07:15",
    "calendarYear": "2020",
    "period": "Q3",
    "revenue": 1404000000,
    "costOfRevenue": 463000000,
    "grossProfit": 941000000,
    "grossProfitRatio": 0.6702279202,
    "researchAndDevelopmentExpenses": 211000000,
    "generalAndAdministrativeExpenses": 60000000,
    "sellingAndMarketingExpenses": 402000000,
    "sellingGeneralAndAdministrativeExpenses": 462000000,
    "otherExpenses": 0,
    "operatingExpenses": 673000000,
    "costAndExpenses": 1136000000,
    "interestIncome": 10000000,
    "interestExpense": 14000000,
    "depreciationAndAmortization": 47000000,
    "ebitda": 315000000,
    "ebitdaratio": 0.2243589744,
    "operatingIncome": 268000000,
    "operatingIncomeRatio": 0.1908831909,
    "totalOtherIncomeExpensesNet": 8000000,
    "incomeBeforeTax": 276000000,
    "incomeBeforeTaxRatio": 0.1965811966,
    "incomeTaxExpense": -1000000,
    "netIncome": 277000000,
    "netIncomeRatio": 0.1972934473,
    "eps": 1.23,
    "epsdiluted": 1.21,
    "weightedAverageShsOut": 226000000,
    "weightedAverageShsOutDil": 229000000,
    "link": "https://www.sec.gov/Archives/edgar/data/1002047/000156459020005025/0001564590-20-005025-index.htm",
    "finalLink": "https://www.sec.gov/Archives/edgar/data/1002047/000156459020005025/ntap-10q_20200124.htm"
  },
  {
    "date": "2019-10-25",
    "symbol": "NTAP",
    "reportedCurrency": "USD",
    "cik": "0001002047",
    "fillingDate": "2019-11-18",
    "acceptedDate": "2019-11-18 16:07:06",
    "calendarYear": "2020",
    "period": "Q2",
    "revenue": 1371000000,
    "costOfRevenue": 446000000,
    "grossProfit": 925000000,
    "grossProfitRatio": 0.6746900073,
    "researchAndDevelopmentExpenses": 209000000,
    "generalAndAdministrativeExpenses": 69000000,
    "sellingAndMarketingExpenses": 389000000,
    "sellingGeneralAndAdministrativeExpenses": 458000000,
    "otherExpenses": -38000000,
    "operatingExpenses": 629000000,
    "costAndExpenses": 1075000000,
    "interestIncome": 12000000,
    "interestExpense": 12000000,
    "depreciationAndAmortization": 50000000,
    "ebitda": 361000000,
    "ebitdaratio": 0.2633114515,
    "operatingIncome": 296000000,
    "operatingIncomeRatio": 0.2159008023,
    "totalOtherIncomeExpensesNet": 3000000,
    "incomeBeforeTax": 299000000,
    "incomeBeforeTaxRatio": 0.2180889861,
    "incomeTaxExpense": 56000000,
    "netIncome": 243000000,
    "netIncomeRatio": 0.1772428884,
    "eps": 1.03,
    "epsdiluted": 1.03,
    "weightedAverageShsOut": 235000000,
    "weightedAverageShsOutDil": 236000000,
    "link": "https://www.sec.gov/Archives/edgar/data/1002047/000156459019043736/0001564590-19-043736-index.htm",
    "finalLink": "https://www.sec.gov/Archives/edgar/data/1002047/000156459019043736/ntap-10q_20191025.htm"
  },
  {
    "date": "2019-07-26",
    "symbol": "NTAP",
    "reportedCurrency": "USD",
    "cik": "0001002047",
    "fillingDate": "2019-08-19",
    "acceptedDate": "2019-08-19 16:31:53",
    "calendarYear": "2020",
    "period": "Q1",
    "revenue": 1236000000,
    "costOfRevenue": 420000000,
    "grossProfit": 816000000,
    "grossProfitRatio": 0.6601941748,
    "researchAndDevelopmentExpenses": 215000000,
    "generalAndAdministrativeExpenses": 71000000,
    "sellingAndMarketingExpenses": 405000000,
    "sellingGeneralAndAdministrativeExpenses": 476000000,
    "otherExpenses": 21000000,
    "operatingExpenses": 712000000,
    "costAndExpenses": 1132000000,
    "interestIncome": 19000000,
    "interestExpense": 15000000,
    "depreciationAndAmortization": 49000000,
    "ebitda": 183000000,
    "ebitdaratio": 0.1480582524,
    "operatingIncome": 104000000,
    "operatingIncomeRatio": 0.0841423948,
    "totalOtherIncomeExpensesNet": 15000000,
    "incomeBeforeTax": 119000000,
    "incomeBeforeTaxRatio": 0.0962783172,
    "incomeTaxExpense": 16000000,
    "netIncome": 103000000,
    "netIncomeRatio": 0.0833333333,
    "eps": 0.43,
    "epsdiluted": 0.42,
    "weightedAverageShsOut": 239000000,
    "weightedAverageShsOutDil": 243000000,
    "link": "https://www.sec.gov/Archives/edgar/data/1002047/000156459019032574/0001564590-19-032574-index.htm",
    "finalLink": "https://www.sec.gov/Archives/edgar/data/1002047/000156459019032574/ntap-10q_20190726.htm"
  },
  {
    "date": "2019-04-26",
    "symbol": "NTAP",
    "reportedCurrency": "USD",
    "cik": "0001002047",
    "fillingDate": "2019-06-18",
    "acceptedDate": "2019-06-18 16:43:53",
    "calendarYear": "2019",
    "period": "Q4",
    "revenue": 1592000000,
    "costOfRevenue": 566000000,
    "grossProfit": 1026000000,
    "grossProfitRatio": 0.6444723618,
    "researchAndDevelopmentExpenses": 205000000,
    "generalAndAdministrativeExpenses": 69000000,
    "sellingAndMarketingExpenses": 439000000,
    "sellingGeneralAndAdministrativeExpenses": 508000000,
    "otherExpenses": -57000000,
    "operatingExpenses": 656000000,
    "costAndExpenses": 1222000000,
    "interestIncome": 20000000,
    "interestExpense": 14000000,
    "depreciationAndAmortization": 48000000,
    "ebitda": 446000000,
    "ebitdaratio": 0.2801507538,
    "operatingIncome": 370000000,
    "operatingIncomeRatio": 0.2324120603,
    "totalOtherIncomeExpensesNet": 14000000,
    "incomeBeforeTax": 384000000,
    "incomeBeforeTaxRatio": 0.2412060302,
    "incomeTaxExpense": -12000000,
    "netIncome": 396000000,
    "netIncomeRatio": 0.2487437186,
    "eps": 1.62,
    "epsdiluted": 1.59,
    "weightedAverageShsOut": 245000000,
    "weightedAverageShsOutDil": 249000000,
    "link": "https://www.sec.gov/Archives/edgar/data/1002047/000156459019022779/0001564590-19-022779-index.htm",
    "finalLink": "https://www.sec.gov/Archives/edgar/data/1002047/000156459019022779/ntap-10k_20190426.htm"
  },
  {
    "date": "2019-01-25",
    "symbol": "NTAP",
    "reportedCurrency": "USD",
    "cik": "0001002047",
    "fillingDate": "2019-02-19",
    "acceptedDate": "2019-02-19 16:06:58",
    "calendarYear": "2019",
    "period": "Q3",
    "revenue": 1563000000,
    "costOfRevenue": 581000000,
    "grossProfit": 982000000,
    "grossProfitRatio": 0.6282789507,
    "researchAndDevelopmentExpenses": 203000000,
    "generalAndAdministrativeExpenses": 67000000,
    "sellingAndMarketingExpenses": 401000000,
    "sellingGeneralAndAdministrativeExpenses": 468000000,
    "otherExpenses": 0,
    "operatingExpenses": 671000000,
    "costAndExpenses": 1252000000,
    "interestIncome": 22000000,
    "interestExpense": 16000000,
    "depreciationAndAmortization": 51000000,
    "ebitda": 362000000,
    "ebitdaratio": 0.2316058861,
    "operatingIncome": 311000000,
    "operatingIncomeRatio": 0.1989763276,
    "totalOtherIncomeExpensesNet": 8000000,
    "incomeBeforeTax": 319000000,
    "incomeBeforeTaxRatio": 0.2040946897,
    "incomeTaxExpense": 70000000,
    "netIncome": 249000000,
    "netIncomeRatio": 0.1593090211,
    "eps": 1,
    "epsdiluted": 0.98,
    "weightedAverageShsOut": 250000000,
    "weightedAverageShsOutDil": 255000000,
    "link": "https://www.sec.gov/Archives/edgar/data/1002047/000156459019003270/0001564590-19-003270-index.htm",
    "finalLink": "https://www.sec.gov/Archives/edgar/data/1002047/000156459019003270/ntap-10q_20190125.htm"
  },
  {
    "date": "2018-10-26",
    "symbol": "NTAP",
    "reportedCurrency": "USD",
    "cik": "0001002047",
    "fillingDate": "2018-11-19",
    "acceptedDate": "2018-11-19 16:09:10",
    "calendarYear": "2019",
    "period": "Q2",
    "revenue": 1517000000,
    "costOfRevenue": 543000000,
    "grossProfit": 974000000,
    "grossProfitRatio": 0.6420566908,
    "researchAndDevelopmentExpenses": 211000000,
    "generalAndAdministrativeExpenses": 69000000,
    "sellingAndMarketingExpenses": 408000000,
    "sellingGeneralAndAdministrativeExpenses": 477000000,
    "otherExpenses": 0,
    "operatingExpenses": 688000000,
    "costAndExpenses": 1231000000,
    "interestIncome": 21000000,
    "interestExpense": 14000000,
    "depreciationAndAmortization": 49000000,
    "ebitda": 335000000,
    "ebitdaratio": 0.2208305867,
    "operatingIncome": 286000000,
    "operatingIncomeRatio": 0.1885299934,
    "totalOtherIncomeExpensesNet": 7000000,
    "incomeBeforeTax": 293000000,
    "incomeBeforeTaxRatio": 0.1931443639,
    "incomeTaxExpense": 52000000,
    "netIncome": 241000000,
    "netIncomeRatio": 0.1588661833,
    "eps": 0.93,
    "epsdiluted": 0.91,
    "weightedAverageShsOut": 258000000,
    "weightedAverageShsOutDil": 264000000,
    "link": "https://www.sec.gov/Archives/edgar/data/1002047/000156459018029831/0001564590-18-029831-index.htm",
    "finalLink": "https://www.sec.gov/Archives/edgar/data/1002047/000156459018029831/ntap-10q_20181026.htm"
  },
  {
    "date": "2018-07-27",
    "symbol": "NTAP",
    "reportedCurrency": "USD",
    "cik": "0001002047",
    "fillingDate": "2018-08-21",
    "acceptedDate": "2018-08-21 16:06:57",
    "calendarYear": "2019",
    "period": "Q1",
    "revenue": 1474000000,
    "costOfRevenue": 511000000,
    "grossProfit": 963000000,
    "grossProfitRatio": 0.6533242877,
    "researchAndDevelopmentExpenses": 208000000,
    "generalAndAdministrativeExpenses": 73000000,
    "sellingAndMarketingExpenses": 409000000,
    "sellingGeneralAndAdministrativeExpenses": 482000000,
    "otherExpenses": 0,
    "operatingExpenses": 690000000,
    "costAndExpenses": 1201000000,
    "interestIncome": 25000000,
    "interestExpense": 14000000,
    "depreciationAndAmortization": 49000000,
    "ebitda": 335000000,
    "ebitdaratio": 0.2272727273,
    "operatingIncome": 254000000,
    "operatingIncomeRatio": 0.1723202171,
    "totalOtherIncomeExpensesNet": 18000000,
    "incomeBeforeTax": 272000000,
    "incomeBeforeTaxRatio": 0.184531886,
    "incomeTaxExpense": -11000000,
    "netIncome": 283000000,
    "netIncomeRatio": 0.1919945726,
    "eps": 1.08,
    "epsdiluted": 1.05,
    "weightedAverageShsOut": 262000000,
    "weightedAverageShsOutDil": 269000000,
    "link": "https://www.sec.gov/Archives/edgar/data/1002047/000156459018022123/0001564590-18-022123-index.htm",
    "finalLink": "https://www.sec.gov/Archives/edgar/data/1002047/000156459018022123/ntap-10q_20180727.htm"
  },
  {
    "date": "2018-04-27",
    "symbol": "NTAP",
    "reportedCurrency": "USD",
    "cik": "0001002047",
    "fillingDate": "2018-06-19",
    "acceptedDate": "2018-06-19 16:30:25",
    "calendarYear": "2018",
    "period": "Q4",
    "revenue": 1641000000,
    "costOfRevenue": 619000000,
    "grossProfit": 1022000000,
    "grossProfitRatio": 0.6227909811,
    "researchAndDevelopmentExpenses": 203000000,
    "generalAndAdministrativeExpenses": 71000000,
    "sellingAndMarketingExpenses": 461000000,
    "sellingGeneralAndAdministrativeExpenses": 532000000,
    "otherExpenses": 0,
    "operatingExpenses": 735000000,
    "costAndExpenses": 1354000000,
    "interestIncome": 24000000,
    "interestExpense": 15000000,
    "depreciationAndAmortization": 48000000,
    "ebitda": 335000000,
    "ebitdaratio": 0.2041438147,
    "operatingIncome": 287000000,
    "operatingIncomeRatio": 0.1748933577,
    "totalOtherIncomeExpensesNet": 16000000,
    "incomeBeforeTax": 303000000,
    "incomeBeforeTaxRatio": 0.1846435101,
    "incomeTaxExpense": 32000000,
    "netIncome": 271000000,
    "netIncomeRatio": 0.1651432054,
    "eps": 1.02,
    "epsdiluted": 0.99,
    "weightedAverageShsOut": 265000000,
    "weightedAverageShsOutDil": 273000000,
    "link": "https://www.sec.gov/Archives/edgar/data/1002047/000156459018015820/0001564590-18-015820-index.htm",
    "finalLink": "https://www.sec.gov/Archives/edgar/data/1002047/000156459018015820/ntap-10k_20180427.htm"
  },
  {
    "date": "2018-01-26",
    "symbol": "NTAP",
    "reportedCurrency": "USD",
    "cik": "0001002047",
    "fillingDate": "2018-02-22",
    "acceptedDate": "2018-02-22 16:16:47",
    "calendarYear": "2018",
    "period": "Q3",
    "revenue": 1523000000,
    "costOfRevenue": 582000000,
    "grossProfit": 941000000,
    "grossProfitRatio": 0.6178594879,
    "researchAndDevelopmentExpenses": 193000000,
    "generalAndAdministrativeExpenses": 72000000,
    "sellingAndMarketingExpenses": 423000000,
    "sellingGeneralAndAdministrativeExpenses": 495000000,
    "otherExpenses": 0,
    "operatingExpenses": 688000000,
    "costAndExpenses": 1270000000,
    "interestIncome": 20000000,
    "interestExpense": 17000000,
    "depreciationAndAmortization": 48000000,
    "ebitda": 83000000,
    "ebitdaratio": 0.0544977019,
    "operatingIncome": 470000000,
    "operatingIncomeRatio": 0.3086014445,
    "totalOtherIncomeExpensesNet": -5000000,
    "incomeBeforeTax": 485000000,
    "incomeBeforeTaxRatio": 0.3184504268,
    "incomeTaxExpense": 991000000,
    "netIncome": -506000000,
    "netIncomeRatio": -0.332239002,
    "eps": -1.89,
    "epsdiluted": -1.89,
    "weightedAverageShsOut": 267597765,
    "weightedAverageShsOutDil": 268000000,
    "link": "https://www.sec.gov/Archives/edgar/data/1002047/000156459018002876/0001564590-18-002876-index.htm",
    "finalLink": "https://www.sec.gov/Archives/edgar/data/1002047/000156459018002876/ntap-10q_20180126.htm"
  },
  {
    "date": "2017-10-27",
    "symbol": "NTAP",
    "reportedCurrency": "USD",
    "cik": "0001002047",
    "fillingDate": "2017-11-29",
    "acceptedDate": "2017-11-29 16:31:32",
    "calendarYear": "2018",
    "period": "Q2",
    "revenue": 1422000000,
    "costOfRevenue": 520000000,
    "grossProfit": 902000000,
    "grossProfitRatio": 0.6343178622,
    "researchAndDevelopmentExpenses": 194000000,
    "generalAndAdministrativeExpenses": 69000000,
    "sellingAndMarketingExpenses": 420000000,
    "sellingGeneralAndAdministrativeExpenses": 489000000,
    "otherExpenses": 6000000,
    "operatingExpenses": 683000000,
    "costAndExpenses": 1203000000,
    "interestIncome": 19000000,
    "interestExpense": 17000000,
    "depreciationAndAmortization": 51000000,
    "ebitda": 270000000,
    "ebitdaratio": 0.1898734177,
    "operatingIncome": 219000000,
    "operatingIncomeRatio": 0.1540084388,
    "totalOtherIncomeExpensesNet": 6000000,
    "incomeBeforeTax": 225000000,
    "incomeBeforeTaxRatio": 0.1582278481,
    "incomeTaxExpense": 50000000,
    "netIncome": 175000000,
    "netIncomeRatio": 0.1230661041,
    "eps": 0.65,
    "epsdiluted": 0.64,
    "weightedAverageShsOut": 269000000,
    "weightedAverageShsOutDil": 275000000,
    "link": "https://www.sec.gov/Archives/edgar/data/1002047/000156459017024351/0001564590-17-024351-index.htm",
    "finalLink": "https://www.sec.gov/Archives/edgar/data/1002047/000156459017024351/ntap-10q_20171027.htm"
  },
  {
    "date": "2017-07-28",
    "symbol": "NTAP",
    "reportedCurrency": "USD",
    "cik": "0001002047",
    "fillingDate": "2017-08-29",
    "acceptedDate": "2017-08-29 16:06:30",
    "calendarYear": "2018",
    "period": "Q1",
    "revenue": 1325000000,
    "costOfRevenue": 491000000,
    "grossProfit": 834000000,
    "grossProfitRatio": 0.6294339623,
    "researchAndDevelopmentExpenses": 193000000,
    "generalAndAdministrativeExpenses": 68000000,
    "sellingAndMarketingExpenses": 425000000,
    "sellingGeneralAndAdministrativeExpenses": 493000000,
    "otherExpenses": 5000000,
    "operatingExpenses": 686000000,
    "costAndExpenses": 1177000000,
    "interestIncome": 16000000,
    "interestExpense": 13000000,
    "depreciationAndAmortization": 51000000,
    "ebitda": 199000000,
    "ebitdaratio": 0.1501886792,
    "operatingIncome": 148000000,
    "operatingIncomeRatio": 0.1116981132,
    "totalOtherIncomeExpensesNet": 5000000,
    "incomeBeforeTax": 153000000,
    "incomeBeforeTaxRatio": 0.1154716981,
    "incomeTaxExpense": 17000000,
    "netIncome": 136000000,
    "netIncomeRatio": 0.1026415094,
    "eps": 0.5,
    "epsdiluted": 0.49,
    "weightedAverageShsOut": 270000000,
    "weightedAverageShsOutDil": 278000000,
    "link": "https://www.sec.gov/Archives/edgar/data/1002047/000156459017018158/0001564590-17-018158-index.htm",
    "finalLink": "https://www.sec.gov/Archives/edgar/data/1002047/000156459017018158/ntap-10q_20170728.htm"
  },
  {
    "date": "2017-04-28",
    "symbol": "NTAP",
    "reportedCurrency": "USD",
    "cik": "0001002047",
    "fillingDate": "2017-06-20",
    "acceptedDate": "2017-06-20 16:07:09",
    "calendarYear": "2017",
    "period": "Q4",
    "revenue": 1481000000,
    "costOfRevenue": 568000000,
    "grossProfit": 913000000,
    "grossProfitRatio": 0.6164753545,
    "researchAndDevelopmentExpenses": 191000000,
    "generalAndAdministrativeExpenses": 70000000,
    "sellingAndMarketingExpenses": 405000000,
    "sellingGeneralAndAdministrativeExpenses": 475000000,
    "otherExpenses": 1000000,
    "operatingExpenses": 666000000,
    "costAndExpenses": 1234000000,
    "interestIncome": 13000000,
    "interestExpense": 13000000,
    "depreciationAndAmortization": 53000000,
    "ebitda": 300000000,
    "ebitdaratio": 0.2025658339,
    "operatingIncome": 247000000,
    "operatingIncomeRatio": 0.1667792032,
    "totalOtherIncomeExpensesNet": 1000000,
    "incomeBeforeTax": 248000000,
    "incomeBeforeTaxRatio": 0.1674544227,
    "incomeTaxExpense": 58000000,
    "netIncome": 190000000,
    "netIncomeRatio": 0.1282916948,
    "eps": 0.7,
    "epsdiluted": 0.68,
    "weightedAverageShsOut": 270000000,
    "weightedAverageShsOutDil": 278000000,
    "link": "https://www.sec.gov/Archives/edgar/data/1002047/000156459017012758/0001564590-17-012758-index.htm",
    "finalLink": "https://www.sec.gov/Archives/edgar/data/1002047/000156459017012758/ntap-10k_20170428.htm"
  },
  {
    "date": "2017-01-27",
    "symbol": "NTAP",
    "reportedCurrency": "USD",
    "cik": "0001002047",
    "fillingDate": "2017-02-28",
    "acceptedDate": "2017-02-28 16:06:36",
    "calendarYear": "2017",
    "period": "Q3",
    "revenue": 1404000000,
    "costOfRevenue": 553000000,
    "grossProfit": 851000000,
    "grossProfitRatio": 0.6061253561,
    "researchAndDevelopmentExpenses": 181000000,
    "generalAndAdministrativeExpenses": 64000000,
    "sellingAndMarketingExpenses": 381000000,
    "sellingGeneralAndAdministrativeExpenses": 445000000,
    "otherExpenses": 2000000,
    "operatingExpenses": 626000000,
    "costAndExpenses": 1179000000,
    "interestIncome": 10000000,
    "interestExpense": 12000000,
    "depreciationAndAmortization": 56000000,
    "ebitda": 251000000,
    "ebitdaratio": 0.1787749288,
    "operatingIncome": 183000000,
    "operatingIncomeRatio": 0.1303418803,
    "totalOtherIncomeExpensesNet": 0,
    "incomeBeforeTax": 183000000,
    "incomeBeforeTaxRatio": 0.1303418803,
    "incomeTaxExpense": 37000000,
    "netIncome": 146000000,
    "netIncomeRatio": 0.103988604,
    "eps": 0.53,
    "epsdiluted": 0.52,
    "weightedAverageShsOut": 274000000,
    "weightedAverageShsOutDil": 281000000,
    "link": "https://www.sec.gov/Archives/edgar/data/1002047/000156459017002845/0001564590-17-002845-index.htm",
    "finalLink": "https://www.sec.gov/Archives/edgar/data/1002047/000156459017002845/ntap-10q_20170127.htm"
  },
  {
    "date": "2016-10-28",
    "symbol": "NTAP",
    "reportedCurrency": "USD",
    "cik": "0001002047",
    "fillingDate": "2016-12-02",
    "acceptedDate": "2016-12-02 16:06:26",
    "calendarYear": "2017",
    "period": "Q2",
    "revenue": 1340000000,
    "costOfRevenue": 511000000,
    "grossProfit": 829000000,
    "grossProfitRatio": 0.6186567164,
    "researchAndDevelopmentExpenses": 200000000,
    "generalAndAdministrativeExpenses": 69000000,
    "sellingAndMarketingExpenses": 418000000,
    "sellingGeneralAndAdministrativeExpenses": 487000000,
    "otherExpenses": 2000000,
    "operatingExpenses": 687000000,
    "costAndExpenses": 1198000000,
    "interestIncome": 10000000,
    "interestExpense": 12000000,
    "depreciationAndAmortization": 57000000,
    "ebitda": 199000000,
    "ebitdaratio": 0.1485074627,
    "operatingIncome": 142000000,
    "operatingIncomeRatio": 0.1059701493,
    "totalOtherIncomeExpensesNet": 0,
    "incomeBeforeTax": 142000000,
    "incomeBeforeTaxRatio": 0.1059701493,
    "incomeTaxExpense": 33000000,
    "netIncome": 109000000,
    "netIncomeRatio": 0.0813432836,
    "eps": 0.39,
    "epsdiluted": 0.38,
    "weightedAverageShsOut": 278000000,
    "weightedAverageShsOutDil": 284000000,
    "link": "https://www.sec.gov/Archives/edgar/data/1002047/000156459016029759/0001564590-16-029759-index.htm",
    "finalLink": "https://www.sec.gov/Archives/edgar/data/1002047/000156459016029759/ntap-10q_20161028.htm"
  },
  {
    "date": "2016-07-29",
    "symbol": "NTAP",
    "reportedCurrency": "USD",
    "cik": "0001002047",
    "fillingDate": "2016-09-02",
    "acceptedDate": "2016-09-02 16:07:29",
    "calendarYear": "2017",
    "period": "Q1",
    "revenue": 1294000000,
    "costOfRevenue": 497000000,
    "grossProfit": 797000000,
    "grossProfitRatio": 0.6159196291,
    "researchAndDevelopmentExpenses": 207000000,
    "generalAndAdministrativeExpenses": 68000000,
    "sellingAndMarketingExpenses": 429000000,
    "sellingGeneralAndAdministrativeExpenses": 497000000,
    "otherExpenses": -1000000,
    "operatingExpenses": 704000000,
    "costAndExpenses": 1201000000,
    "interestIncome": 11000000,
    "interestExpense": 15000000,
    "depreciationAndAmortization": 60000000,
    "ebitda": 153000000,
    "ebitdaratio": 0.1182380216,
    "operatingIncome": 93000000,
    "operatingIncomeRatio": 0.07187017,
    "totalOtherIncomeExpensesNet": -1000000,
    "incomeBeforeTax": 92000000,
    "incomeBeforeTaxRatio": 0.0710973725,
    "incomeTaxExpense": 28000000,
    "netIncome": 64000000,
    "netIncomeRatio": 0.0494590417,
    "eps": 0.23,
    "epsdiluted": 0.23,
    "weightedAverageShsOut": 279000000,
    "weightedAverageShsOutDil": 282000000,
    "link": "https://www.sec.gov/Archives/edgar/data/1002047/000156459016024907/0001564590-16-024907-index.htm",
    "finalLink": "https://www.sec.gov/Archives/edgar/data/1002047/000156459016024907/ntap-10q_20160729.htm"
  },
  {
    "date": "2016-04-29",
    "symbol": "NTAP",
    "reportedCurrency": "USD",
    "cik": "0001002047",
    "fillingDate": "2016-06-22",
    "acceptedDate": "2016-06-22 16:07:00",
    "calendarYear": "2016",
    "period": "Q4",
    "revenue": 1380000000,
    "costOfRevenue": 562000000,
    "grossProfit": 818000000,
    "grossProfitRatio": 0.5927536232,
    "researchAndDevelopmentExpenses": 201000000,
    "generalAndAdministrativeExpenses": 84000000,
    "sellingAndMarketingExpenses": 434000000,
    "sellingGeneralAndAdministrativeExpenses": 518000000,
    "otherExpenses": -4000000,
    "operatingExpenses": 719000000,
    "costAndExpenses": 1281000000,
    "interestIncome": 11000000,
    "interestExpense": 15000000,
    "depreciationAndAmortization": 77000000,
    "ebitda": 152000000,
    "ebitdaratio": 0.1101449275,
    "operatingIncome": 64000000,
    "operatingIncomeRatio": 0.0463768116,
    "totalOtherIncomeExpensesNet": -4000000,
    "incomeBeforeTax": 60000000,
    "incomeBeforeTaxRatio": 0.0434782609,
    "incomeTaxExpense": 68000000,
    "netIncome": -8000000,
    "netIncomeRatio": -0.0057971014,
    "eps": -0.0293,
    "epsdiluted": -0.0282,
    "weightedAverageShsOut": 273410799,
    "weightedAverageShsOutDil": 284000000,
    "link": "https://www.sec.gov/Archives/edgar/data/1002047/000156459016020754/0001564590-16-020754-index.htm",
    "finalLink": "https://www.sec.gov/Archives/edgar/data/1002047/000156459016020754/ntap-10k_20160429.htm"
  },
  {
    "date": "2016-01-29",
    "symbol": "NTAP",
    "reportedCurrency": "USD",
    "cik": "0001002047",
    "fillingDate": "2016-03-07",
    "acceptedDate": "2016-03-07 16:07:16",
    "calendarYear": "2016",
    "period": "Q3",
    "revenue": 1386000000,
    "costOfRevenue": 531000000,
    "grossProfit": 855000000,
    "grossProfitRatio": 0.6168831169,
    "researchAndDevelopmentExpenses": 200000000,
    "generalAndAdministrativeExpenses": 70000000,
    "sellingAndMarketingExpenses": 418000000,
    "sellingGeneralAndAdministrativeExpenses": 488000000,
    "otherExpenses": -2000000,
    "operatingExpenses": 688000000,
    "costAndExpenses": 1219000000,
    "interestIncome": 11000000,
    "interestExpense": 11000000,
    "depreciationAndAmortization": 66000000,
    "ebitda": 240000000,
    "ebitdaratio": 0.1731601732,
    "operatingIncome": 165000000,
    "operatingIncomeRatio": 0.119047619,
    "totalOtherIncomeExpensesNet": -2000000,
    "incomeBeforeTax": 163000000,
    "incomeBeforeTaxRatio": 0.1176046176,
    "incomeTaxExpense": 10000000,
    "netIncome": 153000000,
    "netIncomeRatio": 0.1103896104,
    "eps": 0.52,
    "epsdiluted": 0.52,
    "weightedAverageShsOut": 293000000,
    "weightedAverageShsOutDil": 296000000,
    "link": "https://www.sec.gov/Archives/edgar/data/1002047/000156459016014119/0001564590-16-014119-index.htm",
    "finalLink": "https://www.sec.gov/Archives/edgar/data/1002047/000156459016014119/ntap-10q_20160129.htm"
  },
  {
    "date": "2015-10-30",
    "symbol": "NTAP",
    "reportedCurrency": "USD",
    "cik": "0001002047",
    "fillingDate": "2015-12-02",
    "acceptedDate": "2015-12-02 16:06:00",
    "calendarYear": "2016",
    "period": "Q2",
    "revenue": 1445000000,
    "costOfRevenue": 561000000,
    "grossProfit": 884000000,
    "grossProfitRatio": 0.6117647059,
    "researchAndDevelopmentExpenses": 216000000,
    "generalAndAdministrativeExpenses": 74000000,
    "sellingAndMarketingExpenses": 448000000,
    "sellingGeneralAndAdministrativeExpenses": 522000000,
    "otherExpenses": -1000000,
    "operatingExpenses": 738000000,
    "costAndExpenses": 1299000000,
    "interestIncome": 11000000,
    "interestExpense": 12000000,
    "depreciationAndAmortization": 67000000,
    "ebitda": 223000000,
    "ebitdaratio": 0.1543252595,
    "operatingIncome": 145000000,
    "operatingIncomeRatio": 0.1003460208,
    "totalOtherIncomeExpensesNet": -1000000,
    "incomeBeforeTax": 144000000,
    "incomeBeforeTaxRatio": 0.0996539792,
    "incomeTaxExpense": 30000000,
    "netIncome": 114000000,
    "netIncomeRatio": 0.0788927336,
    "eps": 0.39,
    "epsdiluted": 0.39,
    "weightedAverageShsOut": 294000000,
    "weightedAverageShsOutDil": 296000000,
    "link": "https://www.sec.gov/Archives/edgar/data/1002047/000156459015011213/0001564590-15-011213-index.htm",
    "finalLink": "https://www.sec.gov/Archives/edgar/data/1002047/000156459015011213/ntap-10q_20151030.htm"
  },
  {
    "date": "2015-07-31",
    "symbol": "NTAP",
    "reportedCurrency": "USD",
    "cik": "0001002047",
    "fillingDate": "2015-09-08",
    "acceptedDate": "2015-09-08 16:45:57",
    "calendarYear": "2016",
    "period": "Q1",
    "revenue": 1335000000,
    "costOfRevenue": 519000000,
    "grossProfit": 816000000,
    "grossProfitRatio": 0.6112359551,
    "researchAndDevelopmentExpenses": 244000000,
    "generalAndAdministrativeExpenses": 79000000,
    "sellingAndMarketingExpenses": 492000000,
    "sellingGeneralAndAdministrativeExpenses": 571000000,
    "otherExpenses": 4000000,
    "operatingExpenses": 815000000,
    "costAndExpenses": 1334000000,
    "interestIncome": 13000000,
    "interestExpense": 11000000,
    "depreciationAndAmortization": 69000000,
    "ebitda": 58000000,
    "ebitdaratio": 0.0434456929,
    "operatingIncome": -26000000,
    "operatingIncomeRatio": -0.0194756554,
    "totalOtherIncomeExpensesNet": 4000000,
    "incomeBeforeTax": -22000000,
    "incomeBeforeTaxRatio": -0.0164794007,
    "incomeTaxExpense": 8000000,
    "netIncome": -30000000,
    "netIncomeRatio": -0.0224719101,
    "eps": -0.1,
    "epsdiluted": -0.0987,
    "weightedAverageShsOut": 300000000,
    "weightedAverageShsOutDil": 304000000,
    "link": "https://www.sec.gov/Archives/edgar/data/1002047/000156459015007795/0001564590-15-007795-index.htm",
    "finalLink": "https://www.sec.gov/Archives/edgar/data/1002047/000156459015007795/ntap-10q_20150731.htm"
  },
  {
    "date": "2015-04-24",
    "symbol": "NTAP",
    "reportedCurrency": "USD",
    "cik": "0001002047",
    "fillingDate": "2015-06-12",
    "acceptedDate": "2015-06-12 16:06:31",
    "calendarYear": "2015",
    "period": "Q4",
    "revenue": 1539700000,
    "costOfRevenue": 604500000,
    "grossProfit": 935200000,
    "grossProfitRatio": 0.6073910502,
    "researchAndDevelopmentExpenses": 232400000,
    "generalAndAdministrativeExpenses": 71000000,
    "sellingAndMarketingExpenses": 470200000,
    "sellingGeneralAndAdministrativeExpenses": 541200000,
    "otherExpenses": 2500000,
    "operatingExpenses": 773600000,
    "costAndExpenses": 1378100000,
    "interestIncome": 11600000,
    "interestExpense": 11000000,
    "depreciationAndAmortization": 72600000,
    "ebitda": 234200000,
    "ebitdaratio": 0.1521075534,
    "operatingIncome": 161600000,
    "operatingIncomeRatio": 0.1049555108,
    "totalOtherIncomeExpensesNet": 2500000,
    "incomeBeforeTax": 164100000,
    "incomeBeforeTaxRatio": 0.1065792037,
    "incomeTaxExpense": 29200000,
    "netIncome": 134900000,
    "netIncomeRatio": 0.0876144704,
    "eps": 0.44,
    "epsdiluted": 0.43,
    "weightedAverageShsOut": 308800000,
    "weightedAverageShsOutDil": 313300000,
    "link": "https://www.sec.gov/Archives/edgar/data/1002047/000156459015005051/0001564590-15-005051-index.htm",
    "finalLink": "https://www.sec.gov/Archives/edgar/data/1002047/000156459015005051/ntap-10k_20150424.htm"
  },
  {
    "date": "2015-01-23",
    "symbol": "NTAP",
    "reportedCurrency": "USD",
    "cik": "0001002047",
    "fillingDate": "2015-02-25",
    "acceptedDate": "2015-02-25 16:06:20",
    "calendarYear": "2015",
    "period": "Q3",
    "revenue": 1551300000,
    "costOfRevenue": 573900000,
    "grossProfit": 977400000,
    "grossProfitRatio": 0.6300522143,
    "researchAndDevelopmentExpenses": 229900000,
    "generalAndAdministrativeExpenses": 70200000,
    "sellingAndMarketingExpenses": 474800000,
    "sellingGeneralAndAdministrativeExpenses": 545000000,
    "otherExpenses": 100000,
    "operatingExpenses": 774900000,
    "costAndExpenses": 1348800000,
    "interestIncome": 8600000,
    "interestExpense": 11100000,
    "depreciationAndAmortization": 79500000,
    "ebitda": 291000000,
    "ebitdaratio": 0.1875846065,
    "operatingIncome": 202500000,
    "operatingIncomeRatio": 0.1305356798,
    "totalOtherIncomeExpensesNet": -2000000,
    "incomeBeforeTax": 200100000,
    "incomeBeforeTaxRatio": 0.1289885902,
    "incomeTaxExpense": 23300000,
    "netIncome": 176800000,
    "netIncomeRatio": 0.1139689293,
    "eps": 0.57,
    "epsdiluted": 0.56,
    "weightedAverageShsOut": 311600000,
    "weightedAverageShsOutDil": 317100000,
    "link": "https://www.sec.gov/Archives/edgar/data/1002047/000156459015000944/0001564590-15-000944-index.htm",
    "finalLink": "https://www.sec.gov/Archives/edgar/data/1002047/000156459015000944/ntap-10q_20150123.htm"
  },
  {
    "date": "2014-10-24",
    "symbol": "NTAP",
    "reportedCurrency": "USD",
    "cik": "0001002047",
    "fillingDate": "2014-11-25",
    "acceptedDate": "2014-11-25 16:09:39",
    "calendarYear": "2015",
    "period": "Q2",
    "revenue": 1542500000,
    "costOfRevenue": 560000000,
    "grossProfit": 982500000,
    "grossProfitRatio": 0.6369529984,
    "researchAndDevelopmentExpenses": 229000000,
    "generalAndAdministrativeExpenses": 73000000,
    "sellingAndMarketingExpenses": 488000000,
    "sellingGeneralAndAdministrativeExpenses": 561000000,
    "otherExpenses": -800000,
    "operatingExpenses": 790000000,
    "costAndExpenses": 1350000000,
    "interestIncome": 8100000,
    "interestExpense": 10900000,
    "depreciationAndAmortization": 77600000,
    "ebitda": 277000000,
    "ebitdaratio": 0.1795786062,
    "operatingIncome": 192500000,
    "operatingIncomeRatio": 0.1247974068,
    "totalOtherIncomeExpensesNet": -4000000,
    "incomeBeforeTax": 188900000,
    "incomeBeforeTaxRatio": 0.1224635332,
    "incomeTaxExpense": 29100000,
    "netIncome": 159800000,
    "netIncomeRatio": 0.1035980551,
    "eps": 0.5,
    "epsdiluted": 0.49,
    "weightedAverageShsOut": 318100000,
    "weightedAverageShsOutDil": 323500000,
    "link": "https://www.sec.gov/Archives/edgar/data/1002047/000119312514425190/0001193125-14-425190-index.htm",
    "finalLink": "https://www.sec.gov/Archives/edgar/data/1002047/000119312514425190/d789984d10q.htm"
  },
  {
    "date": "2014-07-25",
    "symbol": "NTAP",
    "reportedCurrency": "USD",
    "cik": "0001002047",
    "fillingDate": "2014-08-28",
    "acceptedDate": "2014-08-28 16:54:35",
    "calendarYear": "2015",
    "period": "Q1",
    "revenue": 1489200000,
    "costOfRevenue": 551100000,
    "grossProfit": 938100000,
    "grossProfitRatio": 0.6299355359,
    "researchAndDevelopmentExpenses": 228000000,
    "generalAndAdministrativeExpenses": 70000000,
    "sellingAndMarketingExpenses": 480200000,
    "sellingGeneralAndAdministrativeExpenses": 550200000,
    "otherExpenses": 500000,
    "operatingExpenses": 778200000,
    "costAndExpenses": 1329300000,
    "interestIncome": 8300000,
    "interestExpense": 9000000,
    "depreciationAndAmortization": 77500000,
    "ebitda": 247000000,
    "ebitdaratio": 0.1658608649,
    "operatingIncome": 159900000,
    "operatingIncomeRatio": 0.1073730862,
    "totalOtherIncomeExpensesNet": 100000,
    "incomeBeforeTax": 159700000,
    "incomeBeforeTaxRatio": 0.1072387859,
    "incomeTaxExpense": 71300000,
    "netIncome": 88400000,
    "netIncomeRatio": 0.0593607306,
    "eps": 0.27,
    "epsdiluted": 0.27,
    "weightedAverageShsOut": 323500000,
    "weightedAverageShsOutDil": 329100000,
    "link": "https://www.sec.gov/Archives/edgar/data/1002047/000119312514325455/0001193125-14-325455-index.htm",
    "finalLink": "https://www.sec.gov/Archives/edgar/data/1002047/000119312514325455/d746932d10q.htm"
  },
  {
    "date": "2014-04-25",
    "symbol": "NTAP",
    "reportedCurrency": "USD",
    "cik": "0001002047",
    "fillingDate": "2014-06-17",
    "acceptedDate": "2014-06-17 16:14:01",
    "calendarYear": "2014",
    "period": "Q4",
    "revenue": 1649000000,
    "costOfRevenue": 607000000,
    "grossProfit": 1042000000,
    "grossProfitRatio": 0.6318981201,
    "researchAndDevelopmentExpenses": 230700000,
    "generalAndAdministrativeExpenses": 73700000,
    "sellingAndMarketingExpenses": 475000000,
    "sellingGeneralAndAdministrativeExpenses": 548700000,
    "otherExpenses": 700000,
    "operatingExpenses": 779400000,
    "costAndExpenses": 1386400000,
    "interestIncome": 8500000,
    "interestExpense": 6400000,
    "depreciationAndAmortization": 82100000,
    "ebitda": 344700000,
    "ebitdaratio": 0.2090357793,
    "operatingIncome": 223800000,
    "operatingIncomeRatio": 0.1357186173,
    "totalOtherIncomeExpensesNet": 2800000,
    "incomeBeforeTax": 226600000,
    "incomeBeforeTaxRatio": 0.1374166161,
    "incomeTaxExpense": 29600000,
    "netIncome": 197000000,
    "netIncomeRatio": 0.1194663432,
    "eps": 0.6,
    "epsdiluted": 0.59,
    "weightedAverageShsOut": 330200000,
    "weightedAverageShsOutDil": 336400000,
    "link": "https://www.sec.gov/Archives/edgar/data/1002047/000119312514239169/0001193125-14-239169-index.htm",
    "finalLink": "https://www.sec.gov/Archives/edgar/data/1002047/000119312514239169/d691214d10k.htm"
  },
  {
    "date": "2014-01-24",
    "symbol": "NTAP",
    "reportedCurrency": "USD",
    "cik": "0001002047",
    "fillingDate": "2014-02-26",
    "acceptedDate": "2014-02-26 16:05:11",
    "calendarYear": "2014",
    "period": "Q3",
    "revenue": 1610000000,
    "costOfRevenue": 607700000,
    "grossProfit": 1002300000,
    "grossProfitRatio": 0.6225465839,
    "researchAndDevelopmentExpenses": 230300000,
    "generalAndAdministrativeExpenses": 69400000,
    "sellingAndMarketingExpenses": 475900000,
    "sellingGeneralAndAdministrativeExpenses": 545300000,
    "otherExpenses": 1700000,
    "operatingExpenses": 775600000,
    "costAndExpenses": 1383300000,
    "interestIncome": 7900000,
    "interestExpense": 6700000,
    "depreciationAndAmortization": 83600000,
    "ebitda": 319900000,
    "ebitdaratio": 0.1986956522,
    "operatingIncome": 226700000,
    "operatingIncomeRatio": 0.1408074534,
    "totalOtherIncomeExpensesNet": 2900000,
    "incomeBeforeTax": 229600000,
    "incomeBeforeTaxRatio": 0.1426086957,
    "incomeTaxExpense": 37500000,
    "netIncome": 192100000,
    "netIncomeRatio": 0.1193167702,
    "eps": 0.57,
    "epsdiluted": 0.55,
    "weightedAverageShsOut": 339400000,
    "weightedAverageShsOutDil": 346200000,
    "link": "https://www.sec.gov/Archives/edgar/data/1002047/000119312514069692/0001193125-14-069692-index.htm",
    "finalLink": "https://www.sec.gov/Archives/edgar/data/1002047/000119312514069692/d652683d10q.htm"
  },
  {
    "date": "2013-10-25",
    "symbol": "NTAP",
    "reportedCurrency": "USD",
    "cik": "0001002047",
    "fillingDate": "2013-11-26",
    "acceptedDate": "2013-11-26 16:10:29",
    "calendarYear": "2014",
    "period": "Q2",
    "revenue": 1549900000,
    "costOfRevenue": 584700000,
    "grossProfit": 965200000,
    "grossProfitRatio": 0.6227498548,
    "researchAndDevelopmentExpenses": 228200000,
    "generalAndAdministrativeExpenses": 69500000,
    "sellingAndMarketingExpenses": 479500000,
    "sellingGeneralAndAdministrativeExpenses": 549000000,
    "otherExpenses": 3300000,
    "operatingExpenses": 777200000,
    "costAndExpenses": 1361900000,
    "interestIncome": 8500000,
    "interestExpense": 6500000,
    "depreciationAndAmortization": 82500000,
    "ebitda": 281200000,
    "ebitdaratio": 0.1814310601,
    "operatingIncome": 186900000,
    "operatingIncomeRatio": 0.1205884251,
    "totalOtherIncomeExpensesNet": 5300000,
    "incomeBeforeTax": 192200000,
    "incomeBeforeTaxRatio": 0.1240080005,
    "incomeTaxExpense": 25400000,
    "netIncome": 166800000,
    "netIncomeRatio": 0.1076198464,
    "eps": 0.49,
    "epsdiluted": 0.48,
    "weightedAverageShsOut": 340700000,
    "weightedAverageShsOutDil": 349100000,
    "link": "https://www.sec.gov/Archives/edgar/data/1002047/000119312513454984/0001193125-13-454984-index.htm",
    "finalLink": "https://www.sec.gov/Archives/edgar/data/1002047/000119312513454984/d594786d10q.htm"
  },
  {
    "date": "2013-07-26",
    "symbol": "NTAP",
    "reportedCurrency": "USD",
    "cik": "0001002047",
    "fillingDate": "2013-08-29",
    "acceptedDate": "2013-08-29 16:04:39",
    "calendarYear": "2014",
    "period": "Q1",
    "revenue": 1516200000,
    "costOfRevenue": 606600000,
    "grossProfit": 909600000,
    "grossProfitRatio": 0.5999208548,
    "researchAndDevelopmentExpenses": 228100000,
    "generalAndAdministrativeExpenses": 68400000,
    "sellingAndMarketingExpenses": 467800000,
    "sellingGeneralAndAdministrativeExpenses": 536200000,
    "otherExpenses": 1900000,
    "operatingExpenses": 764300000,
    "costAndExpenses": 1370900000,
    "interestIncome": 10000000,
    "interestExpense": 16500000,
    "depreciationAndAmortization": 85900000,
    "ebitda": 194700000,
    "ebitdaratio": 0.1284131381,
    "operatingIncome": 96900000,
    "operatingIncomeRatio": 0.0639097744,
    "totalOtherIncomeExpensesNet": -4600000,
    "incomeBeforeTax": 92300000,
    "incomeBeforeTaxRatio": 0.0608758739,
    "incomeTaxExpense": 10700000,
    "netIncome": 81600000,
    "netIncomeRatio": 0.0538187574,
    "eps": 0.23,
    "epsdiluted": 0.23,
    "weightedAverageShsOut": 350900000,
    "weightedAverageShsOutDil": 359900000,
    "link": "https://www.sec.gov/Archives/edgar/data/1002047/000119312513352036/0001193125-13-352036-index.htm",
    "finalLink": "https://www.sec.gov/Archives/edgar/data/1002047/000119312513352036/d562384d10q.htm"
  },
  {
    "date": "2013-04-26",
    "symbol": "NTAP",
    "reportedCurrency": "USD",
    "cik": "0001002047",
    "fillingDate": "2013-06-17",
    "acceptedDate": "2013-06-17 16:34:38",
    "calendarYear": "2013",
    "period": "Q4",
    "revenue": 1716500000,
    "costOfRevenue": 684300000,
    "grossProfit": 1032200000,
    "grossProfitRatio": 0.6013399359,
    "researchAndDevelopmentExpenses": 243400000,
    "generalAndAdministrativeExpenses": 74200000,
    "sellingAndMarketingExpenses": 510200000,
    "sellingGeneralAndAdministrativeExpenses": 584400000,
    "otherExpenses": 2400000,
    "operatingExpenses": 827800000,
    "costAndExpenses": 1512100000,
    "interestIncome": 10100000,
    "interestExpense": 28000000,
    "depreciationAndAmortization": 89100000,
    "ebitda": 306000000,
    "ebitdaratio": 0.1782697349,
    "operatingIncome": 204400000,
    "operatingIncomeRatio": 0.1190795223,
    "totalOtherIncomeExpensesNet": -15500000,
    "incomeBeforeTax": 188900000,
    "incomeBeforeTaxRatio": 0.1100495194,
    "incomeTaxExpense": 15100000,
    "netIncome": 173800000,
    "netIncomeRatio": 0.1012525488,
    "eps": 0.48,
    "epsdiluted": 0.47,
    "weightedAverageShsOut": 358600000,
    "weightedAverageShsOutDil": 368200000,
    "link": "https://www.sec.gov/Archives/edgar/data/1002047/000119312513261334/0001193125-13-261334-index.htm",
    "finalLink": "https://www.sec.gov/Archives/edgar/data/1002047/000119312513261334/d512428d10k.htm"
  },
  {
    "date": "2013-01-25",
    "symbol": "NTAP",
    "reportedCurrency": "USD",
    "cik": "0001002047",
    "fillingDate": "2013-02-28",
    "acceptedDate": "2013-02-28 17:00:19",
    "calendarYear": "2013",
    "period": "Q3",
    "revenue": 1630100000,
    "costOfRevenue": 665200000,
    "grossProfit": 964900000,
    "grossProfitRatio": 0.5919268757,
    "researchAndDevelopmentExpenses": 215600000,
    "generalAndAdministrativeExpenses": 66200000,
    "sellingAndMarketingExpenses": 493500000,
    "sellingGeneralAndAdministrativeExpenses": 559700000,
    "otherExpenses": 1600000,
    "operatingExpenses": 775300000,
    "costAndExpenses": 1440500000,
    "interestIncome": 10300000,
    "interestExpense": 24000000,
    "depreciationAndAmortization": 86400000,
    "ebitda": 286200000,
    "ebitdaratio": 0.1755720508,
    "operatingIncome": 187900000,
    "operatingIncomeRatio": 0.1152690019,
    "totalOtherIncomeExpensesNet": -12100000,
    "incomeBeforeTax": 175800000,
    "incomeBeforeTaxRatio": 0.1078461444,
    "incomeTaxExpense": 17700000,
    "netIncome": 158100000,
    "netIncomeRatio": 0.0969879149,
    "eps": 0.44,
    "epsdiluted": 0.43,
    "weightedAverageShsOut": 359500000,
    "weightedAverageShsOutDil": 364700000,
    "link": "https://www.sec.gov/Archives/edgar/data/1002047/000119312513084667/0001193125-13-084667-index.htm",
    "finalLink": "https://www.sec.gov/Archives/edgar/data/1002047/000119312513084667/d464768d10q.htm"
  },
  {
    "date": "2012-10-26",
    "symbol": "NTAP",
    "reportedCurrency": "USD",
    "cik": "0001002047",
    "fillingDate": "2012-11-30",
    "acceptedDate": "2012-11-30 16:21:00",
    "calendarYear": "2013",
    "period": "Q2",
    "revenue": 1541200000,
    "costOfRevenue": 627300000,
    "grossProfit": 913900000,
    "grossProfitRatio": 0.5929794965,
    "researchAndDevelopmentExpenses": 223800000,
    "generalAndAdministrativeExpenses": 66600000,
    "sellingAndMarketingExpenses": 488200000,
    "sellingGeneralAndAdministrativeExpenses": 554800000,
    "otherExpenses": 1200000,
    "operatingExpenses": 778600000,
    "costAndExpenses": 1405900000,
    "interestIncome": 11000000,
    "interestExpense": 19800000,
    "depreciationAndAmortization": 86700000,
    "ebitda": 234200000,
    "ebitdaratio": 0.1519595121,
    "operatingIncome": 135300000,
    "operatingIncomeRatio": 0.087788736,
    "totalOtherIncomeExpensesNet": -7600000,
    "incomeBeforeTax": 127700000,
    "incomeBeforeTaxRatio": 0.0828575136,
    "incomeTaxExpense": 18100000,
    "netIncome": 109600000,
    "netIncomeRatio": 0.0711134181,
    "eps": 0.3,
    "epsdiluted": 0.3,
    "weightedAverageShsOut": 362000000,
    "weightedAverageShsOutDil": 368200000,
    "link": "https://www.sec.gov/Archives/edgar/data/1002047/000119312512487586/0001193125-12-487586-index.htm",
    "finalLink": "https://www.sec.gov/Archives/edgar/data/1002047/000119312512487586/d416805d10q.htm"
  },
  {
    "date": "2012-07-27",
    "symbol": "NTAP",
    "reportedCurrency": "USD",
    "cik": "0001002047",
    "fillingDate": "2012-08-30",
    "acceptedDate": "2012-08-30 17:03:37",
    "calendarYear": "2013",
    "period": "Q1",
    "revenue": 1444600000,
    "costOfRevenue": 594500000,
    "grossProfit": 850100000,
    "grossProfitRatio": 0.5884673958,
    "researchAndDevelopmentExpenses": 221400000,
    "generalAndAdministrativeExpenses": 65600000,
    "sellingAndMarketingExpenses": 482900000,
    "sellingGeneralAndAdministrativeExpenses": 548500000,
    "otherExpenses": 3100000,
    "operatingExpenses": 769900000,
    "costAndExpenses": 1364400000,
    "interestIncome": 10800000,
    "interestExpense": 19900000,
    "depreciationAndAmortization": 82400000,
    "ebitda": 176500000,
    "ebitdaratio": 0.1221791499,
    "operatingIncome": 80200000,
    "operatingIncomeRatio": 0.0555170982,
    "totalOtherIncomeExpensesNet": -6000000,
    "incomeBeforeTax": 74200000,
    "incomeBeforeTaxRatio": 0.0513636993,
    "incomeTaxExpense": 10400000,
    "netIncome": 63800000,
    "netIncomeRatio": 0.0441644746,
    "eps": 0.17,
    "epsdiluted": 0.17,
    "weightedAverageShsOut": 366100000,
    "weightedAverageShsOutDil": 371200000,
    "link": "https://www.sec.gov/Archives/edgar/data/1002047/000119312512375807/0001193125-12-375807-index.htm",
    "finalLink": "https://www.sec.gov/Archives/edgar/data/1002047/000119312512375807/d374165d10q.htm"
  },
  {
    "date": "2012-04-27",
    "symbol": "NTAP",
    "reportedCurrency": "USD",
    "cik": "0001002047",
    "fillingDate": "2012-06-19",
    "acceptedDate": "2012-06-19 17:18:25",
    "calendarYear": "2012",
    "period": "Q4",
    "revenue": 1702500000,
    "costOfRevenue": 707500000,
    "grossProfit": 995000000,
    "grossProfitRatio": 0.5844346549,
    "researchAndDevelopmentExpenses": 221600000,
    "generalAndAdministrativeExpenses": 71500000,
    "sellingAndMarketingExpenses": 478100000,
    "sellingGeneralAndAdministrativeExpenses": 549600000,
    "otherExpenses": 2500000,
    "operatingExpenses": 771200000,
    "costAndExpenses": 1478700000,
    "interestIncome": 10600000,
    "interestExpense": 20000000,
    "depreciationAndAmortization": 82600000,
    "ebitda": 317100000,
    "ebitdaratio": 0.1862555066,
    "operatingIncome": 221400000,
    "operatingIncomeRatio": 0.1300440529,
    "totalOtherIncomeExpensesNet": -6900000,
    "incomeBeforeTax": 214500000,
    "incomeBeforeTaxRatio": 0.1259911894,
    "incomeTaxExpense": 33800000,
    "netIncome": 180700000,
    "netIncomeRatio": 0.1061380323,
    "eps": 0.5,
    "epsdiluted": 0.47,
    "weightedAverageShsOut": 363400000,
    "weightedAverageShsOutDil": 381700000,
    "link": "https://www.sec.gov/Archives/edgar/data/1002047/000119312512275547/0001193125-12-275547-index.htm",
    "finalLink": "https://www.sec.gov/Archives/edgar/data/1002047/000119312512275547/d328654d10k.htm"
  },
  {
    "date": "2012-01-27",
    "symbol": "NTAP",
    "reportedCurrency": "USD",
    "cik": "0001002047",
    "fillingDate": "2012-03-05",
    "acceptedDate": "2012-03-05 16:36:57",
    "calendarYear": "2012",
    "period": "Q3",
    "revenue": 1565500000,
    "costOfRevenue": 657000000,
    "grossProfit": 908500000,
    "grossProfitRatio": 0.5803257745,
    "researchAndDevelopmentExpenses": 208300000,
    "generalAndAdministrativeExpenses": 63200000,
    "sellingAndMarketingExpenses": 477000000,
    "sellingGeneralAndAdministrativeExpenses": 540200000,
    "otherExpenses": 600000,
    "operatingExpenses": 748500000,
    "costAndExpenses": 1405500000,
    "interestIncome": 8700000,
    "interestExpense": 18900000,
    "depreciationAndAmortization": 73600000,
    "ebitda": 239400000,
    "ebitdaratio": 0.152922389,
    "operatingIncome": 156500000,
    "operatingIncomeRatio": 0.0999680613,
    "totalOtherIncomeExpensesNet": -9600000,
    "incomeBeforeTax": 146900000,
    "incomeBeforeTaxRatio": 0.0938358352,
    "incomeTaxExpense": 27300000,
    "netIncome": 119600000,
    "netIncomeRatio": 0.0763973172,
    "eps": 0.33,
    "epsdiluted": 0.32,
    "weightedAverageShsOut": 360300000,
    "weightedAverageShsOutDil": 373700000,
    "link": "https://www.sec.gov/Archives/edgar/data/1002047/000119312512096831/0001193125-12-096831-index.htm",
    "finalLink": "https://www.sec.gov/Archives/edgar/data/1002047/000119312512096831/d272691d10q.htm"
  },
  {
    "date": "2011-10-28",
    "symbol": "NTAP",
    "reportedCurrency": "USD",
    "cik": "0001002047",
    "fillingDate": "2011-12-05",
    "acceptedDate": "2011-12-05 16:22:15",
    "calendarYear": "2012",
    "period": "Q2",
    "revenue": 1507000000,
    "costOfRevenue": 594000000,
    "grossProfit": 913000000,
    "grossProfitRatio": 0.6058394161,
    "researchAndDevelopmentExpenses": 199700000,
    "generalAndAdministrativeExpenses": 65100000,
    "sellingAndMarketingExpenses": 454100000,
    "sellingGeneralAndAdministrativeExpenses": 519200000,
    "otherExpenses": -400000,
    "operatingExpenses": 718900000,
    "costAndExpenses": 1312900000,
    "interestIncome": 8300000,
    "interestExpense": 16400000,
    "depreciationAndAmortization": 68400000,
    "ebitda": 268700000,
    "ebitdaratio": 0.1783012608,
    "operatingIncome": 192400000,
    "operatingIncomeRatio": 0.1276708693,
    "totalOtherIncomeExpensesNet": -8500000,
    "incomeBeforeTax": 183900000,
    "incomeBeforeTaxRatio": 0.1220305242,
    "incomeTaxExpense": 18300000,
    "netIncome": 165600000,
    "netIncomeRatio": 0.1098871931,
    "eps": 0.46,
    "epsdiluted": 0.44,
    "weightedAverageShsOut": 361500000,
    "weightedAverageShsOutDil": 376000000,
    "link": "https://www.sec.gov/Archives/edgar/data/1002047/000119312511330462/0001193125-11-330462-index.htm",
    "finalLink": "https://www.sec.gov/Archives/edgar/data/1002047/000119312511330462/d232425d10q.htm"
  },
  {
    "date": "2011-07-29",
    "symbol": "NTAP",
    "reportedCurrency": "USD",
    "cik": "0001002047",
    "fillingDate": "2011-09-01",
    "acceptedDate": "2011-09-01 16:20:51",
    "calendarYear": "2012",
    "period": "Q1",
    "revenue": 1458200000,
    "costOfRevenue": 561300000,
    "grossProfit": 896900000,
    "grossProfitRatio": 0.6150733781,
    "researchAndDevelopmentExpenses": 198600000,
    "generalAndAdministrativeExpenses": 65100000,
    "sellingAndMarketingExpenses": 454800000,
    "sellingGeneralAndAdministrativeExpenses": 519900000,
    "otherExpenses": -300000,
    "operatingExpenses": 720700000,
    "costAndExpenses": 1282000000,
    "interestIncome": 10600000,
    "interestExpense": 19400000,
    "depreciationAndAmortization": 68500000,
    "ebitda": 255000000,
    "ebitdaratio": 0.1748731313,
    "operatingIncome": 176200000,
    "operatingIncomeRatio": 0.1208339048,
    "totalOtherIncomeExpensesNet": -9100000,
    "incomeBeforeTax": 167100000,
    "incomeBeforeTaxRatio": 0.1145933342,
    "incomeTaxExpense": 27600000,
    "netIncome": 139500000,
    "netIncomeRatio": 0.0956658895,
    "eps": 0.38,
    "epsdiluted": 0.34,
    "weightedAverageShsOut": 370300000,
    "weightedAverageShsOutDil": 405500000,
    "link": "https://www.sec.gov/Archives/edgar/data/1002047/000119312511239169/0001193125-11-239169-index.htm",
    "finalLink": "https://www.sec.gov/Archives/edgar/data/1002047/000119312511239169/d10q.htm"
  },
  {
    "date": "2011-04-29",
    "symbol": "NTAP",
    "reportedCurrency": "USD",
    "cik": "0001002047",
    "fillingDate": "2011-06-23",
    "acceptedDate": "2011-06-23 16:08:45",
    "calendarYear": "2011",
    "period": "Q4",
    "revenue": 1428300000,
    "costOfRevenue": 500100000,
    "grossProfit": 928200000,
    "grossProfitRatio": 0.6498634741,
    "researchAndDevelopmentExpenses": 176500000,
    "generalAndAdministrativeExpenses": 69000000,
    "sellingAndMarketingExpenses": 462600000,
    "sellingGeneralAndAdministrativeExpenses": 531600000,
    "otherExpenses": 4600000,
    "operatingExpenses": 708100000,
    "costAndExpenses": 1208200000,
    "interestIncome": 10300000,
    "interestExpense": 19700000,
    "depreciationAndAmortization": 42300000,
    "ebitda": 321300000,
    "ebitdaratio": 0.224952741,
    "operatingIncome": 212900000,
    "operatingIncomeRatio": 0.1490583211,
    "totalOtherIncomeExpensesNet": -4800000,
    "incomeBeforeTax": 208100000,
    "incomeBeforeTaxRatio": 0.1456976826,
    "incomeTaxExpense": 47500000,
    "netIncome": 160600000,
    "netIncomeRatio": 0.1124413639,
    "eps": 0.44,
    "epsdiluted": 0.4,
    "weightedAverageShsOut": 368100000,
    "weightedAverageShsOutDil": 403600000,
    "link": "https://www.sec.gov/Archives/edgar/data/1002047/000119312511171858/0001193125-11-171858-index.htm",
    "finalLink": "https://www.sec.gov/Archives/edgar/data/1002047/000119312511171858/d10k.htm"
  },
  {
    "date": "2011-01-28",
    "symbol": "NTAP",
    "reportedCurrency": "USD",
    "cik": "0001002047",
    "fillingDate": "2011-03-04",
    "acceptedDate": "2011-03-04 16:02:29",
    "calendarYear": "2011",
    "period": "Q3",
    "revenue": 1268100000,
    "costOfRevenue": 444300000,
    "grossProfit": 823800000,
    "grossProfitRatio": 0.6496333097,
    "researchAndDevelopmentExpenses": 166000000,
    "generalAndAdministrativeExpenses": 61900000,
    "sellingAndMarketingExpenses": 397400000,
    "sellingGeneralAndAdministrativeExpenses": 459300000,
    "otherExpenses": 400000,
    "operatingExpenses": 625300000,
    "costAndExpenses": 1069600000,
    "interestIncome": 10300000,
    "interestExpense": 19000000,
    "depreciationAndAmortization": 41000000,
    "ebitda": 249800000,
    "ebitdaratio": 0.1969876193,
    "operatingIncome": 198600000,
    "operatingIncomeRatio": 0.1566122546,
    "totalOtherIncomeExpensesNet": 14100000,
    "incomeBeforeTax": 190300000,
    "incomeBeforeTaxRatio": 0.1500670294,
    "incomeTaxExpense": 17800000,
    "netIncome": 172500000,
    "netIncomeRatio": 0.1360302815,
    "eps": 0.47,
    "epsdiluted": 0.42,
    "weightedAverageShsOut": 364800000,
    "weightedAverageShsOutDil": 406200000,
    "link": "https://www.sec.gov/Archives/edgar/data/1002047/000119312511056223/0001193125-11-056223-index.htm",
    "finalLink": "https://www.sec.gov/Archives/edgar/data/1002047/000119312511056223/d10q.htm"
  },
  {
    "date": "2010-10-29",
    "symbol": "NTAP",
    "reportedCurrency": "USD",
    "cik": "0001002047",
    "fillingDate": "2010-12-06",
    "acceptedDate": "2010-12-06 16:03:40",
    "calendarYear": "2011",
    "period": "Q2",
    "revenue": 1207400000,
    "costOfRevenue": 406300000,
    "grossProfit": 801100000,
    "grossProfitRatio": 0.6634918006,
    "researchAndDevelopmentExpenses": 156600000,
    "generalAndAdministrativeExpenses": 64200000,
    "sellingAndMarketingExpenses": 382800000,
    "sellingGeneralAndAdministrativeExpenses": 447000000,
    "otherExpenses": 0,
    "operatingExpenses": 603600000,
    "costAndExpenses": 1009900000,
    "interestIncome": 9500000,
    "interestExpense": 18600000,
    "depreciationAndAmortization": 41600000,
    "ebitda": 262500000,
    "ebitdaratio": 0.2174093093,
    "operatingIncome": 197400000,
    "operatingIncomeRatio": 0.1634918006,
    "totalOtherIncomeExpensesNet": 4900000,
    "incomeBeforeTax": 186900000,
    "incomeBeforeTaxRatio": 0.1547954282,
    "incomeTaxExpense": 22300000,
    "netIncome": 164600000,
    "netIncomeRatio": 0.1363259897,
    "eps": 0.46,
    "epsdiluted": 0.42,
    "weightedAverageShsOut": 359100000,
    "weightedAverageShsOutDil": 391700000,
    "link": "https://www.sec.gov/Archives/edgar/data/1002047/000119312510274568/0001193125-10-274568-index.htm",
    "finalLink": "https://www.sec.gov/Archives/edgar/data/1002047/000119312510274568/d10q.htm"
  },
  {
    "date": "2010-07-30",
    "symbol": "NTAP",
    "reportedCurrency": "USD",
    "cik": "0001002047",
    "fillingDate": "2010-08-27",
    "acceptedDate": "2010-08-27 16:09:46",
    "calendarYear": "2011",
    "period": "Q1",
    "revenue": 1137800000,
    "costOfRevenue": 413400000,
    "grossProfit": 724400000,
    "grossProfitRatio": 0.6366672526,
    "researchAndDevelopmentExpenses": 149500000,
    "generalAndAdministrativeExpenses": 56200000,
    "sellingAndMarketingExpenses": 354200000,
    "sellingGeneralAndAdministrativeExpenses": 410400000,
    "otherExpenses": 0,
    "operatingExpenses": 559900000,
    "costAndExpenses": 973300000,
    "interestIncome": 9800000,
    "interestExpense": 18600000,
    "depreciationAndAmortization": 40700000,
    "ebitda": 230300000,
    "ebitdaratio": 0.2024081561,
    "operatingIncome": 164200000,
    "operatingIncomeRatio": 0.1443135876,
    "totalOtherIncomeExpensesNet": 6800000,
    "incomeBeforeTax": 157600000,
    "incomeBeforeTaxRatio": 0.1385129197,
    "incomeTaxExpense": 15800000,
    "netIncome": 141800000,
    "netIncomeRatio": 0.1246264721,
    "eps": 0.4,
    "epsdiluted": 0.38,
    "weightedAverageShsOut": 352400000,
    "weightedAverageShsOutDil": 374300000,
    "link": "https://www.sec.gov/Archives/edgar/data/1002047/000095012310081799/0000950123-10-081799-index.htm",
    "finalLink": "https://www.sec.gov/Archives/edgar/data/1002047/000095012310081799/f56376e10vq.htm"
  },
  {
    "date": "2010-04-30",
    "symbol": "NTAP",
    "reportedCurrency": "USD",
    "cik": "0001002047",
    "fillingDate": "2010-06-18",
    "acceptedDate": "2010-06-18 14:36:09",
    "calendarYear": "2010",
    "period": "Q4",
    "revenue": 1171762000,
    "costOfRevenue": 423276000,
    "grossProfit": 748486000,
    "grossProfitRatio": 0.6387696478,
    "researchAndDevelopmentExpenses": 143700000,
    "generalAndAdministrativeExpenses": 64231000,
    "sellingAndMarketingExpenses": 366664000,
    "sellingGeneralAndAdministrativeExpenses": 430895000,
    "otherExpenses": 0,
    "operatingExpenses": 574595000,
    "costAndExpenses": 997871000,
    "interestIncome": 8140000,
    "interestExpense": 18757000,
    "depreciationAndAmortization": 40037000,
    "ebitda": 222732000,
    "ebitdaratio": 0.1900829691,
    "operatingIncome": 172914000,
    "operatingIncomeRatio": 0.1475675094,
    "totalOtherIncomeExpensesNet": -8976000,
    "incomeBeforeTax": 163938000,
    "incomeBeforeTaxRatio": 0.1399072508,
    "incomeTaxExpense": 18759000,
    "netIncome": 145179000,
    "netIncomeRatio": 0.1238980271,
    "eps": 0.39,
    "epsdiluted": 0.39,
    "weightedAverageShsOut": 374300000,
    "weightedAverageShsOutDil": 374300000,
    "link": "https://www.sec.gov/Archives/edgar/data/1002047/000095012310059271/0000950123-10-059271-index.htm",
    "finalLink": "https://www.sec.gov/Archives/edgar/data/1002047/000095012310059271/f56118e10vk.htm"
  },
  {
    "date": "2010-01-29",
    "symbol": "NTAP",
    "reportedCurrency": "USD",
    "cik": "0001002047",
    "fillingDate": "2010-03-01",
    "acceptedDate": "2010-03-01 17:12:33",
    "calendarYear": "2010",
    "period": "Q3",
    "revenue": 1011650000,
    "costOfRevenue": 370110000,
    "grossProfit": 641540000,
    "grossProfitRatio": 0.6341521277,
    "researchAndDevelopmentExpenses": 129329000,
    "generalAndAdministrativeExpenses": 58079000,
    "sellingAndMarketingExpenses": 324768000,
    "sellingGeneralAndAdministrativeExpenses": 382847000,
    "otherExpenses": 0,
    "operatingExpenses": 512176000,
    "costAndExpenses": 882286000,
    "interestIncome": 7464000,
    "interestExpense": 18226000,
    "depreciationAndAmortization": 40774000,
    "ebitda": 176900000,
    "ebitdaratio": 0.1748628478,
    "operatingIncome": 129296000,
    "operatingIncomeRatio": 0.1278070479,
    "totalOtherIncomeExpensesNet": -11400000,
    "incomeBeforeTax": 117898000,
    "incomeBeforeTaxRatio": 0.1165403054,
    "incomeTaxExpense": 10018000,
    "netIncome": 107880000,
    "netIncomeRatio": 0.1066376711,
    "eps": 0.32,
    "epsdiluted": 0.3,
    "weightedAverageShsOut": 341439000,
    "weightedAverageShsOutDil": 360321000,
    "link": "https://www.sec.gov/Archives/edgar/data/1002047/000095012310019463/0000950123-10-019463-index.htm",
    "finalLink": "https://www.sec.gov/Archives/edgar/data/1002047/000095012310019463/f55054e10vq.htm"
  },
  {
    "date": "2009-10-30",
    "symbol": "NTAP",
    "reportedCurrency": "USD",
    "cik": "0001002047",
    "fillingDate": "2009-12-02",
    "acceptedDate": "2009-12-02 15:42:28",
    "calendarYear": "2010",
    "period": "Q2",
    "revenue": 910027000,
    "costOfRevenue": 303346000,
    "grossProfit": 606681000,
    "grossProfitRatio": 0.6666626375,
    "researchAndDevelopmentExpenses": 132354000,
    "generalAndAdministrativeExpenses": 56939000,
    "sellingAndMarketingExpenses": 300835000,
    "sellingGeneralAndAdministrativeExpenses": 357774000,
    "otherExpenses": 0,
    "operatingExpenses": 490128000,
    "costAndExpenses": 793474000,
    "interestIncome": 6979000,
    "interestExpense": 17916000,
    "depreciationAndAmortization": 42148000,
    "ebitda": 166100000,
    "ebitdaratio": 0.182522057,
    "operatingIncome": 115374000,
    "operatingIncomeRatio": 0.1267808538,
    "totalOtherIncomeExpensesNet": -9374000,
    "incomeBeforeTax": 105972000,
    "incomeBeforeTaxRatio": 0.1164492922,
    "incomeTaxExpense": 10295000,
    "netIncome": 95677000,
    "netIncomeRatio": 0.105136441,
    "eps": 0.28,
    "epsdiluted": 0.27,
    "weightedAverageShsOut": 336667000,
    "weightedAverageShsOutDil": 349751000,
    "link": "https://www.sec.gov/Archives/edgar/data/1002047/000095012309067593/0000950123-09-067593-index.htm",
    "finalLink": "https://www.sec.gov/Archives/edgar/data/1002047/000095012309067593/f54222e10vq.htm"
  },
  {
    "date": "2009-07-31",
    "symbol": "NTAP",
    "reportedCurrency": "USD",
    "cik": "0001002047",
    "fillingDate": "2009-09-04",
    "acceptedDate": "2009-09-04 16:31:24",
    "calendarYear": "2010",
    "period": "Q1",
    "revenue": 837961000,
    "costOfRevenue": 315468000,
    "grossProfit": 522493000,
    "grossProfitRatio": 0.6235290187,
    "researchAndDevelopmentExpenses": 130317000,
    "generalAndAdministrativeExpenses": 59551000,
    "sellingAndMarketingExpenses": 301433000,
    "sellingGeneralAndAdministrativeExpenses": 360984000,
    "otherExpenses": 0,
    "operatingExpenses": 491301000,
    "costAndExpenses": 806769000,
    "interestIncome": 8617000,
    "interestExpense": 19201000,
    "depreciationAndAmortization": 43041000,
    "ebitda": 82850000,
    "ebitdaratio": 0.0988709498,
    "operatingIncome": 70816000,
    "operatingIncomeRatio": 0.0845098996,
    "totalOtherIncomeExpensesNet": -11616000,
    "incomeBeforeTax": 59192000,
    "incomeBeforeTaxRatio": 0.0706381323,
    "incomeTaxExpense": 7528000,
    "netIncome": 51664000,
    "netIncomeRatio": 0.0616544207,
    "eps": 0.15,
    "epsdiluted": 0.15,
    "weightedAverageShsOut": 334500000,
    "weightedAverageShsOutDil": 338900000,
    "link": "https://www.sec.gov/Archives/edgar/data/1002047/000095012309041315/0000950123-09-041315-index.htm",
    "finalLink": "https://www.sec.gov/Archives/edgar/data/1002047/000095012309041315/f53457e10vq.htm"
  },
  {
    "date": "2009-04-24",
    "symbol": "NTAP",
    "reportedCurrency": "USD",
    "cik": "0001002047",
    "fillingDate": "2009-06-17",
    "acceptedDate": "2009-06-16 21:57:54",
    "calendarYear": "2009",
    "period": "Q4",
    "revenue": 879643000,
    "costOfRevenue": 345748000,
    "grossProfit": 533895000,
    "grossProfitRatio": 0.6069450902,
    "researchAndDevelopmentExpenses": 124986000,
    "generalAndAdministrativeExpenses": 203698000,
    "sellingAndMarketingExpenses": 1186141000,
    "sellingGeneralAndAdministrativeExpenses": 339530000,
    "otherExpenses": 0,
    "operatingExpenses": 464516000,
    "costAndExpenses": 810264000,
    "interestIncome": 0,
    "interestExpense": 0,
    "depreciationAndAmortization": 40704000,
    "ebitda": 80196000,
    "ebitdaratio": 0.0911688037,
    "operatingIncome": 33928000,
    "operatingIncomeRatio": 0.0385701927,
    "totalOtherIncomeExpensesNet": 1757000,
    "incomeBeforeTax": 35686000,
    "incomeBeforeTaxRatio": 0.0405687307,
    "incomeTaxExpense": -39398000,
    "netIncome": 75084000,
    "netIncomeRatio": 0.0853573552,
    "eps": 0.21,
    "epsdiluted": 0.21,
    "weightedAverageShsOut": 330999000,
    "weightedAverageShsOutDil": 333100000,
    "link": "https://www.sec.gov/Archives/edgar/data/1002047/000095012309014485/0000950123-09-014485-index.htm",
    "finalLink": "https://www.sec.gov/Archives/edgar/data/1002047/000095012309014485/f52231e10vk.htm"
  },
  {
    "date": "2009-01-23",
    "symbol": "NTAP",
    "reportedCurrency": "USD",
    "cik": "0001002047",
    "fillingDate": "2009-03-02",
    "acceptedDate": "2009-03-02 14:17:35",
    "calendarYear": "2009",
    "period": "Q3",
    "revenue": 746343000,
    "costOfRevenue": 353127000,
    "grossProfit": 393216000,
    "grossProfitRatio": 0.5268569545,
    "researchAndDevelopmentExpenses": 122662000,
    "generalAndAdministrativeExpenses": 51048000000,
    "sellingAndMarketingExpenses": 291634000000,
    "sellingGeneralAndAdministrativeExpenses": 342682000,
    "otherExpenses": 0,
    "operatingExpenses": 465344000,
    "costAndExpenses": 818471000,
    "interestIncome": 12799000000,
    "interestExpense": 17674000,
    "depreciationAndAmortization": 44367000,
    "ebitda": -36857000,
    "ebitdaratio": -0.0493834604,
    "operatingIncome": -91083000,
    "operatingIncomeRatio": -0.1220390625,
    "totalOtherIncomeExpensesNet": -7815000,
    "incomeBeforeTax": -88462000,
    "incomeBeforeTaxRatio": -0.1185272723,
    "incomeTaxExpense": -13070000,
    "netIncome": -75392000,
    "netIncomeRatio": -0.1010152169,
    "eps": -0.23,
    "epsdiluted": -0.23,
    "weightedAverageShsOut": 329026000,
    "weightedAverageShsOutDil": 329026000,
    "link": "https://www.sec.gov/Archives/edgar/data/1002047/000095013409004215/0000950134-09-004215-index.htm",
    "finalLink": "https://www.sec.gov/Archives/edgar/data/1002047/000095013409004215/f50954e10vq.htm"
  },
  {
    "date": "2008-10-24",
    "symbol": "NTAP",
    "reportedCurrency": "USD",
    "cik": "0001002047",
    "fillingDate": "2008-12-03",
    "acceptedDate": "2008-12-02 21:22:55",
    "calendarYear": "2009",
    "period": "Q2",
    "revenue": 911631000,
    "costOfRevenue": 365475000,
    "grossProfit": 546156000,
    "grossProfitRatio": 0.5990976612,
    "researchAndDevelopmentExpenses": 125496000,
    "generalAndAdministrativeExpenses": 51011000000,
    "sellingAndMarketingExpenses": 304045000000,
    "sellingGeneralAndAdministrativeExpenses": 355056000,
    "otherExpenses": 0,
    "operatingExpenses": 480552000,
    "costAndExpenses": 846027000,
    "interestIncome": 0,
    "interestExpense": 0,
    "depreciationAndAmortization": 43918000,
    "ebitda": 65604000,
    "ebitdaratio": 0.0719633273,
    "operatingIncome": 65604000,
    "operatingIncomeRatio": 0.0719633273,
    "totalOtherIncomeExpensesNet": -13015000,
    "incomeBeforeTax": 52589000,
    "incomeBeforeTaxRatio": 0.0576867175,
    "incomeTaxExpense": 3407000,
    "netIncome": 49182000,
    "netIncomeRatio": 0.0539494598,
    "eps": 0.15,
    "epsdiluted": 0.15,
    "weightedAverageShsOut": 327319000,
    "weightedAverageShsOutDil": 333385000,
    "link": "https://www.sec.gov/Archives/edgar/data/1002047/000095013408021557/0000950134-08-021557-index.htm",
    "finalLink": "https://www.sec.gov/Archives/edgar/data/1002047/000095013408021557/f50740e10vq.htm"
  },
  {
    "date": "2008-07-25",
    "symbol": "NTAP",
    "reportedCurrency": "USD",
    "cik": "0001002047",
    "fillingDate": "2008-09-03",
    "acceptedDate": "2008-09-03 17:22:16",
    "calendarYear": "2009",
    "period": "Q1",
    "revenue": 868776000,
    "costOfRevenue": 352128000,
    "grossProfit": 516648000,
    "grossProfitRatio": 0.594684936,
    "researchAndDevelopmentExpenses": 125352000,
    "generalAndAdministrativeExpenses": 49463000,
    "sellingAndMarketingExpenses": 303108000,
    "sellingGeneralAndAdministrativeExpenses": 352571000,
    "otherExpenses": 0,
    "operatingExpenses": 477923000,
    "costAndExpenses": 830051000,
    "interestIncome": 0,
    "interestExpense": 0,
    "depreciationAndAmortization": 41549000,
    "ebitda": 38725000,
    "ebitdaratio": 0.0445742055,
    "operatingIncome": 38725000,
    "operatingIncomeRatio": 0.0445742055,
    "totalOtherIncomeExpensesNet": 6291000,
    "incomeBeforeTax": 45016000,
    "incomeBeforeTaxRatio": 0.0518154277,
    "incomeTaxExpense": 7344000,
    "netIncome": 37672000,
    "netIncomeRatio": 0.0433621555,
    "eps": 0.11,
    "epsdiluted": 0.11,
    "weightedAverageShsOut": 333855000,
    "weightedAverageShsOutDil": 341120000,
    "link": "https://www.sec.gov/Archives/edgar/data/1002047/000089161808000428/0000891618-08-000428-index.htm",
    "finalLink": "https://www.sec.gov/Archives/edgar/data/1002047/000089161808000428/f43048e10vq.htm"
  },
  {
    "date": "2008-04-25",
    "symbol": "NTAP",
    "reportedCurrency": "USD",
    "cik": "0001002047",
    "fillingDate": "2008-06-24",
    "acceptedDate": "2008-06-24 17:24:29",
    "calendarYear": "2008",
    "period": "Q4",
    "revenue": 937731000,
    "costOfRevenue": 364859000,
    "grossProfit": 572872000,
    "grossProfitRatio": 0.6109129377,
    "researchAndDevelopmentExpenses": 124968000,
    "generalAndAdministrativeExpenses": 47792000,
    "sellingAndMarketingExpenses": 296457000,
    "sellingGeneralAndAdministrativeExpenses": 344250000,
    "otherExpenses": 0,
    "operatingExpenses": 469218000,
    "costAndExpenses": 834077000,
    "interestIncome": 0,
    "interestExpense": 0,
    "depreciationAndAmortization": 39832000,
    "ebitda": 143486000,
    "ebitdaratio": 0.1530140307,
    "operatingIncome": 103207000,
    "operatingIncomeRatio": 0.1100603478,
    "totalOtherIncomeExpensesNet": 11876000,
    "incomeBeforeTax": 115084000,
    "incomeBeforeTaxRatio": 0.122726027,
    "incomeTaxExpense": 25264000,
    "netIncome": 89820000,
    "netIncomeRatio": 0.0957843987,
    "eps": 0.26,
    "epsdiluted": 0.26,
    "weightedAverageShsOut": 342307000,
    "weightedAverageShsOutDil": 348500000,
    "link": "https://www.sec.gov/Archives/edgar/data/1002047/000095013408011751/0000950134-08-011751-index.htm",
    "finalLink": "https://www.sec.gov/Archives/edgar/data/1002047/000095013408011751/f38790e10vk.htm"
  },
  {
    "date": "2008-01-25",
    "symbol": "NTAP",
    "reportedCurrency": "USD",
    "cik": "0001002047",
    "fillingDate": "2008-03-05",
    "acceptedDate": "2008-03-04 21:53:30",
    "calendarYear": "2008",
    "period": "Q3",
    "revenue": 884003000,
    "costOfRevenue": 344701000,
    "grossProfit": 539302000,
    "grossProfitRatio": 0.6100680654,
    "researchAndDevelopmentExpenses": 111717000,
    "generalAndAdministrativeExpenses": 42787000,
    "sellingAndMarketingExpenses": 279114000,
    "sellingGeneralAndAdministrativeExpenses": 321901000,
    "otherExpenses": 0,
    "operatingExpenses": 433618000,
    "costAndExpenses": 778319000,
    "interestIncome": 0,
    "interestExpense": 0,
    "depreciationAndAmortization": 35648000,
    "ebitda": 105684000,
    "ebitdaratio": 0.1195516305,
    "operatingIncome": 105684000,
    "operatingIncomeRatio": 0.1195516305,
    "totalOtherIncomeExpensesNet": 11701000,
    "incomeBeforeTax": 117385000,
    "incomeBeforeTaxRatio": 0.1327880109,
    "incomeTaxExpense": 15562000,
    "netIncome": 101823000,
    "netIncomeRatio": 0.1151839982,
    "eps": 0.3,
    "epsdiluted": 0.29,
    "weightedAverageShsOut": 344275000,
    "weightedAverageShsOutDil": 352780000,
    "link": "https://www.sec.gov/Archives/edgar/data/1002047/000089161808000140/0000891618-08-000140-index.htm",
    "finalLink": "https://www.sec.gov/Archives/edgar/data/1002047/000089161808000140/f37273e10vq.htm"
  },
  {
    "date": "2007-10-26",
    "symbol": "NTAP",
    "reportedCurrency": "USD",
    "cik": "0001002047",
    "fillingDate": "2007-12-04",
    "acceptedDate": "2007-12-04 17:27:30",
    "calendarYear": "2008",
    "period": "Q2",
    "revenue": 792198000,
    "costOfRevenue": 308193000,
    "grossProfit": 484005000,
    "grossProfitRatio": 0.6109646831,
    "researchAndDevelopmentExpenses": 108964000,
    "generalAndAdministrativeExpenses": 39507000,
    "sellingAndMarketingExpenses": 255374000,
    "sellingGeneralAndAdministrativeExpenses": 294881000,
    "otherExpenses": 0,
    "operatingExpenses": 403845000,
    "costAndExpenses": 712038000,
    "interestIncome": 0,
    "interestExpense": 0,
    "depreciationAndAmortization": 35077000,
    "ebitda": 80160000,
    "ebitdaratio": 0.1011868245,
    "operatingIncome": 80160000,
    "operatingIncomeRatio": 0.1011868245,
    "totalOtherIncomeExpensesNet": 28736000,
    "incomeBeforeTax": 108896000,
    "incomeBeforeTaxRatio": 0.1374605843,
    "incomeTaxExpense": 25138000,
    "netIncome": 83758000,
    "netIncomeRatio": 0.1057286184,
    "eps": 0.24,
    "epsdiluted": 0.23,
    "weightedAverageShsOut": 355665000,
    "weightedAverageShsOutDil": 365458000,
    "link": "https://www.sec.gov/Archives/edgar/data/1002047/000089161807000673/0000891618-07-000673-index.htm",
    "finalLink": "https://www.sec.gov/Archives/edgar/data/1002047/000089161807000673/f34670e10vq.htm"
  },
  {
    "date": "2007-07-27",
    "symbol": "NTAP",
    "reportedCurrency": "USD",
    "cik": "0001002047",
    "fillingDate": "2007-09-05",
    "acceptedDate": "2007-09-05 17:24:21",
    "calendarYear": "2008",
    "period": "Q1",
    "revenue": 689235000,
    "costOfRevenue": 272038000,
    "grossProfit": 417197000,
    "grossProfitRatio": 0.6053044317,
    "researchAndDevelopmentExpenses": 106556000,
    "generalAndAdministrativeExpenses": 41450000,
    "sellingAndMarketingExpenses": 244643000,
    "sellingGeneralAndAdministrativeExpenses": 286093000,
    "otherExpenses": 0,
    "operatingExpenses": 392649000,
    "costAndExpenses": 664687000,
    "interestIncome": 0,
    "interestExpense": 0,
    "depreciationAndAmortization": 33627000,
    "ebitda": 24548000,
    "ebitdaratio": 0.0356162992,
    "operatingIncome": 24548000,
    "operatingIncomeRatio": 0.0356162992,
    "totalOtherIncomeExpensesNet": 16786000,
    "incomeBeforeTax": 41334000,
    "incomeBeforeTaxRatio": 0.0599708372,
    "incomeTaxExpense": 6997000,
    "netIncome": 34337000,
    "netIncomeRatio": 0.0498190022,
    "eps": 0.09,
    "epsdiluted": 0.09,
    "weightedAverageShsOut": 364457000,
    "weightedAverageShsOutDil": 377631000,
    "link": "https://www.sec.gov/Archives/edgar/data/1002047/000089161807000535/0000891618-07-000535-index.htm",
    "finalLink": "https://www.sec.gov/Archives/edgar/data/1002047/000089161807000535/f32867e10vq.htm"
  },
  {
    "date": "2007-04-27",
    "symbol": "NTAP",
    "reportedCurrency": "USD",
    "cik": "0001002047",
    "fillingDate": "2007-06-26",
    "acceptedDate": "2007-06-26 17:14:48",
    "calendarYear": "2007",
    "period": "Q4",
    "revenue": 801193000,
    "costOfRevenue": 315179000,
    "grossProfit": 486014000,
    "grossProfitRatio": 0.6066128885,
    "researchAndDevelopmentExpenses": 108802000,
    "generalAndAdministrativeExpenses": 147501000,
    "sellingAndMarketingExpenses": 895813000,
    "sellingGeneralAndAdministrativeExpenses": 301763000,
    "otherExpenses": 0,
    "operatingExpenses": 410565000,
    "costAndExpenses": 725744000,
    "interestIncome": 0,
    "interestExpense": 0,
    "depreciationAndAmortization": 32061000,
    "ebitda": 107510000,
    "ebitdaratio": 0.1341873931,
    "operatingIncome": 75449000,
    "operatingIncomeRatio": 0.0941708178,
    "totalOtherIncomeExpensesNet": 16568000,
    "incomeBeforeTax": 92017000,
    "incomeBeforeTaxRatio": 0.11484998,
    "incomeTaxExpense": 2396000,
    "netIncome": 89621000,
    "netIncomeRatio": 0.1118594396,
    "eps": 0.23,
    "epsdiluted": 0.23,
    "weightedAverageShsOut": 369002000,
    "weightedAverageShsOutDil": 385200000,
    "link": "https://www.sec.gov/Archives/edgar/data/1002047/000095013407014094/0000950134-07-014094-index.htm",
    "finalLink": "https://www.sec.gov/Archives/edgar/data/1002047/000095013407014094/f31128e10vk.htm"
  },
  {
    "date": "2007-01-26",
    "symbol": "NTAP",
    "reportedCurrency": "USD",
    "cik": "0001002047",
    "fillingDate": "2007-03-07",
    "acceptedDate": "2007-03-07 17:23:47",
    "calendarYear": "2007",
    "period": "Q3",
    "revenue": 729278000,
    "costOfRevenue": 285169000,
    "grossProfit": 444109000,
    "grossProfitRatio": 0.6089707903,
    "researchAndDevelopmentExpenses": 97516000,
    "generalAndAdministrativeExpenses": 37724000,
    "sellingAndMarketingExpenses": 236433000,
    "sellingGeneralAndAdministrativeExpenses": 274157000,
    "otherExpenses": 0,
    "operatingExpenses": 371673000,
    "costAndExpenses": 656842000,
    "interestIncome": 0,
    "interestExpense": 0,
    "depreciationAndAmortization": 29028000,
    "ebitda": 72436000,
    "ebitdaratio": 0.0993256344,
    "operatingIncome": 72436000,
    "operatingIncomeRatio": 0.0993256344,
    "totalOtherIncomeExpensesNet": 16168000,
    "incomeBeforeTax": 88604000,
    "incomeBeforeTaxRatio": 0.1214955065,
    "incomeTaxExpense": 22090000,
    "netIncome": 66514000,
    "netIncomeRatio": 0.0912052743,
    "eps": 0.18,
    "epsdiluted": 0.17,
    "weightedAverageShsOut": 371287000,
    "weightedAverageShsOutDil": 389120000,
    "link": "https://www.sec.gov/Archives/edgar/data/1002047/000089161807000141/0000891618-07-000141-index.htm",
    "finalLink": "https://www.sec.gov/Archives/edgar/data/1002047/000089161807000141/f26587e10vq.htm"
  },
  {
    "date": "2006-10-27",
    "symbol": "NTAP",
    "reportedCurrency": "USD",
    "cik": "0001002047",
    "fillingDate": "2006-12-06",
    "acceptedDate": "2006-12-06 17:12:05",
    "calendarYear": "2007",
    "period": "Q2",
    "revenue": 652523000,
    "costOfRevenue": 251216000,
    "grossProfit": 401307000,
    "grossProfitRatio": 0.6150082066,
    "researchAndDevelopmentExpenses": 90360000,
    "generalAndAdministrativeExpenses": 35217000,
    "sellingAndMarketingExpenses": 204264000,
    "sellingGeneralAndAdministrativeExpenses": 239481000,
    "otherExpenses": -25339000,
    "operatingExpenses": 304502000,
    "costAndExpenses": 555718000,
    "interestIncome": 0,
    "interestExpense": 0,
    "depreciationAndAmortization": 25849000,
    "ebitda": 96805000,
    "ebitdaratio": 0.1483549239,
    "operatingIncome": 96805000,
    "operatingIncomeRatio": 0.1483549239,
    "totalOtherIncomeExpensesNet": 12186000,
    "incomeBeforeTax": 108991000,
    "incomeBeforeTaxRatio": 0.1670301277,
    "incomeTaxExpense": 22060000,
    "netIncome": 86931000,
    "netIncomeRatio": 0.1332228902,
    "eps": 0.23,
    "epsdiluted": 0.22,
    "weightedAverageShsOut": 370659000,
    "weightedAverageShsOutDil": 388226000,
    "link": "https://www.sec.gov/Archives/edgar/data/1002047/000095013406022706/0000950134-06-022706-index.htm",
    "finalLink": "https://www.sec.gov/Archives/edgar/data/1002047/000095013406022706/f25524e10vq.htm"
  },
  {
    "date": "2006-07-28",
    "symbol": "NTAP",
    "reportedCurrency": "USD",
    "cik": "0001002047",
    "fillingDate": "2006-09-06",
    "acceptedDate": "2006-09-06 17:05:14",
    "calendarYear": "2007",
    "period": "Q1",
    "revenue": 621288000,
    "costOfRevenue": 248218000,
    "grossProfit": 373070000,
    "grossProfitRatio": 0.6004783611,
    "researchAndDevelopmentExpenses": 88678000,
    "generalAndAdministrativeExpenses": 32396000,
    "sellingAndMarketingExpenses": 195518000,
    "sellingGeneralAndAdministrativeExpenses": 227914000,
    "otherExpenses": 0,
    "operatingExpenses": 316592000,
    "costAndExpenses": 564810000,
    "interestIncome": 0,
    "interestExpense": 0,
    "depreciationAndAmortization": 23895000,
    "ebitda": 80373000,
    "ebitdaratio": 0.1293651254,
    "operatingIncome": 56552000,
    "operatingIncomeRatio": 0.0910238086,
    "totalOtherIncomeExpensesNet": 13564000,
    "incomeBeforeTax": 70116000,
    "incomeBeforeTaxRatio": 0.1128558736,
    "incomeTaxExpense": 15446000,
    "netIncome": 54670000,
    "netIncomeRatio": 0.0879946176,
    "eps": 0.15,
    "epsdiluted": 0.14,
    "weightedAverageShsOut": 373869000,
    "weightedAverageShsOutDil": 391319000,
    "link": "https://www.sec.gov/Archives/edgar/data/1002047/000095013406017363/0000950134-06-017363-index.htm",
    "finalLink": "https://www.sec.gov/Archives/edgar/data/1002047/000095013406017363/f23476e10vq.htm"
  },
  {
    "date": "2006-04-30",
    "symbol": "NTAP",
    "reportedCurrency": "USD",
    "cik": "0001002047",
    "fillingDate": "2006-07-12",
    "acceptedDate": "2006-07-12 06:02:06",
    "calendarYear": "2006",
    "period": "Q4",
    "revenue": 597961000,
    "costOfRevenue": 241102000,
    "grossProfit": 356859000,
    "grossProfitRatio": 0.5967931019,
    "researchAndDevelopmentExpenses": 73526000,
    "generalAndAdministrativeExpenses": 24503000,
    "sellingAndMarketingExpenses": 167629000,
    "sellingGeneralAndAdministrativeExpenses": 195982000,
    "otherExpenses": 0,
    "operatingExpenses": 269508000,
    "costAndExpenses": 510610000,
    "interestIncome": 0,
    "interestExpense": 0,
    "depreciationAndAmortization": 22806000,
    "ebitda": 110157000,
    "ebitdaratio": 0.1842210445,
    "operatingIncome": 86973000,
    "operatingIncomeRatio": 0.1454492852,
    "totalOtherIncomeExpensesNet": 12838000,
    "incomeBeforeTax": 99810000,
    "incomeBeforeTaxRatio": 0.1669172404,
    "incomeTaxExpense": 40589000,
    "netIncome": 59221000,
    "netIncomeRatio": 0.0990382316,
    "eps": 0.16,
    "epsdiluted": 0.16,
    "weightedAverageShsOut": 371768000,
    "weightedAverageShsOutDil": 371768000,
    "link": "https://www.sec.gov/Archives/edgar/data/1002047/000095013406013059/0000950134-06-013059-index.htm",
    "finalLink": "https://www.sec.gov/Archives/edgar/data/1002047/000095013406013059/f21341e10vk.htm"
  },
  {
    "date": "2006-01-27",
    "symbol": "NTAP",
    "reportedCurrency": "USD",
    "cik": "0001002047",
    "fillingDate": "2006-03-07",
    "acceptedDate": "2006-03-07 17:26:57",
    "calendarYear": "2006",
    "period": "Q3",
    "revenue": 537031000,
    "costOfRevenue": 210007000,
    "grossProfit": 327024000,
    "grossProfitRatio": 0.6089480868,
    "researchAndDevelopmentExpenses": 62622000,
    "generalAndAdministrativeExpenses": 24742000,
    "sellingAndMarketingExpenses": 152008000,
    "sellingGeneralAndAdministrativeExpenses": 180820000,
    "otherExpenses": 0,
    "operatingExpenses": 243442000,
    "costAndExpenses": 453449000,
    "interestIncome": 9891000,
    "interestExpense": 0,
    "depreciationAndAmortization": 21393000,
    "ebitda": 104975000,
    "ebitdaratio": 0.195472887,
    "operatingIncome": 83465000,
    "operatingIncomeRatio": 0.1554193333,
    "totalOtherIncomeExpensesNet": 10892000,
    "incomeBeforeTax": 94357000,
    "incomeBeforeTaxRatio": 0.1757012165,
    "incomeTaxExpense": 17964000,
    "netIncome": 76393000,
    "netIncomeRatio": 0.1422506336,
    "eps": 0.21,
    "epsdiluted": 0.2,
    "weightedAverageShsOut": 371768000,
    "weightedAverageShsOutDil": 389149000,
    "link": "https://www.sec.gov/Archives/edgar/data/1002047/000095013406004432/0000950134-06-004432-index.htm",
    "finalLink": "https://www.sec.gov/Archives/edgar/data/1002047/000095013406004432/f16164e10vq.htm"
  },
  {
    "date": "2005-10-28",
    "symbol": "NTAP",
    "reportedCurrency": "USD",
    "cik": "0001002047",
    "fillingDate": "2005-12-06",
    "acceptedDate": "2005-12-06 17:24:06",
    "calendarYear": "2006",
    "period": "Q2",
    "revenue": 483062000,
    "costOfRevenue": 183970000,
    "grossProfit": 299092000,
    "grossProfitRatio": 0.6191586173,
    "researchAndDevelopmentExpenses": 56037000,
    "generalAndAdministrativeExpenses": 21566000,
    "sellingAndMarketingExpenses": 138218000,
    "sellingGeneralAndAdministrativeExpenses": 163128000,
    "otherExpenses": 0,
    "operatingExpenses": 219165000,
    "costAndExpenses": 403135000,
    "interestIncome": 9651000,
    "interestExpense": 0,
    "depreciationAndAmortization": 19676000,
    "ebitda": 99603000,
    "ebitdaratio": 0.2061909237,
    "operatingIncome": 74282000,
    "operatingIncomeRatio": 0.1537732217,
    "totalOtherIncomeExpensesNet": 9442000,
    "incomeBeforeTax": 83724000,
    "incomeBeforeTaxRatio": 0.1733193669,
    "incomeTaxExpense": 13006000,
    "netIncome": 70718000,
    "netIncomeRatio": 0.1463952867,
    "eps": 0.19,
    "epsdiluted": 0.18,
    "weightedAverageShsOut": 371002000,
    "weightedAverageShsOutDil": 385442000,
    "link": "https://www.sec.gov/Archives/edgar/data/1002047/000095013405022704/0000950134-05-022704-index.htm",
    "finalLink": "https://www.sec.gov/Archives/edgar/data/1002047/000095013405022704/f15177e10vq.htm"
  },
  {
    "date": "2005-07-29",
    "symbol": "NTAP",
    "reportedCurrency": "USD",
    "cik": "0001002047",
    "fillingDate": "2005-09-02",
    "acceptedDate": "2005-09-02 17:28:24",
    "calendarYear": "2006",
    "period": "Q1",
    "revenue": 448403000,
    "costOfRevenue": 174917000,
    "grossProfit": 273486000,
    "grossProfitRatio": 0.6099111737,
    "researchAndDevelopmentExpenses": 50802000,
    "generalAndAdministrativeExpenses": 21041000,
    "sellingAndMarketingExpenses": 137299000,
    "sellingGeneralAndAdministrativeExpenses": 160368000,
    "otherExpenses": 0,
    "operatingExpenses": 211170000,
    "costAndExpenses": 386087000,
    "interestIncome": 9048000,
    "interestExpense": 0,
    "depreciationAndAmortization": 17922000,
    "ebitda": 80238000,
    "ebitdaratio": 0.1789417109,
    "operatingIncome": 63572000,
    "operatingIncomeRatio": 0.1417742522,
    "totalOtherIncomeExpensesNet": 8809000,
    "incomeBeforeTax": 72381000,
    "incomeBeforeTaxRatio": 0.1614195266,
    "incomeTaxExpense": 12261000,
    "netIncome": 60120000,
    "netIncomeRatio": 0.1340758202,
    "eps": 0.16,
    "epsdiluted": 0.16,
    "weightedAverageShsOut": 367438000,
    "weightedAverageShsOutDil": 386383000,
    "link": "https://www.sec.gov/Archives/edgar/data/1002047/000089161805000675/0000891618-05-000675-index.htm",
    "finalLink": "https://www.sec.gov/Archives/edgar/data/1002047/000089161805000675/f10502e10vq.htm"
  },
  {
    "date": "2005-04-30",
    "symbol": "NTAP",
    "reportedCurrency": "USD",
    "cik": "0001002047",
    "fillingDate": "2005-07-08",
    "acceptedDate": "2005-07-08 16:46:52",
    "calendarYear": "2005",
    "period": "Q4",
    "revenue": 451828000,
    "costOfRevenue": 175033000,
    "grossProfit": 276795000,
    "grossProfitRatio": 0.6126114362,
    "researchAndDevelopmentExpenses": 48092000,
    "generalAndAdministrativeExpenses": 39885000,
    "sellingAndMarketingExpenses": 244053000,
    "sellingGeneralAndAdministrativeExpenses": 158676000,
    "otherExpenses": 0,
    "operatingExpenses": 206768000,
    "costAndExpenses": 381801000,
    "interestIncome": 14136000,
    "interestExpense": 0,
    "depreciationAndAmortization": 17512000,
    "ebitda": 87539000,
    "ebitdaratio": 0.1937440796,
    "operatingIncome": 70028000,
    "operatingIncomeRatio": 0.1549881813,
    "totalOtherIncomeExpensesNet": 8106000,
    "incomeBeforeTax": 78134000,
    "incomeBeforeTaxRatio": 0.1729286366,
    "incomeTaxExpense": 14698000,
    "netIncome": 63436000,
    "netIncomeRatio": 0.1403985587,
    "eps": 0.17,
    "epsdiluted": 0.17,
    "weightedAverageShsOut": 356265730,
    "weightedAverageShsOutDil": 362563000,
    "link": "https://www.sec.gov/Archives/edgar/data/1002047/000095013405013074/0000950134-05-013074-index.htm",
    "finalLink": "https://www.sec.gov/Archives/edgar/data/1002047/000095013405013074/f10166e10vk.htm"
  },
  {
    "date": "2005-01-28",
    "symbol": "NTAP",
    "reportedCurrency": "USD",
    "cik": "0001002047",
    "fillingDate": "2005-03-02",
    "acceptedDate": "2005-03-02 17:13:00",
    "calendarYear": "2005",
    "period": "Q3",
    "revenue": 412706000,
    "costOfRevenue": 160572000,
    "grossProfit": 252134000,
    "grossProfitRatio": 0.6109288452,
    "researchAndDevelopmentExpenses": 43603000,
    "generalAndAdministrativeExpenses": 20136000,
    "sellingAndMarketingExpenses": 118668000,
    "sellingGeneralAndAdministrativeExpenses": 140993000,
    "otherExpenses": 0,
    "operatingExpenses": 184596000,
    "costAndExpenses": 345168000,
    "interestIncome": 6031000,
    "interestExpense": 0,
    "depreciationAndAmortization": 15905000,
    "ebitda": 83539000,
    "ebitdaratio": 0.2024177017,
    "operatingIncome": 67808000,
    "operatingIncomeRatio": 0.1643009794,
    "totalOtherIncomeExpensesNet": 5572000,
    "incomeBeforeTax": 73380000,
    "incomeBeforeTaxRatio": 0.1778021158,
    "incomeTaxExpense": 13253000,
    "netIncome": 60127000,
    "netIncomeRatio": 0.1456896677,
    "eps": 0.17,
    "epsdiluted": 0.16,
    "weightedAverageShsOut": 362563000,
    "weightedAverageShsOutDil": 385869000,
    "link": "https://www.sec.gov/Archives/edgar/data/1002047/000095013405004094/0000950134-05-004094-index.htm",
    "finalLink": "https://www.sec.gov/Archives/edgar/data/1002047/000095013405004094/f06362e10vq.htm"
  },
  {
    "date": "2004-10-29",
    "symbol": "NTAP",
    "reportedCurrency": "USD",
    "cik": "0001002047",
    "fillingDate": "2004-12-08",
    "acceptedDate": "2004-12-08 17:17:57",
    "calendarYear": "2005",
    "period": "Q2",
    "revenue": 375176000,
    "costOfRevenue": 144015000,
    "grossProfit": 231161000,
    "grossProfitRatio": 0.6161401582,
    "researchAndDevelopmentExpenses": 40650000,
    "generalAndAdministrativeExpenses": 0,
    "sellingAndMarketingExpenses": 0,
    "sellingGeneralAndAdministrativeExpenses": 129118000,
    "otherExpenses": 0,
    "operatingExpenses": 169768000,
    "costAndExpenses": 313783000,
    "interestIncome": 0,
    "interestExpense": 0,
    "depreciationAndAmortization": 16184000,
    "ebitda": 77587000,
    "ebitdaratio": 0.2068016078,
    "operatingIncome": 61393000,
    "operatingIncomeRatio": 0.163637866,
    "totalOtherIncomeExpensesNet": 6193000,
    "incomeBeforeTax": 67586000,
    "incomeBeforeTaxRatio": 0.1801447854,
    "incomeTaxExpense": 12257000,
    "netIncome": 55329000,
    "netIncomeRatio": 0.1474747852,
    "eps": 0.15,
    "epsdiluted": 0.15,
    "weightedAverageShsOut": 357787000,
    "weightedAverageShsOutDil": 375074000,
    "link": "https://www.sec.gov/Archives/edgar/data/1002047/000095013404018832/0000950134-04-018832-index.htm",
    "finalLink": "https://www.sec.gov/Archives/edgar/data/1002047/000095013404018832/f03850e10vq.htm"
  },
  {
    "date": "2004-07-30",
    "symbol": "NTAP",
    "reportedCurrency": "USD",
    "cik": "0001002047",
    "fillingDate": "2004-08-31",
    "acceptedDate": "2004-08-31 16:55:35",
    "calendarYear": "2005",
    "period": "Q1",
    "revenue": 358421000,
    "costOfRevenue": 143463000,
    "grossProfit": 214958000,
    "grossProfitRatio": 0.5997360646,
    "researchAndDevelopmentExpenses": 38703000,
    "generalAndAdministrativeExpenses": 16882000,
    "sellingAndMarketingExpenses": 103311000,
    "sellingGeneralAndAdministrativeExpenses": 122297000,
    "otherExpenses": 0,
    "operatingExpenses": 161000000,
    "costAndExpenses": 304463000,
    "interestIncome": 4082000,
    "interestExpense": 0,
    "depreciationAndAmortization": 16023000,
    "ebitda": 53958000,
    "ebitdaratio": 0.1505436344,
    "operatingIncome": 53958000,
    "operatingIncomeRatio": 0.1505436344,
    "totalOtherIncomeExpensesNet": 3170000,
    "incomeBeforeTax": 57128000,
    "incomeBeforeTaxRatio": 0.1593879823,
    "incomeTaxExpense": 10266000,
    "netIncome": 46862000,
    "netIncomeRatio": 0.1307456873,
    "eps": 0.13,
    "epsdiluted": 0.13,
    "weightedAverageShsOut": 356743000,
    "weightedAverageShsOutDil": 372974000,
    "link": "https://www.sec.gov/Archives/edgar/data/1002047/000095013404013036/0000950134-04-013036-index.htm",
    "finalLink": "https://www.sec.gov/Archives/edgar/data/1002047/000095013404013036/f01546e10vq.htm"
  },
  {
    "date": "2004-04-30",
    "symbol": "NTAP",
    "reportedCurrency": "USD",
    "cik": "0001002047",
    "fillingDate": "2004-06-29",
    "acceptedDate": "2004-06-29 16:54:33",
    "calendarYear": "2004",
    "period": "Q4",
    "revenue": 336964000,
    "costOfRevenue": 133752000,
    "grossProfit": 203212000,
    "grossProfitRatio": 0.60306739,
    "researchAndDevelopmentExpenses": 35854000,
    "generalAndAdministrativeExpenses": 4700,
    "sellingAndMarketingExpenses": 29900,
    "sellingGeneralAndAdministrativeExpenses": 121682000,
    "otherExpenses": -1992000,
    "operatingExpenses": 155544000,
    "costAndExpenses": 289296000,
    "interestIncome": 0,
    "interestExpense": 0,
    "depreciationAndAmortization": 15426000,
    "ebitda": 63094000,
    "ebitdaratio": 0.1872425541,
    "operatingIncome": 42531000,
    "operatingIncomeRatio": 0.126218231,
    "totalOtherIncomeExpensesNet": 3981000,
    "incomeBeforeTax": 46512000,
    "incomeBeforeTaxRatio": 0.1380325495,
    "incomeTaxExpense": 10063000,
    "netIncome": 36449000,
    "netIncomeRatio": 0.1081688252,
    "eps": 0.0977,
    "epsdiluted": 0.0977,
    "weightedAverageShsOut": 373000000,
    "weightedAverageShsOutDil": 373000000,
    "link": "https://www.sec.gov/Archives/edgar/data/1002047/000095013404009447/0000950134-04-009447-index.htm",
    "finalLink": "https://www.sec.gov/Archives/edgar/data/1002047/000095013404009447/f99909e10vk.htm"
  },
  {
    "date": "2004-01-30",
    "symbol": "NTAP",
    "reportedCurrency": "USD",
    "cik": "0001002047",
    "fillingDate": "2004-03-02",
    "acceptedDate": "2004-03-02 17:27:52",
    "calendarYear": "2004",
    "period": "Q3",
    "revenue": 297287000,
    "costOfRevenue": 117164000,
    "grossProfit": 180123000,
    "grossProfitRatio": 0.6058892585,
    "researchAndDevelopmentExpenses": 32948000,
    "generalAndAdministrativeExpenses": 13744000,
    "sellingAndMarketingExpenses": 85975000,
    "sellingGeneralAndAdministrativeExpenses": 99719000,
    "otherExpenses": 465000,
    "operatingExpenses": 133132000,
    "costAndExpenses": 250296000,
    "interestIncome": 3862000,
    "interestExpense": 0,
    "depreciationAndAmortization": 13731000,
    "ebitda": 46991000,
    "ebitdaratio": 0.1580661112,
    "operatingIncome": 46991000,
    "operatingIncomeRatio": 0.1580661112,
    "totalOtherIncomeExpensesNet": 3246000,
    "incomeBeforeTax": 50237000,
    "incomeBeforeTaxRatio": 0.168984853,
    "incomeTaxExpense": 10085000,
    "netIncome": 40152000,
    "netIncomeRatio": 0.1350614053,
    "eps": 0.12,
    "epsdiluted": 0.11,
    "weightedAverageShsOut": 346305000,
    "weightedAverageShsOutDil": 366429000,
    "link": "https://www.sec.gov/Archives/edgar/data/1002047/000089161804000664/0000891618-04-000664-index.htm",
    "finalLink": "https://www.sec.gov/Archives/edgar/data/1002047/000089161804000664/f96823e10vq.htm"
  },
  {
    "date": "2003-10-31",
    "symbol": "NTAP",
    "reportedCurrency": "USD",
    "cik": "0001002047",
    "fillingDate": "2003-12-04",
    "acceptedDate": "2003-12-04 15:48:18",
    "calendarYear": "2004",
    "period": "Q2",
    "revenue": 275550000,
    "costOfRevenue": 110487000,
    "grossProfit": 165063000,
    "grossProfitRatio": 0.5990310289,
    "researchAndDevelopmentExpenses": 31513000,
    "generalAndAdministrativeExpenses": 12728000,
    "sellingAndMarketingExpenses": 82185000,
    "sellingGeneralAndAdministrativeExpenses": 95806000,
    "otherExpenses": 0,
    "operatingExpenses": 127319000,
    "costAndExpenses": 237806000,
    "interestIncome": 2831000,
    "interestExpense": 0,
    "depreciationAndAmortization": 15356000,
    "ebitda": 53100000,
    "ebitdaratio": 0.1927054981,
    "operatingIncome": 36634000,
    "operatingIncomeRatio": 0.1329486482,
    "totalOtherIncomeExpensesNet": 1622000,
    "incomeBeforeTax": 38256000,
    "incomeBeforeTaxRatio": 0.1388350572,
    "incomeTaxExpense": -10157000,
    "netIncome": 48413000,
    "netIncomeRatio": 0.175695881,
    "eps": 0.14,
    "epsdiluted": 0.13,
    "weightedAverageShsOut": 343725000,
    "weightedAverageShsOutDil": 364715000,
    "link": "https://www.sec.gov/Archives/edgar/data/1002047/000089161803006173/0000891618-03-006173-index.htm",
    "finalLink": "https://www.sec.gov/Archives/edgar/data/1002047/000089161803006173/f94954e10vq.htm"
  },
  {
    "date": "2003-08-01",
    "symbol": "NTAP",
    "reportedCurrency": "USD",
    "cik": "0001002047",
    "fillingDate": "2003-09-03",
    "acceptedDate": "2003-09-03 17:23:46",
    "calendarYear": "2004",
    "period": "Q1",
    "revenue": 260509000,
    "costOfRevenue": 104386000,
    "grossProfit": 156123000,
    "grossProfitRatio": 0.5992998323,
    "researchAndDevelopmentExpenses": 31541000,
    "generalAndAdministrativeExpenses": 12265000,
    "sellingAndMarketingExpenses": 79356000,
    "sellingGeneralAndAdministrativeExpenses": 92275000,
    "otherExpenses": 0,
    "operatingExpenses": 123816000,
    "costAndExpenses": 228202000,
    "interestIncome": 3045000,
    "interestExpense": 0,
    "depreciationAndAmortization": 14940000,
    "ebitda": 32307000,
    "ebitdaratio": 0.1240149093,
    "operatingIncome": 32307000,
    "operatingIncomeRatio": 0.1240149093,
    "totalOtherIncomeExpensesNet": 3143000,
    "incomeBeforeTax": 35450000,
    "incomeBeforeTaxRatio": 0.1360797516,
    "incomeTaxExpense": 8377000,
    "netIncome": 27073000,
    "netIncomeRatio": 0.1039234729,
    "eps": 0.08,
    "epsdiluted": 0.08,
    "weightedAverageShsOut": 341687000,
    "weightedAverageShsOutDil": 358497000,
    "link": "https://www.sec.gov/Archives/edgar/data/1002047/000089161803004644/0000891618-03-004644-index.htm",
    "finalLink": "https://www.sec.gov/Archives/edgar/data/1002047/000089161803004644/f92807e10vq.htm"
  },
  {
    "date": "2003-04-25",
    "symbol": "NTAP",
    "reportedCurrency": "USD",
    "cik": "0001002047",
    "fillingDate": "2003-06-25",
    "acceptedDate": "2003-06-25 17:17:27",
    "calendarYear": "2003",
    "period": "Q4",
    "revenue": 241605000,
    "costOfRevenue": 98686000,
    "grossProfit": 142919000,
    "grossProfitRatio": 0.5915399102,
    "researchAndDevelopmentExpenses": 28333000,
    "generalAndAdministrativeExpenses": 4100,
    "sellingAndMarketingExpenses": 34200,
    "sellingGeneralAndAdministrativeExpenses": 90113000,
    "otherExpenses": -4114000,
    "operatingExpenses": 114332000,
    "costAndExpenses": 213018000,
    "interestIncome": 0,
    "interestExpense": 0,
    "depreciationAndAmortization": 14373000,
    "ebitda": 42960000,
    "ebitdaratio": 0.1778108897,
    "operatingIncome": 28587000,
    "operatingIncomeRatio": 0.1183212268,
    "totalOtherIncomeExpensesNet": 2151000,
    "incomeBeforeTax": 30738000,
    "incomeBeforeTaxRatio": 0.1272241882,
    "incomeTaxExpense": 5915000,
    "netIncome": 24823000,
    "netIncomeRatio": 0.102742079,
    "eps": 0.0734,
    "epsdiluted": 0.0734,
    "weightedAverageShsOut": 338345000,
    "weightedAverageShsOutDil": 338345000,
    "link": "https://www.sec.gov/Archives/edgar/data/1002047/000089161803003272/0000891618-03-003272-index.htm",
    "finalLink": "https://www.sec.gov/Archives/edgar/data/1002047/000089161803003272/f91038e10vk.htm"
  },
  {
    "date": "2003-01-24",
    "symbol": "NTAP",
    "reportedCurrency": "USD",
    "cik": "0001002047",
    "fillingDate": "2003-02-26",
    "acceptedDate": "2003-02-25 21:44:43",
    "calendarYear": "2003",
    "period": "Q3",
    "revenue": 228464000,
    "costOfRevenue": 88412000,
    "grossProfit": 140052000,
    "grossProfitRatio": 0.6130156173,
    "researchAndDevelopmentExpenses": 28289000,
    "generalAndAdministrativeExpenses": 9833000,
    "sellingAndMarketingExpenses": 76969000,
    "sellingGeneralAndAdministrativeExpenses": 88040000,
    "otherExpenses": 1364000,
    "operatingExpenses": 117693000,
    "costAndExpenses": 206105000,
    "interestIncome": 3068000,
    "interestExpense": 0,
    "depreciationAndAmortization": 15501000,
    "ebitda": 37860000,
    "ebitdaratio": 0.1657153862,
    "operatingIncome": 21102000,
    "operatingIncomeRatio": 0.0923646614,
    "totalOtherIncomeExpensesNet": 3338000,
    "incomeBeforeTax": 24440000,
    "incomeBeforeTaxRatio": 0.1069752784,
    "incomeTaxExpense": 4769000,
    "netIncome": 19671000,
    "netIncomeRatio": 0.0861010925,
    "eps": 0.06,
    "epsdiluted": 0.06,
    "weightedAverageShsOut": 338345000,
    "weightedAverageShsOutDil": 351114000,
    "link": "https://www.sec.gov/Archives/edgar/data/1002047/000089161803001035/0000891618-03-001035-index.htm",
    "finalLink": "https://www.sec.gov/Archives/edgar/data/1002047/000089161803001035/f87930e10vq.htm"
  },
  {
    "date": "2002-10-25",
    "symbol": "NTAP",
    "reportedCurrency": "USD",
    "cik": "0001002047",
    "fillingDate": "2002-12-09",
    "acceptedDate": "2002-12-09 17:11:45",
    "calendarYear": "2003",
    "period": "Q2",
    "revenue": 215171000,
    "costOfRevenue": 80817000,
    "grossProfit": 134354000,
    "grossProfitRatio": 0.6244057052,
    "researchAndDevelopmentExpenses": 28373000,
    "generalAndAdministrativeExpenses": 9132000,
    "sellingAndMarketingExpenses": 76207000,
    "sellingGeneralAndAdministrativeExpenses": 86224000,
    "otherExpenses": 1364000,
    "operatingExpenses": 115961000,
    "costAndExpenses": 196778000,
    "interestIncome": 2880000,
    "interestExpense": 0,
    "depreciationAndAmortization": 14552000,
    "ebitda": 18393000,
    "ebitdaratio": 0.0854808501,
    "operatingIncome": 18393000,
    "operatingIncomeRatio": 0.0854808501,
    "totalOtherIncomeExpensesNet": 2691000,
    "incomeBeforeTax": 21084000,
    "incomeBeforeTaxRatio": 0.0979871823,
    "incomeTaxExpense": 5271000,
    "netIncome": 15813000,
    "netIncomeRatio": 0.0734903867,
    "eps": 0.05,
    "epsdiluted": 0.05,
    "weightedAverageShsOut": 336605000,
    "weightedAverageShsOutDil": 347110000,
    "link": "https://www.sec.gov/Archives/edgar/data/1002047/000089161802005459/0000891618-02-005459-index.htm",
    "finalLink": "https://www.sec.gov/Archives/edgar/data/1002047/000089161802005459/f86254e10vq.htm"
  },
  {
    "date": "2002-07-26",
    "symbol": "NTAP",
    "reportedCurrency": "USD",
    "cik": "0001002047",
    "fillingDate": "2002-08-29",
    "acceptedDate": "2002-08-29 17:22:12",
    "calendarYear": "2003",
    "period": "Q1",
    "revenue": 206828000,
    "costOfRevenue": 77727000,
    "grossProfit": 129101000,
    "grossProfitRatio": 0.6241949833,
    "researchAndDevelopmentExpenses": 27868000,
    "generalAndAdministrativeExpenses": 3600,
    "sellingAndMarketingExpenses": 34700,
    "sellingGeneralAndAdministrativeExpenses": 80323000,
    "otherExpenses": 1386000,
    "operatingExpenses": 109577000,
    "costAndExpenses": 187304000,
    "interestIncome": 3151000,
    "interestExpense": 0,
    "depreciationAndAmortization": 12985000,
    "ebitda": 19524000,
    "ebitdaratio": 0.094397277,
    "operatingIncome": 19524000,
    "operatingIncomeRatio": 0.094397277,
    "totalOtherIncomeExpensesNet": 2029000,
    "incomeBeforeTax": 21553000,
    "incomeBeforeTaxRatio": 0.1042073607,
    "incomeTaxExpense": 5388000,
    "netIncome": 16165000,
    "netIncomeRatio": 0.0781567293,
    "eps": 0.05,
    "epsdiluted": 0.05,
    "weightedAverageShsOut": 335783000,
    "weightedAverageShsOutDil": 350122000,
    "link": "https://www.sec.gov/Archives/edgar/data/1002047/000089161802004142/0000891618-02-004142-index.htm",
    "finalLink": "https://www.sec.gov/Archives/edgar/data/1002047/000089161802004142/f84152e10vq.htm"
  },
  {
    "date": "2002-04-26",
    "symbol": "NTAP",
    "reportedCurrency": "USD",
    "cik": "0001002047",
    "fillingDate": "2002-06-28",
    "acceptedDate": "2002-06-28 17:28:08",
    "calendarYear": "2002",
    "period": "Q4",
    "revenue": 204879000,
    "costOfRevenue": 73773000,
    "grossProfit": 131106000,
    "grossProfitRatio": 0.6399191718,
    "researchAndDevelopmentExpenses": 30837000,
    "generalAndAdministrativeExpenses": 40182000,
    "sellingAndMarketingExpenses": 284355000,
    "sellingGeneralAndAdministrativeExpenses": 85293000,
    "otherExpenses": 5217000,
    "operatingExpenses": 121347000,
    "costAndExpenses": 195120000,
    "interestIncome": 0,
    "interestExpense": 0,
    "depreciationAndAmortization": 16093000,
    "ebitda": 25852000,
    "ebitdaratio": 0.1261817951,
    "operatingIncome": 5513000,
    "operatingIncomeRatio": 0.0269085655,
    "totalOtherIncomeExpensesNet": 2800000,
    "incomeBeforeTax": 8313000,
    "incomeBeforeTaxRatio": 0.0405751688,
    "incomeTaxExpense": 540000,
    "netIncome": 7773000,
    "netIncomeRatio": 0.0379394667,
    "eps": 0.0234,
    "epsdiluted": 0.0234,
    "weightedAverageShsOut": 332403000,
    "weightedAverageShsOutDil": 332403000,
    "link": "https://www.sec.gov/Archives/edgar/data/1002047/000089161802003053/0000891618-02-003053-index.htm",
    "finalLink": "https://www.sec.gov/Archives/edgar/data/1002047/000089161802003053/f82586e10vk.htm"
  },
  {
    "date": "2002-01-25",
    "symbol": "NTAP",
    "reportedCurrency": "USD",
    "cik": "0001002047",
    "fillingDate": "2002-03-05",
    "acceptedDate": "2002-03-05 00:00:00",
    "calendarYear": "2002",
    "period": "Q3",
    "revenue": 198349000,
    "costOfRevenue": 75012000,
    "grossProfit": 123337000,
    "grossProfitRatio": 0.6218181085,
    "researchAndDevelopmentExpenses": 28451000,
    "generalAndAdministrativeExpenses": 0,
    "sellingAndMarketingExpenses": 0,
    "sellingGeneralAndAdministrativeExpenses": 78446000,
    "otherExpenses": 5226000,
    "operatingExpenses": 112123000,
    "costAndExpenses": 187135000,
    "interestIncome": 0,
    "interestExpense": 0,
    "depreciationAndAmortization": 16861000,
    "ebitda": 28075000,
    "ebitdaratio": 0.1415434411,
    "operatingIncome": 11214000,
    "operatingIncomeRatio": 0.0565367105,
    "totalOtherIncomeExpensesNet": 3574000,
    "incomeBeforeTax": 14788000,
    "incomeBeforeTaxRatio": 0.0745554553,
    "incomeTaxExpense": 7804000,
    "netIncome": 6984000,
    "netIncomeRatio": 0.035210664,
    "eps": 0.02,
    "epsdiluted": 0.02,
    "weightedAverageShsOut": 332403000,
    "weightedAverageShsOutDil": 352868000,
    "link": "https://www.sec.gov/Archives/edgar/data/1002047/000089161802001035/0000891618-02-001035-index.htm",
    "finalLink": "https://www.sec.gov/Archives/edgar/data/1002047/000089161802001035/f79523e10-q.txt"
  },
  {
    "date": "2001-10-26",
    "symbol": "NTAP",
    "reportedCurrency": "USD",
    "cik": "0001002047",
    "fillingDate": "2001-12-07",
    "acceptedDate": "2001-12-07 00:00:00",
    "calendarYear": "2002",
    "period": "Q2",
    "revenue": 194715000,
    "costOfRevenue": 80984000,
    "grossProfit": 113731000,
    "grossProfitRatio": 0.5840895668,
    "researchAndDevelopmentExpenses": 28354000,
    "generalAndAdministrativeExpenses": 0,
    "sellingAndMarketingExpenses": 0,
    "sellingGeneralAndAdministrativeExpenses": 83397000,
    "otherExpenses": 5226000,
    "operatingExpenses": 116977000,
    "costAndExpenses": 197961000,
    "interestIncome": 0,
    "interestExpense": 0,
    "depreciationAndAmortization": 16496000,
    "ebitda": 13250000,
    "ebitdaratio": 0.068048173,
    "operatingIncome": -11226000,
    "operatingIncomeRatio": -0.0576534936,
    "totalOtherIncomeExpensesNet": -8273000,
    "incomeBeforeTax": -19499000,
    "incomeBeforeTaxRatio": -0.1001412321,
    "incomeTaxExpense": -8288000,
    "netIncome": -11211000,
    "netIncomeRatio": -0.0575764579,
    "eps": -0.0339,
    "epsdiluted": -0.0339,
    "weightedAverageShsOut": 330440000,
    "weightedAverageShsOutDil": 330440000,
    "link": "https://www.sec.gov/Archives/edgar/data/1002047/000089161801502518/0000891618-01-502518-index.htm",
    "finalLink": "https://www.sec.gov/Archives/edgar/data/1002047/000089161801502518/f77709e10-q.txt"
  },
  {
    "date": "2001-07-27",
    "symbol": "NTAP",
    "reportedCurrency": "USD",
    "cik": "0001002047",
    "fillingDate": "2001-09-10",
    "acceptedDate": "2001-09-10 00:00:00",
    "calendarYear": "2002",
    "period": "Q1",
    "revenue": 200426000,
    "costOfRevenue": 88077000,
    "grossProfit": 112349000,
    "grossProfitRatio": 0.5605510263,
    "researchAndDevelopmentExpenses": 29083000,
    "generalAndAdministrativeExpenses": 0,
    "sellingAndMarketingExpenses": 0,
    "sellingGeneralAndAdministrativeExpenses": 84603000,
    "otherExpenses": 5226000,
    "operatingExpenses": 118912000,
    "costAndExpenses": 206989000,
    "interestIncome": 0,
    "interestExpense": 0,
    "depreciationAndAmortization": 15840000,
    "ebitda": 9277000,
    "ebitdaratio": 0.0462864099,
    "operatingIncome": -6563000,
    "operatingIncomeRatio": -0.0327452526,
    "totalOtherIncomeExpensesNet": 5494000,
    "incomeBeforeTax": -1069000,
    "incomeBeforeTaxRatio": -0.0053336393,
    "incomeTaxExpense": -556000,
    "netIncome": -513000,
    "netIncomeRatio": -0.0025595482,
    "eps": -0.0016,
    "epsdiluted": -0.0016,
    "weightedAverageShsOut": 329336000,
    "weightedAverageShsOutDil": 329336000,
    "link": "https://www.sec.gov/Archives/edgar/data/1002047/000109581101504837/0001095811-01-504837-index.htm",
    "finalLink": "https://www.sec.gov/Archives/edgar/data/1002047/000109581101504837/f75693e10-q.txt"
  },
  {
    "date": "2001-04-27",
    "symbol": "NTAP",
    "reportedCurrency": "USD",
    "cik": "0001002047",
    "fillingDate": "2001-07-26",
    "acceptedDate": "2001-07-26 00:00:00",
    "calendarYear": "2001",
    "period": "Q4",
    "revenue": 225841000,
    "costOfRevenue": 99173000,
    "grossProfit": 126668000,
    "grossProfitRatio": 0.5608724722,
    "researchAndDevelopmentExpenses": 34131000,
    "generalAndAdministrativeExpenses": 0,
    "sellingAndMarketingExpenses": 0,
    "sellingGeneralAndAdministrativeExpenses": 90938000,
    "otherExpenses": 5226000,
    "operatingExpenses": 130295000,
    "costAndExpenses": 229468000,
    "interestIncome": 0,
    "interestExpense": 0,
    "depreciationAndAmortization": 13837000,
    "ebitda": 10210000,
    "ebitdaratio": 0.0452087973,
    "operatingIncome": -3627000,
    "operatingIncomeRatio": -0.0160599714,
    "totalOtherIncomeExpensesNet": 6277000,
    "incomeBeforeTax": 2650000,
    "incomeBeforeTaxRatio": 0.011733919,
    "incomeTaxExpense": 2171000,
    "netIncome": 479000,
    "netIncomeRatio": 0.0021209612,
    "eps": 0.0015,
    "epsdiluted": 0.0015,
    "weightedAverageShsOut": 327257000,
    "weightedAverageShsOutDil": 329300000,
    "link": "https://www.sec.gov/Archives/edgar/data/1002047/000089161801501663/0000891618-01-501663-index.htm",
    "finalLink": "https://www.sec.gov/Archives/edgar/data/1002047/000089161801501663/f74276e10-k.txt"
  },
  {
    "date": "2001-01-26",
    "symbol": "NTAP",
    "reportedCurrency": "USD",
    "cik": "0001002047",
    "fillingDate": "2001-03-12",
    "acceptedDate": "2001-03-12 00:00:00",
    "calendarYear": "2001",
    "period": "Q3",
    "revenue": 288409000,
    "costOfRevenue": 113763000,
    "grossProfit": 174646000,
    "grossProfitRatio": 0.6055497575,
    "researchAndDevelopmentExpenses": 34966000,
    "generalAndAdministrativeExpenses": 0,
    "sellingAndMarketingExpenses": 0,
    "sellingGeneralAndAdministrativeExpenses": 88572000,
    "otherExpenses": 4567000,
    "operatingExpenses": 128105000,
    "costAndExpenses": 241868000,
    "interestIncome": 0,
    "interestExpense": 0,
    "depreciationAndAmortization": 13018000,
    "ebitda": 59559000,
    "ebitdaratio": 0.2065088121,
    "operatingIncome": 46541000,
    "operatingIncomeRatio": 0.1613715245,
    "totalOtherIncomeExpensesNet": 7184000,
    "incomeBeforeTax": 53725000,
    "incomeBeforeTaxRatio": 0.1862805946,
    "incomeTaxExpense": 19654000,
    "netIncome": 34071000,
    "netIncomeRatio": 0.1181343162,
    "eps": 0.11,
    "epsdiluted": 0.09,
    "weightedAverageShsOut": 322727000,
    "weightedAverageShsOutDil": 361599000,
    "link": "https://www.sec.gov/Archives/edgar/data/1002047/000089161801500176/0000891618-01-500176-index.htm",
    "finalLink": "https://www.sec.gov/Archives/edgar/data/1002047/000089161801500176/f70271e10-q.txt"
  },
  {
    "date": "2000-10-27",
    "symbol": "NTAP",
    "reportedCurrency": "USD",
    "cik": "0001002047",
    "fillingDate": "2000-12-11",
    "acceptedDate": "2000-12-11 00:00:00",
    "calendarYear": "2001",
    "period": "Q2",
    "revenue": 260777000,
    "costOfRevenue": 99314000,
    "grossProfit": 161463000,
    "grossProfitRatio": 0.619161199,
    "researchAndDevelopmentExpenses": 28357000,
    "generalAndAdministrativeExpenses": 0,
    "sellingAndMarketingExpenses": 0,
    "sellingGeneralAndAdministrativeExpenses": 82689000,
    "otherExpenses": 1273000,
    "operatingExpenses": 112319000,
    "costAndExpenses": 211633000,
    "interestIncome": 0,
    "interestExpense": 0,
    "depreciationAndAmortization": 8418000,
    "ebitda": 57991000,
    "ebitdaratio": 0.2223777404,
    "operatingIncome": 49144000,
    "operatingIncomeRatio": 0.1884522025,
    "totalOtherIncomeExpensesNet": 5511000,
    "incomeBeforeTax": 54655000,
    "incomeBeforeTaxRatio": 0.2095852011,
    "incomeTaxExpense": 19295000,
    "netIncome": 35360000,
    "netIncomeRatio": 0.1355947802,
    "eps": 0.11,
    "epsdiluted": 0.1,
    "weightedAverageShsOut": 318223000,
    "weightedAverageShsOutDil": 364035000,
    "link": "https://www.sec.gov/Archives/edgar/data/1002047/000109581100005210/0001095811-00-005210-index.htm",
    "finalLink": "https://www.sec.gov/Archives/edgar/data/1002047/000109581100005210/f67535e10-q.txt"
  },
  {
    "date": "2000-07-28",
    "symbol": "NTAP",
    "reportedCurrency": "USD",
    "cik": "0001002047",
    "fillingDate": "2000-09-11",
    "acceptedDate": "2000-09-11 00:00:00",
    "calendarYear": "2001",
    "period": "Q1",
    "revenue": 231159000,
    "costOfRevenue": 89457000,
    "grossProfit": 141702000,
    "grossProfitRatio": 0.6130066318,
    "researchAndDevelopmentExpenses": 23705000,
    "generalAndAdministrativeExpenses": 0,
    "sellingAndMarketingExpenses": 0,
    "sellingGeneralAndAdministrativeExpenses": 73044000,
    "otherExpenses": 666000,
    "operatingExpenses": 97415000,
    "costAndExpenses": 186872000,
    "interestIncome": 0,
    "interestExpense": 0,
    "depreciationAndAmortization": 6987000,
    "ebitda": 50845000,
    "ebitdaratio": 0.2199568263,
    "operatingIncome": 17599000,
    "operatingIncomeRatio": 0.0761337434,
    "totalOtherIncomeExpensesNet": 4380000,
    "incomeBeforeTax": 21979000,
    "incomeBeforeTaxRatio": 0.0950817403,
    "incomeTaxExpense": 17003000,
    "netIncome": 4976000,
    "netIncomeRatio": 0.0215263087,
    "eps": 0.02,
    "epsdiluted": 0.01,
    "weightedAverageShsOut": 313559000,
    "weightedAverageShsOutDil": 359778000,
    "link": "https://www.sec.gov/Archives/edgar/data/1002047/000109581100003300/0001095811-00-003300-index.htm",
    "finalLink": "https://www.sec.gov/Archives/edgar/data/1002047/000109581100003300/f65482e10-q.txt"
  },
  {
    "date": "2000-04-28",
    "symbol": "NTAP",
    "reportedCurrency": "USD",
    "cik": "0001002047",
    "fillingDate": "2000-07-13",
    "acceptedDate": "2000-07-13 00:00:00",
    "calendarYear": "2000",
    "period": "Q4",
    "revenue": 200019000,
    "costOfRevenue": 80375000,
    "grossProfit": 119644000,
    "grossProfitRatio": 0.5981631745,
    "researchAndDevelopmentExpenses": 20959000,
    "generalAndAdministrativeExpenses": 0,
    "sellingAndMarketingExpenses": 0,
    "sellingGeneralAndAdministrativeExpenses": 62620000,
    "otherExpenses": 0,
    "operatingExpenses": 83579000,
    "costAndExpenses": 163954000,
    "interestIncome": 0,
    "interestExpense": 0,
    "depreciationAndAmortization": 4976000,
    "ebitda": 41041000,
    "ebitdaratio": 0.2051855074,
    "operatingIncome": 36065000,
    "operatingIncomeRatio": 0.1803078708,
    "totalOtherIncomeExpensesNet": 1885000,
    "incomeBeforeTax": 37950000,
    "incomeBeforeTaxRatio": 0.1897319755,
    "incomeTaxExpense": 13472000,
    "netIncome": 24478000,
    "netIncomeRatio": 0.1223783741,
    "eps": 0.068,
    "epsdiluted": 0.068,
    "weightedAverageShsOut": 359800000,
    "weightedAverageShsOutDil": 359800000,
    "link": "https://www.sec.gov/Archives/edgar/data/1002047/000089161800003816/0000891618-00-003816-index.htm",
    "finalLink": "https://www.sec.gov/Archives/edgar/data/1002047/000089161800003816/e10-ka.txt"
  },
  {
    "date": "2000-01-28",
    "symbol": "NTAP",
    "reportedCurrency": "USD",
    "cik": "0001002047",
    "fillingDate": "2000-02-29",
    "acceptedDate": "2000-02-29 00:00:00",
    "calendarYear": "2000",
    "period": "Q3",
    "revenue": 151290000,
    "costOfRevenue": 61415000,
    "grossProfit": 89875000,
    "grossProfitRatio": 0.5940577698,
    "researchAndDevelopmentExpenses": 16424000,
    "generalAndAdministrativeExpenses": 0,
    "sellingAndMarketingExpenses": 0,
    "sellingGeneralAndAdministrativeExpenses": 45664000,
    "otherExpenses": 0,
    "operatingExpenses": 62088000,
    "costAndExpenses": 123503000,
    "interestIncome": 0,
    "interestExpense": 0,
    "depreciationAndAmortization": 4861000,
    "ebitda": 32599000,
    "ebitdaratio": 0.2154735938,
    "operatingIncome": 27787000,
    "operatingIncomeRatio": 0.1836671294,
    "totalOtherIncomeExpensesNet": 2900000,
    "incomeBeforeTax": 30696000,
    "incomeBeforeTaxRatio": 0.2028951021,
    "incomeTaxExpense": 10897000,
    "netIncome": 19799000,
    "netIncomeRatio": 0.1308678697,
    "eps": 0.07,
    "epsdiluted": 0.06,
    "weightedAverageShsOut": 300900000,
    "weightedAverageShsOutDil": 350300000,
    "link": "https://www.sec.gov/Archives/edgar/data/1002047/000089161800001185/0000891618-00-001185-index.html",
    "finalLink": "https://www.sec.gov/Archives/edgar/data/1002047/000089161800001185/"
  },
  {
    "date": "1999-10-29",
    "symbol": "NTAP",
    "reportedCurrency": "USD",
    "cik": "0001002047",
    "fillingDate": "1999-12-03",
    "acceptedDate": "1999-12-03 00:00:00",
    "calendarYear": "2000",
    "period": "Q2",
    "revenue": 124712000,
    "costOfRevenue": 51516000,
    "grossProfit": 73196000,
    "grossProfitRatio": 0.5869202643,
    "researchAndDevelopmentExpenses": 13462000,
    "generalAndAdministrativeExpenses": 0,
    "sellingAndMarketingExpenses": 0,
    "sellingGeneralAndAdministrativeExpenses": 37035000,
    "otherExpenses": 0,
    "operatingExpenses": 50497000,
    "costAndExpenses": 102013000,
    "interestIncome": 0,
    "interestExpense": 0,
    "depreciationAndAmortization": 3034000,
    "ebitda": 25770000,
    "ebitdaratio": 0.2066360896,
    "operatingIncome": 22699000,
    "operatingIncomeRatio": 0.1820113542,
    "totalOtherIncomeExpensesNet": 2181000,
    "incomeBeforeTax": 24880000,
    "incomeBeforeTaxRatio": 0.1994996472,
    "incomeTaxExpense": 8832000,
    "netIncome": 16048000,
    "netIncomeRatio": 0.1286804798,
    "eps": 0.06,
    "epsdiluted": 0.05,
    "weightedAverageShsOut": 296488000,
    "weightedAverageShsOutDil": 337968000,
    "link": "https://www.sec.gov/Archives/edgar/data/1002047/000089161899005500/0000891618-99-005500-index.html",
    "finalLink": "https://www.sec.gov/Archives/edgar/data/1002047/000089161899005500/"
  },
  {
    "date": "1999-07-30",
    "symbol": "NTAP",
    "reportedCurrency": "USD",
    "cik": "0001002047",
    "fillingDate": "1999-08-31",
    "acceptedDate": "1999-08-31 00:00:00",
    "calendarYear": "2000",
    "period": "Q1",
    "revenue": 103279000,
    "costOfRevenue": 42539000,
    "grossProfit": 60740000,
    "grossProfitRatio": 0.5881156866,
    "researchAndDevelopmentExpenses": 11220000,
    "generalAndAdministrativeExpenses": 0,
    "sellingAndMarketingExpenses": 0,
    "sellingGeneralAndAdministrativeExpenses": 30702000,
    "otherExpenses": 0,
    "operatingExpenses": 41922000,
    "costAndExpenses": 84461000,
    "interestIncome": 0,
    "interestExpense": 0,
    "depreciationAndAmortization": 2837000,
    "ebitda": 21600000,
    "ebitdaratio": 0.2091422264,
    "operatingIncome": 18818000,
    "operatingIncomeRatio": 0.1822054822,
    "totalOtherIncomeExpensesNet": 2063000,
    "incomeBeforeTax": 20881000,
    "incomeBeforeTaxRatio": 0.2021805014,
    "incomeTaxExpense": 7413000,
    "netIncome": 13468000,
    "netIncomeRatio": 0.1304040512,
    "eps": 0.05,
    "epsdiluted": 0.04,
    "weightedAverageShsOut": 292376000,
    "weightedAverageShsOutDil": 333596000,
    "link": "https://www.sec.gov/Archives/edgar/data/1002047/000089161899004044/0000891618-99-004044-index.html",
    "finalLink": "https://www.sec.gov/Archives/edgar/data/1002047/000089161899004044/"
  },
  {
    "date": "1999-04-30",
    "symbol": "NTAP",
    "reportedCurrency": "USD",
    "cik": "0001002047",
    "fillingDate": "1999-07-12",
    "acceptedDate": "1999-07-12 00:00:00",
    "calendarYear": "1999",
    "period": "Q4",
    "revenue": 90804000,
    "costOfRevenue": 37182000,
    "grossProfit": 53622000,
    "grossProfitRatio": 0.5905246465,
    "researchAndDevelopmentExpenses": 9839000,
    "generalAndAdministrativeExpenses": 0,
    "sellingAndMarketingExpenses": 0,
    "sellingGeneralAndAdministrativeExpenses": 26795000,
    "otherExpenses": 0,
    "operatingExpenses": 36634000,
    "costAndExpenses": 73816000,
    "interestIncome": 0,
    "interestExpense": 0,
    "depreciationAndAmortization": 1055000,
    "ebitda": 18043000,
    "ebitdaratio": 0.1987027003,
    "operatingIncome": 16988000,
    "operatingIncomeRatio": 0.1870842694,
    "totalOtherIncomeExpensesNet": 206000,
    "incomeBeforeTax": 17194000,
    "incomeBeforeTaxRatio": 0.1893528919,
    "incomeTaxExpense": 6448000,
    "netIncome": 10746000,
    "netIncomeRatio": 0.1183428043,
    "eps": 0.0322,
    "epsdiluted": 0.0322,
    "weightedAverageShsOut": 333600000,
    "weightedAverageShsOutDil": 333600000,
    "link": "https://www.sec.gov/Archives/edgar/data/1002047/000089161899003094/0000891618-99-003094-index.html",
    "finalLink": "https://www.sec.gov/Archives/edgar/data/1002047/000089161899003094/"
  },
  {
    "date": "1999-01-29",
    "symbol": "NTAP",
    "reportedCurrency": "USD",
    "cik": "0001002047",
    "fillingDate": "1999-03-15",
    "acceptedDate": "1999-03-15 00:00:00",
    "calendarYear": "1999",
    "period": "Q3",
    "revenue": 75616000,
    "costOfRevenue": 30818000,
    "grossProfit": 44798000,
    "grossProfitRatio": 0.5924407533,
    "researchAndDevelopmentExpenses": 7815000,
    "generalAndAdministrativeExpenses": 0,
    "sellingAndMarketingExpenses": 0,
    "sellingGeneralAndAdministrativeExpenses": 22486000,
    "otherExpenses": 0,
    "operatingExpenses": 30301000,
    "costAndExpenses": 61119000,
    "interestIncome": 0,
    "interestExpense": 0,
    "depreciationAndAmortization": 2299000,
    "ebitda": 16796000,
    "ebitdaratio": 0.2221223022,
    "operatingIncome": 14497000,
    "operatingIncomeRatio": 0.1917186839,
    "totalOtherIncomeExpensesNet": 542000,
    "incomeBeforeTax": 15039000,
    "incomeBeforeTaxRatio": 0.1988864791,
    "incomeTaxExpense": 5645000,
    "netIncome": 9394000,
    "netIncomeRatio": 0.1242329666,
    "eps": 0.04,
    "epsdiluted": 0.03,
    "weightedAverageShsOut": 274952000,
    "weightedAverageShsOutDil": 315728000,
    "link": "https://www.sec.gov/Archives/edgar/data/1002047/000089161899000937/0000891618-99-000937-index.html",
    "finalLink": "https://www.sec.gov/Archives/edgar/data/1002047/"
  },
  {
    "date": "1998-10-30",
    "symbol": "NTAP",
    "reportedCurrency": "USD",
    "cik": "0001002047",
    "fillingDate": "1998-12-11",
    "acceptedDate": "1998-12-11 00:00:00",
    "calendarYear": "1999",
    "period": "Q2",
    "revenue": 65625000,
    "costOfRevenue": 26881000,
    "grossProfit": 38744000,
    "grossProfitRatio": 0.5903847619,
    "researchAndDevelopmentExpenses": 6722000,
    "generalAndAdministrativeExpenses": 0,
    "sellingAndMarketingExpenses": 0,
    "sellingGeneralAndAdministrativeExpenses": 19616000,
    "otherExpenses": 0,
    "operatingExpenses": 26338000,
    "costAndExpenses": 53219000,
    "interestIncome": 0,
    "interestExpense": 0,
    "depreciationAndAmortization": 2670000,
    "ebitda": 15076000,
    "ebitdaratio": 0.2297295238,
    "operatingIncome": 12406000,
    "operatingIncomeRatio": 0.1890438095,
    "totalOtherIncomeExpensesNet": 995000,
    "incomeBeforeTax": 13401000,
    "incomeBeforeTaxRatio": 0.2042057143,
    "incomeTaxExpense": 5025000,
    "netIncome": 8376000,
    "netIncomeRatio": 0.1276342857,
    "eps": 0.04,
    "epsdiluted": 0.03,
    "weightedAverageShsOut": 271512000,
    "weightedAverageShsOutDil": 304448000,
    "link": "https://www.sec.gov/Archives/edgar/data/1002047/000089161898005299/0000891618-98-005299-index.html",
    "finalLink": "https://www.sec.gov/Archives/edgar/data/1002047/"
  },
  {
    "date": "1998-07-31",
    "symbol": "NTAP",
    "reportedCurrency": "USD",
    "cik": "0001002047",
    "fillingDate": "1998-09-11",
    "acceptedDate": "1998-09-11 00:00:00",
    "calendarYear": "1999",
    "period": "Q1",
    "revenue": 57375000,
    "costOfRevenue": 23239000,
    "grossProfit": 34136000,
    "grossProfitRatio": 0.594962963,
    "researchAndDevelopmentExpenses": 6081000,
    "generalAndAdministrativeExpenses": 0,
    "sellingAndMarketingExpenses": 0,
    "sellingGeneralAndAdministrativeExpenses": 16820000,
    "otherExpenses": 0,
    "operatingExpenses": 22901000,
    "costAndExpenses": 46140000,
    "interestIncome": 0,
    "interestExpense": 0,
    "depreciationAndAmortization": 2122000,
    "ebitda": 13357000,
    "ebitdaratio": 0.2328017429,
    "operatingIncome": 11235000,
    "operatingIncomeRatio": 0.1958169935,
    "totalOtherIncomeExpensesNet": 121000,
    "incomeBeforeTax": 11356000,
    "incomeBeforeTaxRatio": 0.1979259259,
    "incomeTaxExpense": 4259000,
    "netIncome": 7097000,
    "netIncomeRatio": 0.1236949891,
    "eps": 0.03,
    "epsdiluted": 0.03,
    "weightedAverageShsOut": 268384000,
    "weightedAverageShsOutDil": 298168000,
    "link": "https://www.sec.gov/Archives/edgar/data/1002047/000089161898004192/0000891618-98-004192-index.html",
    "finalLink": "https://www.sec.gov/Archives/edgar/data/1002047/"
  },
  {
    "date": "1998-04-24",
    "symbol": "NTAP",
    "reportedCurrency": "USD",
    "cik": "0001002047",
    "fillingDate": "1998-07-22",
    "acceptedDate": "1998-07-22 00:00:00",
    "calendarYear": "1998",
    "period": "Q4",
    "revenue": 50358000,
    "costOfRevenue": 20353000,
    "grossProfit": 30005000,
    "grossProfitRatio": 0.5958338298,
    "researchAndDevelopmentExpenses": 4911000,
    "generalAndAdministrativeExpenses": 0,
    "sellingAndMarketingExpenses": 0,
    "sellingGeneralAndAdministrativeExpenses": 15254000,
    "otherExpenses": 0,
    "operatingExpenses": 20165000,
    "costAndExpenses": 40518000,
    "interestIncome": 0,
    "interestExpense": 0,
    "depreciationAndAmortization": 1663000,
    "ebitda": 11503000,
    "ebitdaratio": 0.2284244807,
    "operatingIncome": 9840000,
    "operatingIncomeRatio": 0.1954009293,
    "totalOtherIncomeExpensesNet": 249000,
    "incomeBeforeTax": 10089000,
    "incomeBeforeTaxRatio": 0.200345526,
    "incomeTaxExpense": 3785000,
    "netIncome": 6304000,
    "netIncomeRatio": 0.1251836848,
    "eps": 0.0235,
    "epsdiluted": 0.0235,
    "weightedAverageShsOut": 263880000,
    "weightedAverageShsOutDil": 268384000,
    "link": "https://www.sec.gov/Archives/edgar/data/1002047/000089161898003420/0000891618-98-003420-index.html",
    "finalLink": "https://www.sec.gov/Archives/edgar/data/1002047/"
  },
  {
    "date": "1998-01-23",
    "symbol": "NTAP",
    "reportedCurrency": "USD",
    "cik": "0001002047",
    "fillingDate": "1998-03-06",
    "acceptedDate": "1998-03-06 00:00:00",
    "calendarYear": "1998",
    "period": "Q3",
    "revenue": 43984000,
    "costOfRevenue": 17880000,
    "grossProfit": 26104000,
    "grossProfitRatio": 0.5934885413,
    "researchAndDevelopmentExpenses": 4420000,
    "generalAndAdministrativeExpenses": 0,
    "sellingAndMarketingExpenses": 0,
    "sellingGeneralAndAdministrativeExpenses": 13039000,
    "otherExpenses": 0,
    "operatingExpenses": 17459000,
    "costAndExpenses": 35339000,
    "interestIncome": 0,
    "interestExpense": 0,
    "depreciationAndAmortization": 1459000,
    "ebitda": 10104000,
    "ebitdaratio": 0.2297198981,
    "operatingIncome": 8645000,
    "operatingIncomeRatio": 0.196548745,
    "totalOtherIncomeExpensesNet": 243000,
    "incomeBeforeTax": 8888000,
    "incomeBeforeTaxRatio": 0.2020734813,
    "incomeTaxExpense": 3333000,
    "netIncome": 5555000,
    "netIncomeRatio": 0.1262959258,
    "eps": 0.03,
    "epsdiluted": 0.02,
    "weightedAverageShsOut": 261688000,
    "weightedAverageShsOutDil": 290000000,
    "link": "https://www.sec.gov/Archives/edgar/data/1002047/000089161898001014/0000891618-98-001014-index.html",
    "finalLink": "https://www.sec.gov/Archives/edgar/data/1002047/"
  },
  {
    "date": "1997-10-24",
    "symbol": "NTAP",
    "reportedCurrency": "USD",
    "cik": "0001002047",
    "fillingDate": "1997-12-05",
    "acceptedDate": "1997-12-05 00:00:00",
    "calendarYear": "1998",
    "period": "Q2",
    "revenue": 38401000,
    "costOfRevenue": 15746000,
    "grossProfit": 22655000,
    "grossProfitRatio": 0.5899585948,
    "researchAndDevelopmentExpenses": 3903000,
    "generalAndAdministrativeExpenses": 0,
    "sellingAndMarketingExpenses": 0,
    "sellingGeneralAndAdministrativeExpenses": 11165000,
    "otherExpenses": 0,
    "operatingExpenses": 15068000,
    "costAndExpenses": 30814000,
    "interestIncome": 0,
    "interestExpense": 0,
    "depreciationAndAmortization": 1321000,
    "ebitda": 8908000,
    "ebitdaratio": 0.2319731257,
    "operatingIncome": 7587000,
    "operatingIncomeRatio": 0.1975729799,
    "totalOtherIncomeExpensesNet": 229000,
    "incomeBeforeTax": 7816000,
    "incomeBeforeTaxRatio": 0.2035363662,
    "incomeTaxExpense": 2931000,
    "netIncome": 4885000,
    "netIncomeRatio": 0.1272102289,
    "eps": 0.02,
    "epsdiluted": 0.02,
    "weightedAverageShsOut": 258448000,
    "weightedAverageShsOutDil": 288608000,
    "link": "https://www.sec.gov/Archives/edgar/data/1002047/000089161897004852/0000891618-97-004852-index.html",
    "finalLink": "https://www.sec.gov/Archives/edgar/data/1002047/"
  },
  {
    "date": "1997-07-25",
    "symbol": "NTAP",
    "reportedCurrency": "USD",
    "cik": "0001002047",
    "fillingDate": "1997-09-05",
    "acceptedDate": "1997-09-05 00:00:00",
    "calendarYear": "1998",
    "period": "Q1",
    "revenue": 33420000,
    "costOfRevenue": 13570000,
    "grossProfit": 19850000,
    "grossProfitRatio": 0.5939557151,
    "researchAndDevelopmentExpenses": 3415000,
    "generalAndAdministrativeExpenses": 0,
    "sellingAndMarketingExpenses": 0,
    "sellingGeneralAndAdministrativeExpenses": 9849000,
    "otherExpenses": 0,
    "operatingExpenses": 13264000,
    "costAndExpenses": 26834000,
    "interestIncome": 0,
    "interestExpense": 0,
    "depreciationAndAmortization": 1105000,
    "ebitda": 7691000,
    "ebitdaratio": 0.2301316577,
    "operatingIncome": 6586000,
    "operatingIncomeRatio": 0.1970676242,
    "totalOtherIncomeExpensesNet": 168000,
    "incomeBeforeTax": 6754000,
    "incomeBeforeTaxRatio": 0.2020945542,
    "incomeTaxExpense": 2533000,
    "netIncome": 4221000,
    "netIncomeRatio": 0.1263016158,
    "eps": 0.02,
    "epsdiluted": 0.02,
    "weightedAverageShsOut": 255072000,
    "weightedAverageShsOutDil": 281112000,
    "link": "https://www.sec.gov/Archives/edgar/data/1002047/000089161897003697/0000891618-97-003697-index.html",
    "finalLink": "https://www.sec.gov/Archives/edgar/data/1002047/"
  },
  {
    "date": "1997-04-25",
    "symbol": "NTAP",
    "reportedCurrency": "USD",
    "cik": "0001002047",
    "fillingDate": "1997-07-23",
    "acceptedDate": "1997-07-23 00:00:00",
    "calendarYear": "1997",
    "period": "Q4",
    "revenue": 28980000,
    "costOfRevenue": 11769000,
    "grossProfit": 17211000,
    "grossProfitRatio": 0.5938923395,
    "researchAndDevelopmentExpenses": 2982000,
    "generalAndAdministrativeExpenses": 0,
    "sellingAndMarketingExpenses": 0,
    "sellingGeneralAndAdministrativeExpenses": 8557000,
    "otherExpenses": 0,
    "operatingExpenses": 11539000,
    "costAndExpenses": 23308000,
    "interestIncome": 0,
    "interestExpense": 0,
    "depreciationAndAmortization": 899000,
    "ebitda": 6571000,
    "ebitdaratio": 0.2267425811,
    "operatingIncome": -4847000,
    "operatingIncomeRatio": -0.1672532781,
    "totalOtherIncomeExpensesNet": 167000,
    "incomeBeforeTax": -4680000,
    "incomeBeforeTaxRatio": -0.1614906832,
    "incomeTaxExpense": 740000,
    "netIncome": -5420000,
    "netIncomeRatio": -0.1870255349,
    "eps": -0.0193,
    "epsdiluted": -0.0193,
    "weightedAverageShsOut": 281100000,
    "weightedAverageShsOutDil": 281100000,
    "link": "https://www.sec.gov/Archives/edgar/data/1002047/000089161897002988/0000891618-97-002988-index.html",
    "finalLink": "https://www.sec.gov/Archives/edgar/data/1002047/"
  },
  {
    "date": "1997-01-24",
    "symbol": "NTAP",
    "reportedCurrency": "USD",
    "cik": "0001002047",
    "fillingDate": "1997-03-07",
    "acceptedDate": "1997-03-07 00:00:00",
    "calendarYear": "1997",
    "period": "Q3",
    "revenue": 24845000,
    "costOfRevenue": 10116000,
    "grossProfit": 14729000,
    "grossProfitRatio": 0.5928355806,
    "researchAndDevelopmentExpenses": 2283000,
    "generalAndAdministrativeExpenses": 0,
    "sellingAndMarketingExpenses": 0,
    "sellingGeneralAndAdministrativeExpenses": 7487000,
    "otherExpenses": 0,
    "operatingExpenses": 9770000,
    "costAndExpenses": 19886000,
    "interestIncome": 0,
    "interestExpense": 0,
    "depreciationAndAmortization": 693000,
    "ebitda": 5652000,
    "ebitdaratio": 0.2274904407,
    "operatingIncome": 4959000,
    "operatingIncomeRatio": 0.1995975045,
    "totalOtherIncomeExpensesNet": 241000,
    "incomeBeforeTax": 5200000,
    "incomeBeforeTaxRatio": 0.2092976454,
    "incomeTaxExpense": 1820000,
    "netIncome": 3380000,
    "netIncomeRatio": 0.1360434695,
    "eps": 0.02,
    "epsdiluted": 0.02,
    "weightedAverageShsOut": 246632000,
    "weightedAverageShsOutDil": 280240000,
    "link": "https://www.sec.gov/Archives/edgar/data/1002047/000089161897001052/0000891618-97-001052-index.html",
    "finalLink": "https://www.sec.gov/Archives/edgar/data/1002047/"
  },
  {
    "date": "1996-10-25",
    "symbol": "NTAP",
    "reportedCurrency": "USD",
    "cik": "0001002047",
    "fillingDate": "1996-12-09",
    "acceptedDate": "1996-12-09 00:00:00",
    "calendarYear": "1997",
    "period": "Q2",
    "revenue": 21048000,
    "costOfRevenue": 8582000,
    "grossProfit": 12466000,
    "grossProfitRatio": 0.5922652984,
    "researchAndDevelopmentExpenses": 1980000,
    "generalAndAdministrativeExpenses": 0,
    "sellingAndMarketingExpenses": 0,
    "sellingGeneralAndAdministrativeExpenses": 6470000,
    "otherExpenses": 0,
    "operatingExpenses": 8450000,
    "costAndExpenses": 17032000,
    "interestIncome": 0,
    "interestExpense": 0,
    "depreciationAndAmortization": 668000,
    "ebitda": 4684000,
    "ebitdaratio": 0.2225389586,
    "operatingIncome": 4016000,
    "operatingIncomeRatio": 0.1908019764,
    "totalOtherIncomeExpensesNet": 261000,
    "incomeBeforeTax": 4277000,
    "incomeBeforeTaxRatio": 0.2032022045,
    "incomeTaxExpense": 1497000,
    "netIncome": 2780000,
    "netIncomeRatio": 0.1320790574,
    "eps": 0.02,
    "epsdiluted": 0.01,
    "weightedAverageShsOut": 278448000,
    "weightedAverageShsOutDil": 278448000,
    "link": "https://www.sec.gov/Archives/edgar/data/1002047/000089161896002992/0000891618-96-002992-index.html",
    "finalLink": "https://www.sec.gov/Archives/edgar/data/1002047/"
  },
  {
    "date": "1996-07-26",
    "symbol": "NTAP",
    "reportedCurrency": "USD",
    "cik": "0001002047",
    "fillingDate": "1996-09-09",
    "acceptedDate": "1996-09-09 00:00:00",
    "calendarYear": "1997",
    "period": "Q1",
    "revenue": 18460000,
    "costOfRevenue": 7593000,
    "grossProfit": 10867000,
    "grossProfitRatio": 0.5886782232,
    "researchAndDevelopmentExpenses": 1724000,
    "generalAndAdministrativeExpenses": 0,
    "sellingAndMarketingExpenses": 0,
    "sellingGeneralAndAdministrativeExpenses": 5889000,
    "otherExpenses": 4300000,
    "operatingExpenses": 11913000,
    "costAndExpenses": 19506000,
    "interestIncome": 0,
    "interestExpense": 0,
    "depreciationAndAmortization": 606000,
    "ebitda": -440000,
    "ebitdaratio": -0.0238353196,
    "operatingIncome": -1046000,
    "operatingIncomeRatio": -0.0566630553,
    "totalOtherIncomeExpensesNet": 291000,
    "incomeBeforeTax": -755000,
    "incomeBeforeTaxRatio": -0.0408992416,
    "incomeTaxExpense": -264000,
    "netIncome": -491000,
    "netIncomeRatio": -0.0265980498,
    "eps": -0.0019,
    "epsdiluted": -0.0019,
    "weightedAverageShsOut": 258400000,
    "weightedAverageShsOutDil": 258400000,
    "link": "https://www.sec.gov/Archives/edgar/data/1002047/000089161896001969/0000891618-96-001969-index.html",
    "finalLink": "https://www.sec.gov/Archives/edgar/data/1002047/"
  },
  {
    "date": "1996-04-26",
    "symbol": "NTAP",
    "reportedCurrency": "USD",
    "cik": "0001002047",
    "fillingDate": "1996-07-25",
    "acceptedDate": "1996-07-25 00:00:00",
    "calendarYear": "1996",
    "period": "Q4",
    "revenue": 16032000,
    "costOfRevenue": 7657000,
    "grossProfit": 8375000,
    "grossProfitRatio": 0.5223927146,
    "researchAndDevelopmentExpenses": 1662000,
    "generalAndAdministrativeExpenses": 0,
    "sellingAndMarketingExpenses": 0,
    "sellingGeneralAndAdministrativeExpenses": 5013000,
    "otherExpenses": -900000,
    "operatingExpenses": 5775000,
    "costAndExpenses": 13432000,
    "interestIncome": 0,
    "interestExpense": 0,
    "depreciationAndAmortization": 486000,
    "ebitda": 3086000,
    "ebitdaratio": 0.19249002,
    "operatingIncome": 2600000,
    "operatingIncomeRatio": 0.1621756487,
    "totalOtherIncomeExpensesNet": 468000,
    "incomeBeforeTax": 3068000,
    "incomeBeforeTaxRatio": 0.1913672655,
    "incomeTaxExpense": -400000,
    "netIncome": 3000000,
    "netIncomeRatio": 0.1871257485,
    "eps": 0.015,
    "epsdiluted": 0.015,
    "weightedAverageShsOut": 200000000,
    "weightedAverageShsOutDil": 200000000,
    "link": "https://www.sec.gov/Archives/edgar/data/1002047/000089161896001334/0000891618-96-001334-index.html",
    "finalLink": "https://www.sec.gov/Archives/edgar/data/1002047/"
  },
  {
    "date": "1996-01-31",
    "symbol": "NTAP",
    "reportedCurrency": "USD",
    "cik": "0001002047",
    "fillingDate": "1996-01-31",
    "acceptedDate": "1996-01-30 19:00:00",
    "calendarYear": "1996",
    "period": "Q3",
    "revenue": 13000000,
    "costOfRevenue": 5700000,
    "grossProfit": 7300000,
    "grossProfitRatio": 0.5615384615,
    "researchAndDevelopmentExpenses": 1400000,
    "generalAndAdministrativeExpenses": 0,
    "sellingAndMarketingExpenses": 0,
    "sellingGeneralAndAdministrativeExpenses": 4200000,
    "otherExpenses": 0,
    "operatingExpenses": 5600000,
    "costAndExpenses": 11300000,
    "interestIncome": 0,
    "interestExpense": 0,
    "depreciationAndAmortization": -200000,
    "ebitda": 1500000,
    "ebitdaratio": 0.1153846154,
    "operatingIncome": 1700000,
    "operatingIncomeRatio": 0.1307692308,
    "totalOtherIncomeExpensesNet": 130000,
    "incomeBeforeTax": 1900000,
    "incomeBeforeTaxRatio": 0.1461538462,
    "incomeTaxExpense": -100000,
    "netIncome": 2000000,
    "netIncomeRatio": 0.1538461538,
    "eps": 0.01,
    "epsdiluted": 0.01,
    "weightedAverageShsOut": 265296000,
    "weightedAverageShsOutDil": 265296000,
    "link": "",
    "finalLink": ""
  }
]