[
  {
    "date": "2025-06-30",
    "symbol": "NTRS",
    "reportedCurrency": "USD",
    "cik": "0000073124",
    "fillingDate": "2025-07-30",
    "acceptedDate": "2025-07-30 17:11:35",
    "calendarYear": "2025",
    "period": "Q2",
    "revenue": 3600200000,
    "costOfRevenue": 1618800000,
    "grossProfit": 1981400000,
    "grossProfitRatio": 0.5503583134,
    "researchAndDevelopmentExpenses": 0,
    "generalAndAdministrativeExpenses": 749000000,
    "sellingAndMarketingExpenses": 22200000,
    "sellingGeneralAndAdministrativeExpenses": 771200000,
    "otherExpenses": 645400000,
    "operatingExpenses": 1416600000,
    "costAndExpenses": 3035400000,
    "interestIncome": 2212800000,
    "interestExpense": 1602300000,
    "depreciationAndAmortization": 195700000,
    "ebitda": 760500000,
    "ebitdaratio": 0.2112382645,
    "operatingIncome": 564800000,
    "operatingIncomeRatio": 0.1568801733,
    "totalOtherIncomeExpensesNet": 0,
    "incomeBeforeTax": 564800000,
    "incomeBeforeTaxRatio": 0.1568801733,
    "incomeTaxExpense": 143500000,
    "netIncome": 421300000,
    "netIncomeRatio": 0.1170212766,
    "eps": 2.14,
    "epsdiluted": 2.13,
    "weightedAverageShsOut": 192751910,
    "weightedAverageShsOutDil": 193374888,
    "link": "https://www.sec.gov/Archives/edgar/data/73124/000007312425000235/0000073124-25-000235-index.htm",
    "finalLink": "https://www.sec.gov/Archives/edgar/data/73124/000007312425000235/ntrs-20250630.htm"
  },
  {
    "date": "2025-03-31",
    "symbol": "NTRS",
    "reportedCurrency": "USD",
    "cik": "0000073124",
    "fillingDate": "2025-04-30",
    "acceptedDate": "2025-04-30 16:04:54",
    "calendarYear": "2025",
    "period": "Q1",
    "revenue": 3512700000,
    "costOfRevenue": 1573800000,
    "grossProfit": 1938900000,
    "grossProfitRatio": 0.5519685712,
    "researchAndDevelopmentExpenses": 0,
    "generalAndAdministrativeExpenses": 766200000,
    "sellingAndMarketingExpenses": 16900000,
    "sellingGeneralAndAdministrativeExpenses": 783100000,
    "otherExpenses": 634400000,
    "operatingExpenses": 1417500000,
    "costAndExpenses": 2991300000,
    "interestIncome": 2140900000,
    "interestExpense": 1572800000,
    "depreciationAndAmortization": 190700000,
    "ebitda": 712100000,
    "ebitdaratio": 0.2027215532,
    "operatingIncome": 521400000,
    "operatingIncomeRatio": 0.1484328294,
    "totalOtherIncomeExpensesNet": 0,
    "incomeBeforeTax": 521400000,
    "incomeBeforeTaxRatio": 0.1484328294,
    "incomeTaxExpense": 129400000,
    "netIncome": 392000000,
    "netIncomeRatio": 0.1115950693,
    "eps": 1.91,
    "epsdiluted": 1.9,
    "weightedAverageShsOut": 195193000,
    "weightedAverageShsOutDil": 196125000,
    "link": "https://www.sec.gov/Archives/edgar/data/73124/000007312425000187/0000073124-25-000187-index.htm",
    "finalLink": "https://www.sec.gov/Archives/edgar/data/73124/000007312425000187/ntrs-20250331.htm"
  },
  {
    "date": "2024-12-31",
    "symbol": "NTRS",
    "reportedCurrency": "USD",
    "cik": "0000073124",
    "fillingDate": "2025-02-24",
    "acceptedDate": "2025-02-24 16:55:08",
    "calendarYear": "2024",
    "period": "Q4",
    "revenue": 3675800000,
    "costOfRevenue": 1705700000,
    "grossProfit": 1970100000,
    "grossProfitRatio": 0.53596496,
    "researchAndDevelopmentExpenses": 0,
    "generalAndAdministrativeExpenses": 639700000,
    "sellingAndMarketingExpenses": 24700000,
    "sellingGeneralAndAdministrativeExpenses": 664400000,
    "otherExpenses": 711500000,
    "operatingExpenses": 1375900000,
    "costAndExpenses": 3081600000,
    "interestIncome": 2280000000,
    "interestExpense": 1716200000,
    "depreciationAndAmortization": 182900000,
    "ebitda": 777100000,
    "ebitdaratio": 0.2114097611,
    "operatingIncome": 594200000,
    "operatingIncomeRatio": 0.1616518853,
    "totalOtherIncomeExpensesNet": 0,
    "incomeBeforeTax": 594200000,
    "incomeBeforeTaxRatio": 0.1616518853,
    "incomeTaxExpense": 138800000,
    "netIncome": 455400000,
    "netIncomeRatio": 0.1238913978,
    "eps": 2.27,
    "epsdiluted": 2.26,
    "weightedAverageShsOut": 197241000,
    "weightedAverageShsOutDil": 198114000,
    "link": "https://www.sec.gov/Archives/edgar/data/73124/000007312425000105/0000073124-25-000105-index.htm",
    "finalLink": "https://www.sec.gov/Archives/edgar/data/73124/000007312425000105/ntrs-20241231.htm"
  },
  {
    "date": "2024-09-30",
    "symbol": "NTRS",
    "reportedCurrency": "USD",
    "cik": "0000073124",
    "fillingDate": "2024-10-29",
    "acceptedDate": "2024-10-29 16:02:13",
    "calendarYear": "2024",
    "period": "Q3",
    "revenue": 3936400000,
    "costOfRevenue": 1975900000,
    "grossProfit": 1960500000,
    "grossProfitRatio": 0.498043898,
    "researchAndDevelopmentExpenses": 0,
    "generalAndAdministrativeExpenses": 712300000,
    "sellingAndMarketingExpenses": 19100000,
    "sellingGeneralAndAdministrativeExpenses": 731400000,
    "otherExpenses": 628000000,
    "operatingExpenses": 1359400000,
    "costAndExpenses": 3335300000,
    "interestIncome": 2530200000,
    "interestExpense": 1967900000,
    "depreciationAndAmortization": 183100000,
    "ebitda": 784200000,
    "ebitdaratio": 0.1992175592,
    "operatingIncome": 601100000,
    "operatingIncomeRatio": 0.1527029773,
    "totalOtherIncomeExpensesNet": 0,
    "incomeBeforeTax": 601100000,
    "incomeBeforeTaxRatio": 0.1527029773,
    "incomeTaxExpense": 136200000,
    "netIncome": 464900000,
    "netIncomeRatio": 0.1181028351,
    "eps": 2.23,
    "epsdiluted": 2.22,
    "weightedAverageShsOut": 199938000,
    "weightedAverageShsOutDil": 200549000,
    "link": "https://www.sec.gov/Archives/edgar/data/73124/000007312424000257/0000073124-24-000257-index.htm",
    "finalLink": "https://www.sec.gov/Archives/edgar/data/73124/000007312424000257/ntrs-20240930.htm"
  },
  {
    "date": "2024-06-30",
    "symbol": "NTRS",
    "reportedCurrency": "USD",
    "cik": "0000073124",
    "fillingDate": "2024-08-01",
    "acceptedDate": "2024-08-01 16:36:33",
    "calendarYear": "2024",
    "period": "Q2",
    "revenue": 4699100000,
    "costOfRevenue": 1991600000,
    "grossProfit": 2707500000,
    "grossProfitRatio": 0.576174161,
    "researchAndDevelopmentExpenses": 0,
    "generalAndAdministrativeExpenses": 701600000,
    "sellingAndMarketingExpenses": 20800000,
    "sellingGeneralAndAdministrativeExpenses": 722400000,
    "otherExpenses": 811500000,
    "operatingExpenses": 1533900000,
    "costAndExpenses": 3525500000,
    "interestIncome": 2506500000,
    "interestExpense": 1983600000,
    "depreciationAndAmortization": 180500000,
    "ebitda": 1354100000,
    "ebitdaratio": 0.2881615629,
    "operatingIncome": 1173600000,
    "operatingIncomeRatio": 0.2497499521,
    "totalOtherIncomeExpensesNet": 0,
    "incomeBeforeTax": 1173600000,
    "incomeBeforeTaxRatio": 0.2497499521,
    "incomeTaxExpense": 277500000,
    "netIncome": 896100000,
    "netIncomeRatio": 0.1906960907,
    "eps": 4.35,
    "epsdiluted": 4.34,
    "weightedAverageShsOut": 203306000,
    "weightedAverageShsOutDil": 203739000,
    "link": "https://www.sec.gov/Archives/edgar/data/73124/000007312424000206/0000073124-24-000206-index.htm",
    "finalLink": "https://www.sec.gov/Archives/edgar/data/73124/000007312424000206/ntrs-20240630.htm"
  },
  {
    "date": "2024-03-31",
    "symbol": "NTRS",
    "reportedCurrency": "USD",
    "cik": "0000073124",
    "fillingDate": "2024-04-23",
    "acceptedDate": "2024-04-23 17:25:22",
    "calendarYear": "2024",
    "period": "Q1",
    "revenue": 3564300000,
    "costOfRevenue": 1909000000,
    "grossProfit": 1655300000,
    "grossProfitRatio": 0.4644109643,
    "researchAndDevelopmentExpenses": 0,
    "generalAndAdministrativeExpenses": 748600000,
    "sellingAndMarketingExpenses": 16700000,
    "sellingGeneralAndAdministrativeExpenses": 765300000,
    "otherExpenses": 599400000,
    "operatingExpenses": 1364700000,
    "costAndExpenses": 3273700000,
    "interestIncome": 2445600000,
    "interestExpense": 1917500000,
    "depreciationAndAmortization": 170300000,
    "ebitda": 460900000,
    "ebitdaratio": 0.129310103,
    "operatingIncome": 290600000,
    "operatingIncomeRatio": 0.0815307353,
    "totalOtherIncomeExpensesNet": 0,
    "incomeBeforeTax": 290600000,
    "incomeBeforeTaxRatio": 0.0815307353,
    "incomeTaxExpense": 75900000,
    "netIncome": 214700000,
    "netIncomeRatio": 0.0602362315,
    "eps": 0.96,
    "epsdiluted": 0.96,
    "weightedAverageShsOut": 204629000,
    "weightedAverageShsOutDil": 205135000,
    "link": "https://www.sec.gov/Archives/edgar/data/73124/000007312424000159/0000073124-24-000159-index.htm",
    "finalLink": "https://www.sec.gov/Archives/edgar/data/73124/000007312424000159/ntrs-20240331.htm"
  },
  {
    "date": "2023-12-31",
    "symbol": "NTRS",
    "reportedCurrency": "USD",
    "cik": "0000073124",
    "fillingDate": "2024-02-27",
    "acceptedDate": "2024-02-27 17:23:06",
    "calendarYear": "2023",
    "period": "Q4",
    "revenue": 3261800000,
    "costOfRevenue": 1727500000,
    "grossProfit": 1534300000,
    "grossProfitRatio": 0.4703844503,
    "researchAndDevelopmentExpenses": 0,
    "generalAndAdministrativeExpenses": 764200000,
    "sellingAndMarketingExpenses": 21300000,
    "sellingGeneralAndAdministrativeExpenses": 785500000,
    "otherExpenses": 603000000,
    "operatingExpenses": 1388500000,
    "costAndExpenses": 3116000000,
    "interestIncome": 2199600000,
    "interestExpense": 1716500000,
    "depreciationAndAmortization": 169000000,
    "ebitda": 314800000,
    "ebitdaratio": 0.0965111288,
    "operatingIncome": 145800000,
    "operatingIncomeRatio": 0.0446992458,
    "totalOtherIncomeExpensesNet": 0,
    "incomeBeforeTax": 145800000,
    "incomeBeforeTaxRatio": 0.0446992458,
    "incomeTaxExpense": 32700000,
    "netIncome": 113100000,
    "netIncomeRatio": 0.0346741063,
    "eps": 0.52,
    "epsdiluted": 0.52,
    "weightedAverageShsOut": 206170000,
    "weightedAverageShsOutDil": 206484000,
    "link": "https://www.sec.gov/Archives/edgar/data/73124/000007312424000073/0000073124-24-000073-index.htm",
    "finalLink": "https://www.sec.gov/Archives/edgar/data/73124/000007312424000073/ntrs-20231231.htm"
  },
  {
    "date": "2023-09-30",
    "symbol": "NTRS",
    "reportedCurrency": "USD",
    "cik": "0000073124",
    "fillingDate": "2023-10-31",
    "acceptedDate": "2023-10-31 16:07:55",
    "calendarYear": "2023",
    "period": "Q3",
    "revenue": 3205300000,
    "costOfRevenue": 1492800000,
    "grossProfit": 1712500000,
    "grossProfitRatio": 0.5342713631,
    "researchAndDevelopmentExpenses": 0,
    "generalAndAdministrativeExpenses": 678200000,
    "sellingAndMarketingExpenses": 16200000,
    "sellingGeneralAndAdministrativeExpenses": 694400000,
    "otherExpenses": 583800000,
    "operatingExpenses": 1278200000,
    "costAndExpenses": 2771000000,
    "interestIncome": 1935000000,
    "interestExpense": 1478800000,
    "depreciationAndAmortization": 157500000,
    "ebitda": 591800000,
    "ebitdaratio": 0.1846317037,
    "operatingIncome": 434300000,
    "operatingIncomeRatio": 0.1354943375,
    "totalOtherIncomeExpensesNet": 0,
    "incomeBeforeTax": 434300000,
    "incomeBeforeTaxRatio": 0.1354943375,
    "incomeTaxExpense": 106500000,
    "netIncome": 327800000,
    "netIncomeRatio": 0.1022681184,
    "eps": 1.49,
    "epsdiluted": 1.49,
    "weightedAverageShsOut": 207022000,
    "weightedAverageShsOutDil": 207253000,
    "link": "https://www.sec.gov/Archives/edgar/data/73124/000007312423000196/0000073124-23-000196-index.htm",
    "finalLink": "https://www.sec.gov/Archives/edgar/data/73124/000007312423000196/ntrs-20230930.htm"
  },
  {
    "date": "2023-06-30",
    "symbol": "NTRS",
    "reportedCurrency": "USD",
    "cik": "0000073124",
    "fillingDate": "2023-07-25",
    "acceptedDate": "2023-07-25 16:37:43",
    "calendarYear": "2023",
    "period": "Q2",
    "revenue": 2980600000,
    "costOfRevenue": 1208000000,
    "grossProfit": 1772600000,
    "grossProfitRatio": 0.594712474,
    "researchAndDevelopmentExpenses": 0,
    "generalAndAdministrativeExpenses": 721400000,
    "sellingAndMarketingExpenses": 21100000,
    "sellingGeneralAndAdministrativeExpenses": 742500000,
    "otherExpenses": 589400000,
    "operatingExpenses": 1331900000,
    "costAndExpenses": 2539900000,
    "interestIncome": 1735000000,
    "interestExpense": 1223500000,
    "depreciationAndAmortization": 153200000,
    "ebitda": 593900000,
    "ebitdaratio": 0.1992551835,
    "operatingIncome": 440700000,
    "operatingIncomeRatio": 0.1478561363,
    "totalOtherIncomeExpensesNet": 0,
    "incomeBeforeTax": 440700000,
    "incomeBeforeTaxRatio": 0.1478561363,
    "incomeTaxExpense": 108900000,
    "netIncome": 331800000,
    "netIncomeRatio": 0.1113198685,
    "eps": 1.56,
    "epsdiluted": 1.56,
    "weightedAverageShsOut": 207639000,
    "weightedAverageShsOutDil": 207816000,
    "link": "https://www.sec.gov/Archives/edgar/data/73124/000007312423000159/0000073124-23-000159-index.htm",
    "finalLink": "https://www.sec.gov/Archives/edgar/data/73124/000007312423000159/ntrs-20230630.htm"
  },
  {
    "date": "2023-03-31",
    "symbol": "NTRS",
    "reportedCurrency": "USD",
    "cik": "0000073124",
    "fillingDate": "2023-05-02",
    "acceptedDate": "2023-05-02 16:04:22",
    "calendarYear": "2023",
    "period": "Q1",
    "revenue": 2668800000,
    "costOfRevenue": 939200000,
    "grossProfit": 1729600000,
    "grossProfitRatio": 0.6480815348,
    "researchAndDevelopmentExpenses": 0,
    "generalAndAdministrativeExpenses": 710200000,
    "sellingAndMarketingExpenses": 16200000,
    "sellingGeneralAndAdministrativeExpenses": 726400000,
    "otherExpenses": 559200000,
    "operatingExpenses": 1285600000,
    "costAndExpenses": 2224800000,
    "interestIncome": 1455400000,
    "interestExpense": 924200000,
    "depreciationAndAmortization": 154900000,
    "ebitda": 598900000,
    "ebitdaratio": 0.2244079736,
    "operatingIncome": 444000000,
    "operatingIncomeRatio": 0.1663669065,
    "totalOtherIncomeExpensesNet": 0,
    "incomeBeforeTax": 444000000,
    "incomeBeforeTaxRatio": 0.1663669065,
    "incomeTaxExpense": 109400000,
    "netIncome": 334600000,
    "netIncomeRatio": 0.1253747002,
    "eps": 1.51,
    "epsdiluted": 1.51,
    "weightedAverageShsOut": 208187000,
    "weightedAverageShsOutDil": 208730000,
    "link": "https://www.sec.gov/Archives/edgar/data/73124/000007312423000130/0000073124-23-000130-index.htm",
    "finalLink": "https://www.sec.gov/Archives/edgar/data/73124/000007312423000130/ntrs-20230331.htm"
  },
  {
    "date": "2022-12-31",
    "symbol": "NTRS",
    "reportedCurrency": "USD",
    "cik": "0000073124",
    "fillingDate": "2023-02-28",
    "acceptedDate": "2023-02-28 16:20:50",
    "calendarYear": "2022",
    "period": "Q4",
    "revenue": 2154600000,
    "costOfRevenue": 640600000,
    "grossProfit": 1514000000,
    "grossProfitRatio": 0.7026826325,
    "researchAndDevelopmentExpenses": 0,
    "generalAndAdministrativeExpenses": 678900000,
    "sellingAndMarketingExpenses": 27700000,
    "sellingGeneralAndAdministrativeExpenses": 706600000,
    "otherExpenses": 617000000,
    "operatingExpenses": 1323600000,
    "costAndExpenses": 1964200000,
    "interestIncome": 1170100000,
    "interestExpense": 635600000,
    "depreciationAndAmortization": 148200000,
    "ebitda": 338600000,
    "ebitdaratio": 0.1571521396,
    "operatingIncome": 190400000,
    "operatingIncomeRatio": 0.0883690708,
    "totalOtherIncomeExpensesNet": 0,
    "incomeBeforeTax": 190400000,
    "incomeBeforeTaxRatio": 0.0883690708,
    "incomeTaxExpense": 34700000,
    "netIncome": 155700000,
    "netIncomeRatio": 0.0722639933,
    "eps": 0.71,
    "epsdiluted": 0.71,
    "weightedAverageShsOut": 208423000,
    "weightedAverageShsOutDil": 208894000,
    "link": "https://www.sec.gov/Archives/edgar/data/73124/000007312423000049/0000073124-23-000049-index.htm",
    "finalLink": "https://www.sec.gov/Archives/edgar/data/73124/000007312423000049/ntrs-20221231.htm"
  },
  {
    "date": "2022-09-30",
    "symbol": "NTRS",
    "reportedCurrency": "USD",
    "cik": "0000073124",
    "fillingDate": "2022-10-25",
    "acceptedDate": "2022-10-25 17:11:06",
    "calendarYear": "2022",
    "period": "Q3",
    "revenue": 2041100000,
    "costOfRevenue": 286800000,
    "grossProfit": 1754300000,
    "grossProfitRatio": 0.8594875312,
    "researchAndDevelopmentExpenses": 0,
    "generalAndAdministrativeExpenses": 674700000,
    "sellingAndMarketingExpenses": 20100000,
    "sellingGeneralAndAdministrativeExpenses": 694800000,
    "otherExpenses": 535000000,
    "operatingExpenses": 1229800000,
    "costAndExpenses": 1516600000,
    "interestIncome": 799300000,
    "interestExpense": 286300000,
    "depreciationAndAmortization": 140900000,
    "ebitda": 665400000,
    "ebitdaratio": 0.3260006859,
    "operatingIncome": 524500000,
    "operatingIncomeRatio": 0.2569692813,
    "totalOtherIncomeExpensesNet": 0,
    "incomeBeforeTax": 524500000,
    "incomeBeforeTaxRatio": 0.2569692813,
    "incomeTaxExpense": 129700000,
    "netIncome": 394800000,
    "netIncomeRatio": 0.1934251139,
    "eps": 1.8,
    "epsdiluted": 1.8,
    "weightedAverageShsOut": 208400000,
    "weightedAverageShsOutDil": 208889000,
    "link": "https://www.sec.gov/Archives/edgar/data/73124/000007312422000208/0000073124-22-000208-index.htm",
    "finalLink": "https://www.sec.gov/Archives/edgar/data/73124/000007312422000208/ntrs-20220930.htm"
  },
  {
    "date": "2022-06-30",
    "symbol": "NTRS",
    "reportedCurrency": "USD",
    "cik": "0000073124",
    "fillingDate": "2022-07-26",
    "acceptedDate": "2022-07-26 17:07:29",
    "calendarYear": "2022",
    "period": "Q2",
    "revenue": 1830200000,
    "costOfRevenue": 70600000,
    "grossProfit": 1759600000,
    "grossProfitRatio": 0.9614249809,
    "researchAndDevelopmentExpenses": 0,
    "generalAndAdministrativeExpenses": 676900000,
    "sellingAndMarketingExpenses": 18100000,
    "sellingGeneralAndAdministrativeExpenses": 695000000,
    "otherExpenses": 524000000,
    "operatingExpenses": 1219000000,
    "costAndExpenses": 1289600000,
    "interestIncome": 524800000,
    "interestExpense": 66100000,
    "depreciationAndAmortization": 133600000,
    "ebitda": 674200000,
    "ebitdaratio": 0.368375041,
    "operatingIncome": 540600000,
    "operatingIncomeRatio": 0.2953775544,
    "totalOtherIncomeExpensesNet": 0,
    "incomeBeforeTax": 540600000,
    "incomeBeforeTaxRatio": 0.2953775544,
    "incomeTaxExpense": 144400000,
    "netIncome": 396200000,
    "netIncomeRatio": 0.2164790733,
    "eps": 1.86,
    "epsdiluted": 1.86,
    "weightedAverageShsOut": 208384000,
    "weightedAverageShsOutDil": 208878000,
    "link": "https://www.sec.gov/Archives/edgar/data/73124/000007312422000181/0000073124-22-000181-index.htm",
    "finalLink": "https://www.sec.gov/Archives/edgar/data/73124/000007312422000181/ntrs-20220630.htm"
  },
  {
    "date": "2022-03-31",
    "symbol": "NTRS",
    "reportedCurrency": "USD",
    "cik": "0000073124",
    "fillingDate": "2022-05-03",
    "acceptedDate": "2022-05-03 17:06:50",
    "calendarYear": "2022",
    "period": "Q1",
    "revenue": 1721200000,
    "costOfRevenue": 4500000,
    "grossProfit": 1716700000,
    "grossProfitRatio": 0.997385545,
    "researchAndDevelopmentExpenses": 0,
    "generalAndAdministrativeExpenses": 676900000,
    "sellingAndMarketingExpenses": 10800000,
    "sellingGeneralAndAdministrativeExpenses": 687700000,
    "otherExpenses": 518200000,
    "operatingExpenses": 1205900000,
    "costAndExpenses": 1210400000,
    "interestIncome": 383500000,
    "interestExpense": 2500000,
    "depreciationAndAmortization": 130900000,
    "ebitda": 641700000,
    "ebitdaratio": 0.3728212875,
    "operatingIncome": 510800000,
    "operatingIncomeRatio": 0.2967696956,
    "totalOtherIncomeExpensesNet": 0,
    "incomeBeforeTax": 510800000,
    "incomeBeforeTaxRatio": 0.2967696956,
    "incomeTaxExpense": 121500000,
    "netIncome": 389300000,
    "netIncomeRatio": 0.2261794097,
    "eps": 1.78,
    "epsdiluted": 1.77,
    "weightedAverageShsOut": 208025000,
    "weightedAverageShsOutDil": 208809000,
    "link": "https://www.sec.gov/Archives/edgar/data/73124/000007312422000148/0000073124-22-000148-index.htm",
    "finalLink": "https://www.sec.gov/Archives/edgar/data/73124/000007312422000148/ntrs-20220331.htm"
  },
  {
    "date": "2021-12-31",
    "symbol": "NTRS",
    "reportedCurrency": "USD",
    "cik": "0000073124",
    "fillingDate": "2022-02-28",
    "acceptedDate": "2022-02-28 16:35:35",
    "calendarYear": "2021",
    "period": "Q4",
    "revenue": 1668600000,
    "costOfRevenue": -9800000,
    "grossProfit": 1678400000,
    "grossProfitRatio": 1.0058731871,
    "researchAndDevelopmentExpenses": 0,
    "generalAndAdministrativeExpenses": 628500000,
    "sellingAndMarketingExpenses": 21500000,
    "sellingGeneralAndAdministrativeExpenses": 650000000,
    "otherExpenses": 518800000,
    "operatingExpenses": 1168800000,
    "costAndExpenses": 1159000000,
    "interestIncome": 362200000,
    "interestExpense": 1700000,
    "depreciationAndAmortization": 132800000,
    "ebitda": 642400000,
    "ebitdaratio": 0.3849934076,
    "operatingIncome": 509600000,
    "operatingIncomeRatio": 0.3054057294,
    "totalOtherIncomeExpensesNet": 0,
    "incomeBeforeTax": 509600000,
    "incomeBeforeTaxRatio": 0.3054057294,
    "incomeTaxExpense": 103200000,
    "netIncome": 406400000,
    "netIncomeRatio": 0.2435574733,
    "eps": 1.92,
    "epsdiluted": 1.91,
    "weightedAverageShsOut": 207708000,
    "weightedAverageShsOutDil": 208593000,
    "link": "https://www.sec.gov/Archives/edgar/data/73124/000007312422000071/0000073124-22-000071-index.htm",
    "finalLink": "https://www.sec.gov/Archives/edgar/data/73124/000007312422000071/ntrs-20211231.htm"
  },
  {
    "date": "2021-09-30",
    "symbol": "NTRS",
    "reportedCurrency": "USD",
    "cik": "0000073124",
    "fillingDate": "2021-10-26",
    "acceptedDate": "2021-10-26 16:34:33",
    "calendarYear": "2021",
    "period": "Q3",
    "revenue": 1638700000,
    "costOfRevenue": -8100000,
    "grossProfit": 1646800000,
    "grossProfitRatio": 1.0049429426,
    "researchAndDevelopmentExpenses": 0,
    "generalAndAdministrativeExpenses": 611500000,
    "sellingAndMarketingExpenses": 27200000,
    "sellingGeneralAndAdministrativeExpenses": 638700000,
    "otherExpenses": 490000000,
    "operatingExpenses": 1128700000,
    "costAndExpenses": 1120600000,
    "interestIncome": 351300000,
    "interestExpense": 4900000,
    "depreciationAndAmortization": 129000000,
    "ebitda": 647100000,
    "ebitdaratio": 0.3948861903,
    "operatingIncome": 518100000,
    "operatingIncomeRatio": 0.3161652529,
    "totalOtherIncomeExpensesNet": 0,
    "incomeBeforeTax": 518100000,
    "incomeBeforeTaxRatio": 0.3161652529,
    "incomeTaxExpense": 122400000,
    "netIncome": 395700000,
    "netIncomeRatio": 0.2414718985,
    "eps": 1.81,
    "epsdiluted": 1.8,
    "weightedAverageShsOut": 208116000,
    "weightedAverageShsOutDil": 208923000,
    "link": "https://www.sec.gov/Archives/edgar/data/73124/000007312421000272/0000073124-21-000272-index.htm",
    "finalLink": "https://www.sec.gov/Archives/edgar/data/73124/000007312421000272/ntrs-20210930.htm"
  },
  {
    "date": "2021-06-30",
    "symbol": "NTRS",
    "reportedCurrency": "USD",
    "cik": "0000073124",
    "fillingDate": "2021-07-27",
    "acceptedDate": "2021-07-27 16:42:58",
    "calendarYear": "2021",
    "period": "Q2",
    "revenue": 1587800000,
    "costOfRevenue": -19500000,
    "grossProfit": 1607300000,
    "grossProfitRatio": 1.0122811437,
    "researchAndDevelopmentExpenses": 0,
    "generalAndAdministrativeExpenses": 618600000,
    "sellingAndMarketingExpenses": 8900000,
    "sellingGeneralAndAdministrativeExpenses": 627500000,
    "otherExpenses": 493300000,
    "operatingExpenses": 1120800000,
    "costAndExpenses": 1101300000,
    "interestIncome": 343100000,
    "interestExpense": 7500000,
    "depreciationAndAmortization": 128400000,
    "ebitda": 614900000,
    "ebitdaratio": 0.3872653987,
    "operatingIncome": 486500000,
    "operatingIncomeRatio": 0.3063987908,
    "totalOtherIncomeExpensesNet": 0,
    "incomeBeforeTax": 486500000,
    "incomeBeforeTaxRatio": 0.3063987908,
    "incomeTaxExpense": 118400000,
    "netIncome": 368100000,
    "netIncomeRatio": 0.2318302053,
    "eps": 1.73,
    "epsdiluted": 1.72,
    "weightedAverageShsOut": 208369000,
    "weightedAverageShsOutDil": 209138000,
    "link": "https://www.sec.gov/Archives/edgar/data/73124/000007312421000239/0000073124-21-000239-index.htm",
    "finalLink": "https://www.sec.gov/Archives/edgar/data/73124/000007312421000239/ntrs-20210630.htm"
  },
  {
    "date": "2021-03-31",
    "symbol": "NTRS",
    "reportedCurrency": "USD",
    "cik": "0000073124",
    "fillingDate": "2021-04-27",
    "acceptedDate": "2021-04-27 16:38:54",
    "calendarYear": "2021",
    "period": "Q1",
    "revenue": 1593200000,
    "costOfRevenue": -20200000,
    "grossProfit": 1613400000,
    "grossProfitRatio": 1.0126788853,
    "researchAndDevelopmentExpenses": 0,
    "generalAndAdministrativeExpenses": 632300000,
    "sellingAndMarketingExpenses": 7900000,
    "sellingGeneralAndAdministrativeExpenses": 640200000,
    "otherExpenses": 477300000,
    "operatingExpenses": 1117500000,
    "costAndExpenses": 1097300000,
    "interestIncome": 349900000,
    "interestExpense": 9800000,
    "depreciationAndAmortization": 125400000,
    "ebitda": 621300000,
    "ebitdaratio": 0.389969872,
    "operatingIncome": 495900000,
    "operatingIncomeRatio": 0.3112603565,
    "totalOtherIncomeExpensesNet": 0,
    "incomeBeforeTax": 495900000,
    "incomeBeforeTaxRatio": 0.3112603565,
    "incomeTaxExpense": 120800000,
    "netIncome": 375100000,
    "netIncomeRatio": 0.235438112,
    "eps": 1.71,
    "epsdiluted": 1.7,
    "weightedAverageShsOut": 208113000,
    "weightedAverageShsOutDil": 208946000,
    "link": "https://www.sec.gov/Archives/edgar/data/73124/000007312421000185/0000073124-21-000185-index.htm",
    "finalLink": "https://www.sec.gov/Archives/edgar/data/73124/000007312421000185/ntrs-20210331.htm"
  },
  {
    "date": "2020-12-31",
    "symbol": "NTRS",
    "reportedCurrency": "USD",
    "cik": "0000073124",
    "fillingDate": "2021-02-23",
    "acceptedDate": "2021-02-23 16:51:30",
    "calendarYear": "2020",
    "period": "Q4",
    "revenue": 1540100000,
    "costOfRevenue": 15700000,
    "grossProfit": 1524400000,
    "grossProfitRatio": 0.9898058568,
    "researchAndDevelopmentExpenses": 0,
    "generalAndAdministrativeExpenses": 584300000,
    "sellingAndMarketingExpenses": 9100000,
    "sellingGeneralAndAdministrativeExpenses": 593400000,
    "otherExpenses": 557600000,
    "operatingExpenses": 1151000000,
    "costAndExpenses": 1166700000,
    "interestIncome": 352600000,
    "interestExpense": 18200000,
    "depreciationAndAmortization": 127800000,
    "ebitda": 501200000,
    "ebitdaratio": 0.3254334134,
    "operatingIncome": 373400000,
    "operatingIncomeRatio": 0.2424517888,
    "totalOtherIncomeExpensesNet": 0,
    "incomeBeforeTax": 373400000,
    "incomeBeforeTaxRatio": 0.2424517888,
    "incomeTaxExpense": 132500000,
    "netIncome": 240900000,
    "netIncomeRatio": 0.1564184144,
    "eps": 1.13,
    "epsdiluted": 1.12,
    "weightedAverageShsOut": 208225000,
    "weightedAverageShsOutDil": 208962000,
    "link": "https://www.sec.gov/Archives/edgar/data/73124/000007312421000071/0000073124-21-000071-index.htm",
    "finalLink": "https://www.sec.gov/Archives/edgar/data/73124/000007312421000071/ntrs-20201231.htm"
  },
  {
    "date": "2020-09-30",
    "symbol": "NTRS",
    "reportedCurrency": "USD",
    "cik": "0000073124",
    "fillingDate": "2020-10-27",
    "acceptedDate": "2020-10-27 16:36:50",
    "calendarYear": "2020",
    "period": "Q3",
    "revenue": 1511900000,
    "costOfRevenue": 27300000,
    "grossProfit": 1484600000,
    "grossProfitRatio": 0.9819432502,
    "researchAndDevelopmentExpenses": 0,
    "generalAndAdministrativeExpenses": 574200000,
    "sellingAndMarketingExpenses": 23400000,
    "sellingGeneralAndAdministrativeExpenses": 597600000,
    "otherExpenses": 497100000,
    "operatingExpenses": 1094700000,
    "costAndExpenses": 1122000000,
    "interestIncome": 355400000,
    "interestExpense": 26800000,
    "depreciationAndAmortization": 123900000,
    "ebitda": 513800000,
    "ebitdaratio": 0.3398372908,
    "operatingIncome": 389900000,
    "operatingIncomeRatio": 0.2578874264,
    "totalOtherIncomeExpensesNet": 0,
    "incomeBeforeTax": 389900000,
    "incomeBeforeTaxRatio": 0.2578874264,
    "incomeTaxExpense": 95400000,
    "netIncome": 294500000,
    "netIncomeRatio": 0.1947880151,
    "eps": 1.32,
    "epsdiluted": 1.32,
    "weightedAverageShsOut": 208106000,
    "weightedAverageShsOutDil": 208688000,
    "link": "https://www.sec.gov/Archives/edgar/data/73124/000007312420000244/0000073124-20-000244-index.htm",
    "finalLink": "https://www.sec.gov/Archives/edgar/data/73124/000007312420000244/ntrs-20200930.htm"
  },
  {
    "date": "2020-06-30",
    "symbol": "NTRS",
    "reportedCurrency": "USD",
    "cik": "0000073124",
    "fillingDate": "2020-07-28",
    "acceptedDate": "2020-07-28 16:48:23",
    "calendarYear": "2020",
    "period": "Q2",
    "revenue": 1540300000,
    "costOfRevenue": 100200000,
    "grossProfit": 1440100000,
    "grossProfitRatio": 0.9349477375,
    "researchAndDevelopmentExpenses": 0,
    "generalAndAdministrativeExpenses": 565800000,
    "sellingAndMarketingExpenses": 7900000,
    "sellingGeneralAndAdministrativeExpenses": 573700000,
    "otherExpenses": 463200000,
    "operatingExpenses": 1036900000,
    "costAndExpenses": 1137100000,
    "interestIncome": 406300000,
    "interestExpense": 34200000,
    "depreciationAndAmortization": 124800000,
    "ebitda": 528000000,
    "ebitdaratio": 0.3427903655,
    "operatingIncome": 403200000,
    "operatingIncomeRatio": 0.2617671882,
    "totalOtherIncomeExpensesNet": 0,
    "incomeBeforeTax": 403200000,
    "incomeBeforeTaxRatio": 0.2617671882,
    "incomeTaxExpense": 89900000,
    "netIncome": 313300000,
    "netIncomeRatio": 0.2034019347,
    "eps": 1.47,
    "epsdiluted": 1.46,
    "weightedAverageShsOut": 208069000,
    "weightedAverageShsOutDil": 208568000,
    "link": "https://www.sec.gov/Archives/edgar/data/73124/000007312420000212/0000073124-20-000212-index.htm",
    "finalLink": "https://www.sec.gov/Archives/edgar/data/73124/000007312420000212/ntrs-20200630.htm"
  },
  {
    "date": "2020-03-31",
    "symbol": "NTRS",
    "reportedCurrency": "USD",
    "cik": "0000073124",
    "fillingDate": "2020-04-27",
    "acceptedDate": "2020-04-27 16:40:52",
    "calendarYear": "2020",
    "period": "Q1",
    "revenue": 1708800000,
    "costOfRevenue": 182100000,
    "grossProfit": 1526700000,
    "grossProfitRatio": 0.8934339888,
    "researchAndDevelopmentExpenses": 0,
    "generalAndAdministrativeExpenses": 596700000,
    "sellingAndMarketingExpenses": 18800000,
    "sellingGeneralAndAdministrativeExpenses": 615500000,
    "otherExpenses": 450100000,
    "operatingExpenses": 1065600000,
    "costAndExpenses": 1247700000,
    "interestIncome": 529200000,
    "interestExpense": 121100000,
    "depreciationAndAmortization": 123800000,
    "ebitda": 584900000,
    "ebitdaratio": 0.342286985,
    "operatingIncome": 461100000,
    "operatingIncomeRatio": 0.2698384831,
    "totalOtherIncomeExpensesNet": 0,
    "incomeBeforeTax": 461100000,
    "incomeBeforeTaxRatio": 0.2698384831,
    "incomeTaxExpense": 100500000,
    "netIncome": 360600000,
    "netIncomeRatio": 0.2110252809,
    "eps": 1.56,
    "epsdiluted": 1.55,
    "weightedAverageShsOut": 208881000,
    "weightedAverageShsOutDil": 209817000,
    "link": "https://www.sec.gov/Archives/edgar/data/73124/000007312420000179/0000073124-20-000179-index.htm",
    "finalLink": "https://www.sec.gov/Archives/edgar/data/73124/000007312420000179/q12020form10-q.htm"
  },
  {
    "date": "2019-12-31",
    "symbol": "NTRS",
    "reportedCurrency": "USD",
    "cik": "0000073124",
    "fillingDate": "2020-02-25",
    "acceptedDate": "2020-02-25 17:06:15",
    "calendarYear": "2019",
    "period": "Q4",
    "revenue": 1703000000,
    "costOfRevenue": 154300000,
    "grossProfit": 1548700000,
    "grossProfitRatio": 0.909395185,
    "researchAndDevelopmentExpenses": 0,
    "generalAndAdministrativeExpenses": 572400000,
    "sellingAndMarketingExpenses": 26100000,
    "sellingGeneralAndAdministrativeExpenses": 598500000,
    "otherExpenses": 473800000,
    "operatingExpenses": 1072300000,
    "costAndExpenses": 1226600000,
    "interestIncome": 576100000,
    "interestExpense": 155300000,
    "depreciationAndAmortization": 117300000,
    "ebitda": 593700000,
    "ebitdaratio": 0.3486200822,
    "operatingIncome": 476400000,
    "operatingIncomeRatio": 0.2797416324,
    "totalOtherIncomeExpensesNet": 0,
    "incomeBeforeTax": 476400000,
    "incomeBeforeTaxRatio": 0.2797416324,
    "incomeTaxExpense": 105300000,
    "netIncome": 371100000,
    "netIncomeRatio": 0.2179095713,
    "eps": 1.71,
    "epsdiluted": 1.7,
    "weightedAverageShsOut": 210648000,
    "weightedAverageShsOutDil": 211855000,
    "link": "https://www.sec.gov/Archives/edgar/data/73124/000007312420000101/0000073124-20-000101-index.htm",
    "finalLink": "https://www.sec.gov/Archives/edgar/data/73124/000007312420000101/a201910-k.htm"
  },
  {
    "date": "2019-09-30",
    "symbol": "NTRS",
    "reportedCurrency": "USD",
    "cik": "0000073124",
    "fillingDate": "2019-10-28",
    "acceptedDate": "2019-10-28 16:37:48",
    "calendarYear": "2019",
    "period": "Q3",
    "revenue": 1741000000,
    "costOfRevenue": 196100000,
    "grossProfit": 1544900000,
    "grossProfitRatio": 0.8873635841,
    "researchAndDevelopmentExpenses": 0,
    "generalAndAdministrativeExpenses": 559600000,
    "sellingAndMarketingExpenses": 38700000,
    "sellingGeneralAndAdministrativeExpenses": 598300000,
    "otherExpenses": 438000000,
    "operatingExpenses": 1036300000,
    "costAndExpenses": 1232400000,
    "interestIncome": 620800000,
    "interestExpense": 203100000,
    "depreciationAndAmortization": 115300000,
    "ebitda": 623900000,
    "ebitdaratio": 0.3583572659,
    "operatingIncome": 508600000,
    "operatingIncomeRatio": 0.2921309592,
    "totalOtherIncomeExpensesNet": 0,
    "incomeBeforeTax": 508600000,
    "incomeBeforeTaxRatio": 0.2921309592,
    "incomeTaxExpense": 124000000,
    "netIncome": 384600000,
    "netIncomeRatio": 0.2209075244,
    "eps": 1.7,
    "epsdiluted": 1.69,
    "weightedAverageShsOut": 213177000,
    "weightedAverageShsOutDil": 214207000,
    "link": "https://www.sec.gov/Archives/edgar/data/73124/000007312419000237/0000073124-19-000237-index.htm",
    "finalLink": "https://www.sec.gov/Archives/edgar/data/73124/000007312419000237/q32019form10-q.htm"
  },
  {
    "date": "2019-06-30",
    "symbol": "NTRS",
    "reportedCurrency": "USD",
    "cik": "0000073124",
    "fillingDate": "2019-07-30",
    "acceptedDate": "2019-07-30 16:42:35",
    "calendarYear": "2019",
    "period": "Q2",
    "revenue": 1729400000,
    "costOfRevenue": 216300000,
    "grossProfit": 1513100000,
    "grossProfitRatio": 0.8749277206,
    "researchAndDevelopmentExpenses": 0,
    "generalAndAdministrativeExpenses": 555700000,
    "sellingAndMarketingExpenses": 21700000,
    "sellingGeneralAndAdministrativeExpenses": 577400000,
    "otherExpenses": 428800000,
    "operatingExpenses": 1006200000,
    "costAndExpenses": 1222500000,
    "interestIncome": 640200000,
    "interestExpense": 222800000,
    "depreciationAndAmortization": 112400000,
    "ebitda": 619300000,
    "ebitdaratio": 0.3581010755,
    "operatingIncome": 506900000,
    "operatingIncomeRatio": 0.2931074361,
    "totalOtherIncomeExpensesNet": 0,
    "incomeBeforeTax": 506900000,
    "incomeBeforeTaxRatio": 0.2931074361,
    "incomeTaxExpense": 117500000,
    "netIncome": 389400000,
    "netIncomeRatio": 0.225164797,
    "eps": 1.76,
    "epsdiluted": 1.75,
    "weightedAverageShsOut": 216139000,
    "weightedAverageShsOutDil": 217170000,
    "link": "https://www.sec.gov/Archives/edgar/data/73124/000007312419000197/0000073124-19-000197-index.htm",
    "finalLink": "https://www.sec.gov/Archives/edgar/data/73124/000007312419000197/q22019form10-q.htm"
  },
  {
    "date": "2019-03-31",
    "symbol": "NTRS",
    "reportedCurrency": "USD",
    "cik": "0000073124",
    "fillingDate": "2019-04-29",
    "acceptedDate": "2019-04-29 16:54:52",
    "calendarYear": "2019",
    "period": "Q1",
    "revenue": 1721700000,
    "costOfRevenue": 240800000,
    "grossProfit": 1480900000,
    "grossProfitRatio": 0.8601382355,
    "researchAndDevelopmentExpenses": 0,
    "generalAndAdministrativeExpenses": 579200000,
    "sellingAndMarketingExpenses": 17700000,
    "sellingGeneralAndAdministrativeExpenses": 596900000,
    "otherExpenses": 431800000,
    "operatingExpenses": 1028700000,
    "costAndExpenses": 1269500000,
    "interestIncome": 662800000,
    "interestExpense": 240800000,
    "depreciationAndAmortization": 113900000,
    "ebitda": 566100000,
    "ebitdaratio": 0.3288029273,
    "operatingIncome": 452200000,
    "operatingIncomeRatio": 0.2626473834,
    "totalOtherIncomeExpensesNet": 0,
    "incomeBeforeTax": 452200000,
    "incomeBeforeTaxRatio": 0.2626473834,
    "incomeTaxExpense": 105100000,
    "netIncome": 347100000,
    "netIncomeRatio": 0.2016030667,
    "eps": 1.49,
    "epsdiluted": 1.48,
    "weightedAverageShsOut": 218237000,
    "weightedAverageShsOutDil": 219270000,
    "link": "https://www.sec.gov/Archives/edgar/data/73124/000007312419000166/0000073124-19-000166-index.htm",
    "finalLink": "https://www.sec.gov/Archives/edgar/data/73124/000007312419000166/q12019form10-q.htm"
  },
  {
    "date": "2018-12-31",
    "symbol": "NTRS",
    "reportedCurrency": "USD",
    "cik": "0000073124",
    "fillingDate": "2019-02-26",
    "acceptedDate": "2019-02-26 16:37:47",
    "calendarYear": "2018",
    "period": "Q4",
    "revenue": 1735200000,
    "costOfRevenue": 227400000,
    "grossProfit": 1507800000,
    "grossProfitRatio": 0.8689488243,
    "researchAndDevelopmentExpenses": 0,
    "generalAndAdministrativeExpenses": 563600000,
    "sellingAndMarketingExpenses": 22100000,
    "sellingGeneralAndAdministrativeExpenses": 585700000,
    "otherExpenses": 436200000,
    "operatingExpenses": 1021900000,
    "costAndExpenses": 1249300000,
    "interestIncome": 648600000,
    "interestExpense": 231400000,
    "depreciationAndAmortization": 114000000,
    "ebitda": 599900000,
    "ebitdaratio": 0.3457238359,
    "operatingIncome": 485900000,
    "operatingIncomeRatio": 0.2800253573,
    "totalOtherIncomeExpensesNet": 0,
    "incomeBeforeTax": 485900000,
    "incomeBeforeTaxRatio": 0.2800253573,
    "incomeTaxExpense": 76000000,
    "netIncome": 409900000,
    "netIncomeRatio": 0.2362263716,
    "eps": 1.81,
    "epsdiluted": 1.8,
    "weightedAverageShsOut": 220328000,
    "weightedAverageShsOutDil": 221502000,
    "link": "https://www.sec.gov/Archives/edgar/data/73124/000007312419000088/0000073124-19-000088-index.htm",
    "finalLink": "https://www.sec.gov/Archives/edgar/data/73124/000007312419000088/a201810-k.htm"
  },
  {
    "date": "2018-09-30",
    "symbol": "NTRS",
    "reportedCurrency": "USD",
    "cik": "0000073124",
    "fillingDate": "2018-10-29",
    "acceptedDate": "2018-10-29 16:37:19",
    "calendarYear": "2018",
    "period": "Q3",
    "revenue": 1665300000,
    "costOfRevenue": 182000000,
    "grossProfit": 1483300000,
    "grossProfitRatio": 0.8907103825,
    "researchAndDevelopmentExpenses": 0,
    "generalAndAdministrativeExpenses": 539900000,
    "sellingAndMarketingExpenses": 38300000,
    "sellingGeneralAndAdministrativeExpenses": 578200000,
    "otherExpenses": 424100000,
    "operatingExpenses": 1002300000,
    "costAndExpenses": 1184300000,
    "interestIncome": 599200000,
    "interestExpense": 191000000,
    "depreciationAndAmortization": 113700000,
    "ebitda": 594700000,
    "ebitdaratio": 0.3571128325,
    "operatingIncome": 481000000,
    "operatingIncomeRatio": 0.2888368462,
    "totalOtherIncomeExpensesNet": 0,
    "incomeBeforeTax": 481000000,
    "incomeBeforeTaxRatio": 0.2888368462,
    "incomeTaxExpense": 106500000,
    "netIncome": 374500000,
    "netIncomeRatio": 0.2248844052,
    "eps": 1.59,
    "epsdiluted": 1.58,
    "weightedAverageShsOut": 222443000,
    "weightedAverageShsOutDil": 223860000,
    "link": "https://www.sec.gov/Archives/edgar/data/73124/000007312418000297/0000073124-18-000297-index.htm",
    "finalLink": "https://www.sec.gov/Archives/edgar/data/73124/000007312418000297/q32018form10-q.htm"
  },
  {
    "date": "2018-06-30",
    "symbol": "NTRS",
    "reportedCurrency": "USD",
    "cik": "0000073124",
    "fillingDate": "2018-07-30",
    "acceptedDate": "2018-07-30 16:37:05",
    "calendarYear": "2018",
    "period": "Q2",
    "revenue": 1660500000,
    "costOfRevenue": 155900000,
    "grossProfit": 1504600000,
    "grossProfitRatio": 0.9061126167,
    "researchAndDevelopmentExpenses": 0,
    "generalAndAdministrativeExpenses": 561400000,
    "sellingAndMarketingExpenses": 21900000,
    "sellingGeneralAndAdministrativeExpenses": 583300000,
    "otherExpenses": 414100000,
    "operatingExpenses": 997400000,
    "costAndExpenses": 1153300000,
    "interestIncome": 567700000,
    "interestExpense": 154400000,
    "depreciationAndAmortization": 117300000,
    "ebitda": 624500000,
    "ebitdaratio": 0.3760915387,
    "operatingIncome": 507200000,
    "operatingIncomeRatio": 0.3054501656,
    "totalOtherIncomeExpensesNet": 0,
    "incomeBeforeTax": 507200000,
    "incomeBeforeTaxRatio": 0.3054501656,
    "incomeTaxExpense": 116800000,
    "netIncome": 390400000,
    "netIncomeRatio": 0.2351099067,
    "eps": 1.69,
    "epsdiluted": 1.68,
    "weightedAverageShsOut": 224208000,
    "weightedAverageShsOutDil": 225611000,
    "link": "https://www.sec.gov/Archives/edgar/data/73124/000007312418000259/0000073124-18-000259-index.htm",
    "finalLink": "https://www.sec.gov/Archives/edgar/data/73124/000007312418000259/q22018form10-q.htm"
  },
  {
    "date": "2018-03-31",
    "symbol": "NTRS",
    "reportedCurrency": "USD",
    "cik": "0000073124",
    "fillingDate": "2018-05-04",
    "acceptedDate": "2018-05-04 16:42:40",
    "calendarYear": "2018",
    "period": "Q1",
    "revenue": 1597900000,
    "costOfRevenue": 118900000,
    "grossProfit": 1479000000,
    "grossProfitRatio": 0.9255898367,
    "researchAndDevelopmentExpenses": 0,
    "generalAndAdministrativeExpenses": 577700000,
    "sellingAndMarketingExpenses": 16100000,
    "sellingGeneralAndAdministrativeExpenses": 593800000,
    "otherExpenses": 401500000,
    "operatingExpenses": 995300000,
    "costAndExpenses": 1114200000,
    "interestIncome": 505900000,
    "interestExpense": 121900000,
    "depreciationAndAmortization": 115900000,
    "ebitda": 599600000,
    "ebitdaratio": 0.3752425058,
    "operatingIncome": 483700000,
    "operatingIncomeRatio": 0.3027098066,
    "totalOtherIncomeExpensesNet": 0,
    "incomeBeforeTax": 483700000,
    "incomeBeforeTaxRatio": 0.3027098066,
    "incomeTaxExpense": 102100000,
    "netIncome": 381600000,
    "netIncomeRatio": 0.2388134426,
    "eps": 1.59,
    "epsdiluted": 1.58,
    "weightedAverageShsOut": 225681000,
    "weightedAverageShsOutDil": 227048000,
    "link": "https://www.sec.gov/Archives/edgar/data/73124/000007312418000206/0000073124-18-000206-index.htm",
    "finalLink": "https://www.sec.gov/Archives/edgar/data/73124/000007312418000206/q12018form10-q.htm"
  },
  {
    "date": "2017-12-31",
    "symbol": "NTRS",
    "reportedCurrency": "USD",
    "cik": "0000073124",
    "fillingDate": "2018-02-27",
    "acceptedDate": "2018-02-27 17:02:44",
    "calendarYear": "2017",
    "period": "Q4",
    "revenue": 1532600000,
    "costOfRevenue": 95100000,
    "grossProfit": 1437500000,
    "grossProfitRatio": 0.9379485841,
    "researchAndDevelopmentExpenses": 0,
    "generalAndAdministrativeExpenses": 553000000,
    "sellingAndMarketingExpenses": 22900000,
    "sellingGeneralAndAdministrativeExpenses": 575900000,
    "otherExpenses": 426000000,
    "operatingExpenses": 1001900000,
    "costAndExpenses": 1097000000,
    "interestIncome": 488100000,
    "interestExpense": 108100000,
    "depreciationAndAmortization": 110500000,
    "ebitda": 546100000,
    "ebitdaratio": 0.3563225891,
    "operatingIncome": 435600000,
    "operatingIncomeRatio": 0.2842228892,
    "totalOtherIncomeExpensesNet": 0,
    "incomeBeforeTax": 435600000,
    "incomeBeforeTaxRatio": 0.2842228892,
    "incomeTaxExpense": 79000000,
    "netIncome": 356600000,
    "netIncomeRatio": 0.2326764975,
    "eps": 1.52,
    "epsdiluted": 1.51,
    "weightedAverageShsOut": 226791000,
    "weightedAverageShsOutDil": 228067000,
    "link": "https://www.sec.gov/Archives/edgar/data/73124/000007312418000141/0000073124-18-000141-index.htm",
    "finalLink": "https://www.sec.gov/Archives/edgar/data/73124/000007312418000141/a201710-k.htm"
  },
  {
    "date": "2017-09-30",
    "symbol": "NTRS",
    "reportedCurrency": "USD",
    "cik": "0000073124",
    "fillingDate": "2017-10-26",
    "acceptedDate": "2017-10-26 17:13:56",
    "calendarYear": "2017",
    "period": "Q3",
    "revenue": 1444800000,
    "costOfRevenue": 92600000,
    "grossProfit": 1352200000,
    "grossProfitRatio": 0.9359080842,
    "researchAndDevelopmentExpenses": 0,
    "generalAndAdministrativeExpenses": 506400000,
    "sellingAndMarketingExpenses": 36500000,
    "sellingGeneralAndAdministrativeExpenses": 542900000,
    "otherExpenses": 392700000,
    "operatingExpenses": 935600000,
    "costAndExpenses": 1028200000,
    "interestIncome": 453800000,
    "interestExpense": 99600000,
    "depreciationAndAmortization": 104800000,
    "ebitda": 521400000,
    "ebitdaratio": 0.3608803987,
    "operatingIncome": 416600000,
    "operatingIncomeRatio": 0.2883444075,
    "totalOtherIncomeExpensesNet": 0,
    "incomeBeforeTax": 416600000,
    "incomeBeforeTaxRatio": 0.2883444075,
    "incomeTaxExpense": 118200000,
    "netIncome": 298400000,
    "netIncomeRatio": 0.2065337763,
    "eps": 1.21,
    "epsdiluted": 1.2,
    "weightedAverageShsOut": 228011000,
    "weightedAverageShsOutDil": 229314000,
    "link": "https://www.sec.gov/Archives/edgar/data/73124/000007312417000310/0000073124-17-000310-index.htm",
    "finalLink": "https://www.sec.gov/Archives/edgar/data/73124/000007312417000310/q32017form10-q.htm"
  },
  {
    "date": "2017-06-30",
    "symbol": "NTRS",
    "reportedCurrency": "USD",
    "cik": "0000073124",
    "fillingDate": "2017-07-27",
    "acceptedDate": "2017-07-27 16:26:45",
    "calendarYear": "2017",
    "period": "Q2",
    "revenue": 1396900000,
    "costOfRevenue": 68700000,
    "grossProfit": 1328200000,
    "grossProfitRatio": 0.9508196721,
    "researchAndDevelopmentExpenses": 0,
    "generalAndAdministrativeExpenses": 506600000,
    "sellingAndMarketingExpenses": 19800000,
    "sellingGeneralAndAdministrativeExpenses": 526400000,
    "otherExpenses": 411000000,
    "operatingExpenses": 937400000,
    "costAndExpenses": 1006100000,
    "interestIncome": 417200000,
    "interestExpense": 75700000,
    "depreciationAndAmortization": 105100000,
    "ebitda": 495900000,
    "ebitdaratio": 0.3550003579,
    "operatingIncome": 390800000,
    "operatingIncomeRatio": 0.2797623309,
    "totalOtherIncomeExpensesNet": 0,
    "incomeBeforeTax": 390800000,
    "incomeBeforeTaxRatio": 0.2797623309,
    "incomeTaxExpense": 122900000,
    "netIncome": 267900000,
    "netIncomeRatio": 0.1917818026,
    "eps": 1.12,
    "epsdiluted": 1.12,
    "weightedAverageShsOut": 229197000,
    "weightedAverageShsOutDil": 230638000,
    "link": "https://www.sec.gov/Archives/edgar/data/73124/000007312417000251/0000073124-17-000251-index.htm",
    "finalLink": "https://www.sec.gov/Archives/edgar/data/73124/000007312417000251/q22017form10-q.htm"
  },
  {
    "date": "2017-03-31",
    "symbol": "NTRS",
    "reportedCurrency": "USD",
    "cik": "0000073124",
    "fillingDate": "2017-05-02",
    "acceptedDate": "2017-05-02 17:01:46",
    "calendarYear": "2017",
    "period": "Q1",
    "revenue": 1341200000,
    "costOfRevenue": 55800000,
    "grossProfit": 1285400000,
    "grossProfitRatio": 0.9583954667,
    "researchAndDevelopmentExpenses": 0,
    "generalAndAdministrativeExpenses": 520700000,
    "sellingAndMarketingExpenses": 16400000,
    "sellingGeneralAndAdministrativeExpenses": 537100000,
    "otherExpenses": 357400000,
    "operatingExpenses": 894500000,
    "costAndExpenses": 950300000,
    "interestIncome": 410300000,
    "interestExpense": 56800000,
    "depreciationAndAmortization": 101300000,
    "ebitda": 492200000,
    "ebitdaratio": 0.3669847897,
    "operatingIncome": 390900000,
    "operatingIncomeRatio": 0.2914554131,
    "totalOtherIncomeExpensesNet": 0,
    "incomeBeforeTax": 390900000,
    "incomeBeforeTaxRatio": 0.2914554131,
    "incomeTaxExpense": 114800000,
    "netIncome": 276100000,
    "netIncomeRatio": 0.2058604235,
    "eps": 1.1,
    "epsdiluted": 1.09,
    "weightedAverageShsOut": 229060000,
    "weightedAverageShsOutDil": 230631000,
    "link": "https://www.sec.gov/Archives/edgar/data/73124/000007312417000190/0000073124-17-000190-index.htm",
    "finalLink": "https://www.sec.gov/Archives/edgar/data/73124/000007312417000190/q12017form10-q.htm"
  },
  {
    "date": "2016-12-31",
    "symbol": "NTRS",
    "reportedCurrency": "USD",
    "cik": "0000073124",
    "fillingDate": "2017-02-28",
    "acceptedDate": "2017-02-27 21:25:26",
    "calendarYear": "2016",
    "period": "Q4",
    "revenue": 1280600000,
    "costOfRevenue": 24700000,
    "grossProfit": 1255900000,
    "grossProfitRatio": 0.9807121662,
    "researchAndDevelopmentExpenses": 0,
    "generalAndAdministrativeExpenses": 486600000,
    "sellingAndMarketingExpenses": 16400000,
    "sellingGeneralAndAdministrativeExpenses": 503000000,
    "otherExpenses": 363400000,
    "operatingExpenses": 866400000,
    "costAndExpenses": 891100000,
    "interestIncome": 371000000,
    "interestExpense": 46700000,
    "depreciationAndAmortization": 96600000,
    "ebitda": 486100000,
    "ebitdaratio": 0.3795876933,
    "operatingIncome": 389500000,
    "operatingIncomeRatio": 0.3041543027,
    "totalOtherIncomeExpensesNet": 0,
    "incomeBeforeTax": 389500000,
    "incomeBeforeTaxRatio": 0.3041543027,
    "incomeTaxExpense": 123000000,
    "netIncome": 266500000,
    "netIncomeRatio": 0.2081055755,
    "eps": 1.12,
    "epsdiluted": 1.11,
    "weightedAverageShsOut": 227638000,
    "weightedAverageShsOutDil": 229480000,
    "link": "https://www.sec.gov/Archives/edgar/data/73124/000007312417000117/0000073124-17-000117-index.htm",
    "finalLink": "https://www.sec.gov/Archives/edgar/data/73124/000007312417000117/a201610-k.htm"
  },
  {
    "date": "2016-09-30",
    "symbol": "NTRS",
    "reportedCurrency": "USD",
    "cik": "0000073124",
    "fillingDate": "2016-10-26",
    "acceptedDate": "2016-10-26 17:26:32",
    "calendarYear": "2016",
    "period": "Q3",
    "revenue": 1259800000,
    "costOfRevenue": 43100000,
    "grossProfit": 1216700000,
    "grossProfitRatio": 0.9657882204,
    "researchAndDevelopmentExpenses": 0,
    "generalAndAdministrativeExpenses": 476300000,
    "sellingAndMarketingExpenses": 19200000,
    "sellingGeneralAndAdministrativeExpenses": 495500000,
    "otherExpenses": 347500000,
    "operatingExpenses": 843000000,
    "costAndExpenses": 886100000,
    "interestIncome": 349200000,
    "interestExpense": 46100000,
    "depreciationAndAmortization": 91800000,
    "ebitda": 465500000,
    "ebitdaratio": 0.3695030957,
    "operatingIncome": 373700000,
    "operatingIncomeRatio": 0.2966343864,
    "totalOtherIncomeExpensesNet": 0,
    "incomeBeforeTax": 373700000,
    "incomeBeforeTaxRatio": 0.2966343864,
    "incomeTaxExpense": 116100000,
    "netIncome": 257600000,
    "netIncomeRatio": 0.2044769011,
    "eps": 1.09,
    "epsdiluted": 1.08,
    "weightedAverageShsOut": 226540000,
    "weightedAverageShsOutDil": 228055000,
    "link": "https://www.sec.gov/Archives/edgar/data/73124/000007312416000473/0000073124-16-000473-index.htm",
    "finalLink": "https://www.sec.gov/Archives/edgar/data/73124/000007312416000473/q32016form10-q.htm"
  },
  {
    "date": "2016-06-30",
    "symbol": "NTRS",
    "reportedCurrency": "USD",
    "cik": "0000073124",
    "fillingDate": "2016-07-27",
    "acceptedDate": "2016-07-27 16:37:37",
    "calendarYear": "2016",
    "period": "Q2",
    "revenue": 1246100000,
    "costOfRevenue": 42000000,
    "grossProfit": 1204100000,
    "grossProfitRatio": 0.9662948399,
    "researchAndDevelopmentExpenses": 0,
    "generalAndAdministrativeExpenses": 467200000,
    "sellingAndMarketingExpenses": 18500000,
    "sellingGeneralAndAdministrativeExpenses": 485700000,
    "otherExpenses": 323700000,
    "operatingExpenses": 809400000,
    "costAndExpenses": 851400000,
    "interestIncome": 344700000,
    "interestExpense": 45000000,
    "depreciationAndAmortization": 94600000,
    "ebitda": 489300000,
    "ebitdaratio": 0.3926651152,
    "operatingIncome": 394700000,
    "operatingIncomeRatio": 0.3167482546,
    "totalOtherIncomeExpensesNet": 0,
    "incomeBeforeTax": 394700000,
    "incomeBeforeTaxRatio": 0.3167482546,
    "incomeTaxExpense": 131700000,
    "netIncome": 263000000,
    "netIncomeRatio": 0.2110585025,
    "eps": 1.11,
    "epsdiluted": 1.1,
    "weightedAverageShsOut": 227536000,
    "weightedAverageShsOutDil": 229280000,
    "link": "https://www.sec.gov/Archives/edgar/data/73124/000007312416000415/0000073124-16-000415-index.htm",
    "finalLink": "https://www.sec.gov/Archives/edgar/data/73124/000007312416000415/a2016q2form10-q.htm"
  },
  {
    "date": "2016-03-31",
    "symbol": "NTRS",
    "reportedCurrency": "USD",
    "cik": "0000073124",
    "fillingDate": "2016-04-28",
    "acceptedDate": "2016-04-28 16:33:36",
    "calendarYear": "2016",
    "period": "Q1",
    "revenue": 1234200000,
    "costOfRevenue": 46200000,
    "grossProfit": 1188000000,
    "grossProfitRatio": 0.9625668449,
    "researchAndDevelopmentExpenses": 0,
    "generalAndAdministrativeExpenses": 461600000,
    "sellingAndMarketingExpenses": 26900000,
    "sellingGeneralAndAdministrativeExpenses": 488500000,
    "otherExpenses": 340300000,
    "operatingExpenses": 828800000,
    "costAndExpenses": 875000000,
    "interestIncome": 352000000,
    "interestExpense": 44200000,
    "depreciationAndAmortization": 90300000,
    "ebitda": 449500000,
    "ebitdaratio": 0.3642035327,
    "operatingIncome": 359200000,
    "operatingIncomeRatio": 0.2910387295,
    "totalOtherIncomeExpensesNet": 0,
    "incomeBeforeTax": 359200000,
    "incomeBeforeTaxRatio": 0.2910387295,
    "incomeTaxExpense": 113800000,
    "netIncome": 245400000,
    "netIncomeRatio": 0.1988332523,
    "eps": 1.03,
    "epsdiluted": 1.03,
    "weightedAverageShsOut": 228619000,
    "weightedAverageShsOutDil": 229798000,
    "link": "https://www.sec.gov/Archives/edgar/data/73124/000007312416000378/0000073124-16-000378-index.htm",
    "finalLink": "https://www.sec.gov/Archives/edgar/data/73124/000007312416000378/a2016q1form10-q.htm"
  },
  {
    "date": "2015-12-31",
    "symbol": "NTRS",
    "reportedCurrency": "USD",
    "cik": "0000073124",
    "fillingDate": "2016-02-29",
    "acceptedDate": "2016-02-29 16:57:00",
    "calendarYear": "2015",
    "period": "Q4",
    "revenue": 1198000000,
    "costOfRevenue": 22800000,
    "grossProfit": 1175200000,
    "grossProfitRatio": 0.9809682805,
    "researchAndDevelopmentExpenses": 0,
    "generalAndAdministrativeExpenses": 454400000,
    "sellingAndMarketingExpenses": 23700000,
    "sellingGeneralAndAdministrativeExpenses": 478100000,
    "otherExpenses": 346700000,
    "operatingExpenses": 824800000,
    "costAndExpenses": 847600000,
    "interestIncome": 330700000,
    "interestExpense": 41300000,
    "depreciationAndAmortization": 89500000,
    "ebitda": 439900000,
    "ebitdaratio": 0.3671953255,
    "operatingIncome": 350400000,
    "operatingIncomeRatio": 0.2924874791,
    "totalOtherIncomeExpensesNet": 0,
    "incomeBeforeTax": 350400000,
    "incomeBeforeTaxRatio": 0.2924874791,
    "incomeTaxExpense": 111100000,
    "netIncome": 239300000,
    "netIncomeRatio": 0.1997495826,
    "eps": 1,
    "epsdiluted": 0.99,
    "weightedAverageShsOut": 230391000,
    "weightedAverageShsOutDil": 232236000,
    "link": "https://www.sec.gov/Archives/edgar/data/73124/000007312416000324/0000073124-16-000324-index.htm",
    "finalLink": "https://www.sec.gov/Archives/edgar/data/73124/000007312416000324/ntrs2015123110-k.htm"
  },
  {
    "date": "2015-09-30",
    "symbol": "NTRS",
    "reportedCurrency": "USD",
    "cik": "0000073124",
    "fillingDate": "2015-10-28",
    "acceptedDate": "2015-10-28 16:58:39",
    "calendarYear": "2015",
    "period": "Q3",
    "revenue": 1192300000,
    "costOfRevenue": 26800000,
    "grossProfit": 1165500000,
    "grossProfitRatio": 0.9775224356,
    "researchAndDevelopmentExpenses": 0,
    "generalAndAdministrativeExpenses": 446900000,
    "sellingAndMarketingExpenses": 20400000,
    "sellingGeneralAndAdministrativeExpenses": 467300000,
    "otherExpenses": 345000000,
    "operatingExpenses": 812300000,
    "costAndExpenses": 839100000,
    "interestIncome": 305700000,
    "interestExpense": 36800000,
    "depreciationAndAmortization": 82100000,
    "ebitda": 435300000,
    "ebitdaratio": 0.365092678,
    "operatingIncome": 353200000,
    "operatingIncomeRatio": 0.2962341693,
    "totalOtherIncomeExpensesNet": 0,
    "incomeBeforeTax": 353200000,
    "incomeBeforeTaxRatio": 0.2962341693,
    "incomeTaxExpense": 118600000,
    "netIncome": 234600000,
    "netIncomeRatio": 0.1967625598,
    "eps": 0.97,
    "epsdiluted": 0.96,
    "weightedAverageShsOut": 232232000,
    "weightedAverageShsOutDil": 234163000,
    "link": "https://www.sec.gov/Archives/edgar/data/73124/000007312415000217/0000073124-15-000217-index.htm",
    "finalLink": "https://www.sec.gov/Archives/edgar/data/73124/000007312415000217/a2015q3form10-q.htm"
  },
  {
    "date": "2015-06-30",
    "symbol": "NTRS",
    "reportedCurrency": "USD",
    "cik": "0000073124",
    "fillingDate": "2015-07-29",
    "acceptedDate": "2015-07-29 16:21:28",
    "calendarYear": "2015",
    "period": "Q2",
    "revenue": 1193600000,
    "costOfRevenue": 27600000,
    "grossProfit": 1166000000,
    "grossProfitRatio": 0.9768766756,
    "researchAndDevelopmentExpenses": 0,
    "generalAndAdministrativeExpenses": 450200000,
    "sellingAndMarketingExpenses": 20800000,
    "sellingGeneralAndAdministrativeExpenses": 471000000,
    "otherExpenses": 283600000,
    "operatingExpenses": 754600000,
    "costAndExpenses": 782200000,
    "interestIncome": 288800000,
    "interestExpense": 37600000,
    "depreciationAndAmortization": 91600000,
    "ebitda": 503000000,
    "ebitdaratio": 0.4214142091,
    "operatingIncome": 411400000,
    "operatingIncomeRatio": 0.3446715818,
    "totalOtherIncomeExpensesNet": 0,
    "incomeBeforeTax": 411400000,
    "incomeBeforeTaxRatio": 0.3446715818,
    "incomeTaxExpense": 142200000,
    "netIncome": 269200000,
    "netIncomeRatio": 0.225536193,
    "eps": 1.11,
    "epsdiluted": 1.1,
    "weightedAverageShsOut": 233149000,
    "weightedAverageShsOutDil": 235233000,
    "link": "https://www.sec.gov/Archives/edgar/data/73124/000119312515268306/0001193125-15-268306-index.htm",
    "finalLink": "https://www.sec.gov/Archives/edgar/data/73124/000119312515268306/d938402d10q.htm"
  },
  {
    "date": "2015-03-31",
    "symbol": "NTRS",
    "reportedCurrency": "USD",
    "cik": "0000073124",
    "fillingDate": "2015-04-28",
    "acceptedDate": "2015-04-28 16:24:22",
    "calendarYear": "2015",
    "period": "Q1",
    "revenue": 1172700000,
    "costOfRevenue": 33700000,
    "grossProfit": 1139000000,
    "grossProfitRatio": 0.9712628976,
    "researchAndDevelopmentExpenses": 0,
    "generalAndAdministrativeExpenses": 442800000,
    "sellingAndMarketingExpenses": 28300000,
    "sellingGeneralAndAdministrativeExpenses": 471100000,
    "otherExpenses": 317900000,
    "operatingExpenses": 789000000,
    "costAndExpenses": 822700000,
    "interestIncome": 298800000,
    "interestExpense": 38200000,
    "depreciationAndAmortization": 88400000,
    "ebitda": 438400000,
    "ebitdaratio": 0.3738381513,
    "operatingIncome": 350000000,
    "operatingIncomeRatio": 0.2984565533,
    "totalOtherIncomeExpensesNet": 0,
    "incomeBeforeTax": 350000000,
    "incomeBeforeTaxRatio": 0.2984565533,
    "incomeTaxExpense": 119300000,
    "netIncome": 230700000,
    "netIncomeRatio": 0.1967255052,
    "eps": 0.95,
    "epsdiluted": 0.94,
    "weightedAverageShsOut": 233381000,
    "weightedAverageShsOutDil": 235289000,
    "link": "https://www.sec.gov/Archives/edgar/data/73124/000119312515152967/0001193125-15-152967-index.htm",
    "finalLink": "https://www.sec.gov/Archives/edgar/data/73124/000119312515152967/d885258d10q.htm"
  },
  {
    "date": "2014-12-31",
    "symbol": "NTRS",
    "reportedCurrency": "USD",
    "cik": "0000073124",
    "fillingDate": "2015-02-26",
    "acceptedDate": "2015-02-26 17:04:56",
    "calendarYear": "2014",
    "period": "Q4",
    "revenue": 1170100000,
    "costOfRevenue": 43000000,
    "grossProfit": 1127100000,
    "grossProfitRatio": 0.9632510042,
    "researchAndDevelopmentExpenses": 0,
    "generalAndAdministrativeExpenses": 399100000,
    "sellingAndMarketingExpenses": 21400000,
    "sellingGeneralAndAdministrativeExpenses": 420500000,
    "otherExpenses": 360800000,
    "operatingExpenses": 781300000,
    "costAndExpenses": 824300000,
    "interestIncome": 303900000,
    "interestExpense": 40000000,
    "depreciationAndAmortization": 85100000,
    "ebitda": 430900000,
    "ebitdaratio": 0.3682591232,
    "operatingIncome": 345800000,
    "operatingIncomeRatio": 0.2955302966,
    "totalOtherIncomeExpensesNet": 0,
    "incomeBeforeTax": 345800000,
    "incomeBeforeTaxRatio": 0.2955302966,
    "incomeTaxExpense": 101800000,
    "netIncome": 244000000,
    "netIncomeRatio": 0.2085291855,
    "eps": 0.98,
    "epsdiluted": 0.98,
    "weightedAverageShsOut": 234429000,
    "weightedAverageShsOutDil": 236369000,
    "link": "https://www.sec.gov/Archives/edgar/data/73124/000119312515065963/0001193125-15-065963-index.htm",
    "finalLink": "https://www.sec.gov/Archives/edgar/data/73124/000119312515065963/d802907d10k.htm"
  },
  {
    "date": "2014-09-30",
    "symbol": "NTRS",
    "reportedCurrency": "USD",
    "cik": "0000073124",
    "fillingDate": "2014-10-31",
    "acceptedDate": "2014-10-31 14:59:25",
    "calendarYear": "2014",
    "period": "Q3",
    "revenue": 1123400000,
    "costOfRevenue": 44500000,
    "grossProfit": 1078900000,
    "grossProfitRatio": 0.9603881075,
    "researchAndDevelopmentExpenses": 0,
    "generalAndAdministrativeExpenses": 435200000,
    "sellingAndMarketingExpenses": 19100000,
    "sellingGeneralAndAdministrativeExpenses": 454300000,
    "otherExpenses": 320400000,
    "operatingExpenses": 774700000,
    "costAndExpenses": 819200000,
    "interestIncome": 293800000,
    "interestExpense": 44500000,
    "depreciationAndAmortization": 81200000,
    "ebitda": 385400000,
    "ebitdaratio": 0.3430656934,
    "operatingIncome": 304200000,
    "operatingIncomeRatio": 0.2707851166,
    "totalOtherIncomeExpensesNet": 0,
    "incomeBeforeTax": 304200000,
    "incomeBeforeTaxRatio": 0.2707851166,
    "incomeTaxExpense": 99700000,
    "netIncome": 204500000,
    "netIncomeRatio": 0.1820366744,
    "eps": 0.85,
    "epsdiluted": 0.84,
    "weightedAverageShsOut": 235701000,
    "weightedAverageShsOutDil": 237737000,
    "link": "https://www.sec.gov/Archives/edgar/data/73124/000119312514391869/0001193125-14-391869-index.htm",
    "finalLink": "https://www.sec.gov/Archives/edgar/data/73124/000119312514391869/d768644d10q.htm"
  },
  {
    "date": "2014-06-30",
    "symbol": "NTRS",
    "reportedCurrency": "USD",
    "cik": "0000073124",
    "fillingDate": "2014-07-28",
    "acceptedDate": "2014-07-28 17:25:26",
    "calendarYear": "2014",
    "period": "Q2",
    "revenue": 1128900000,
    "costOfRevenue": 47200000,
    "grossProfit": 1081700000,
    "grossProfitRatio": 0.9581893879,
    "researchAndDevelopmentExpenses": 0,
    "generalAndAdministrativeExpenses": 422900000,
    "sellingAndMarketingExpenses": 19100000,
    "sellingGeneralAndAdministrativeExpenses": 442000000,
    "otherExpenses": 369000000,
    "operatingExpenses": 811000000,
    "costAndExpenses": 858200000,
    "interestIncome": 293800000,
    "interestExpense": 47200000,
    "depreciationAndAmortization": 85900000,
    "ebitda": 356600000,
    "ebitdaratio": 0.3158827177,
    "operatingIncome": 270700000,
    "operatingIncomeRatio": 0.2397909469,
    "totalOtherIncomeExpensesNet": 0,
    "incomeBeforeTax": 270700000,
    "incomeBeforeTaxRatio": 0.2397909469,
    "incomeTaxExpense": 88800000,
    "netIncome": 181900000,
    "netIncomeRatio": 0.1611303038,
    "eps": 0.76,
    "epsdiluted": 0.75,
    "weightedAverageShsOut": 236013000,
    "weightedAverageShsOutDil": 237754000,
    "link": "https://www.sec.gov/Archives/edgar/data/73124/000119312514282591/0001193125-14-282591-index.htm",
    "finalLink": "https://www.sec.gov/Archives/edgar/data/73124/000119312514282591/d721743d10q.htm"
  },
  {
    "date": "2014-03-31",
    "symbol": "NTRS",
    "reportedCurrency": "USD",
    "cik": "0000073124",
    "fillingDate": "2014-04-28",
    "acceptedDate": "2014-04-28 16:35:21",
    "calendarYear": "2014",
    "period": "Q1",
    "revenue": 1090200000,
    "costOfRevenue": 52700000,
    "grossProfit": 1037500000,
    "grossProfitRatio": 0.9516602458,
    "researchAndDevelopmentExpenses": 0,
    "generalAndAdministrativeExpenses": 424000000,
    "sellingAndMarketingExpenses": 28400000,
    "sellingGeneralAndAdministrativeExpenses": 452400000,
    "otherExpenses": 315600000,
    "operatingExpenses": 768000000,
    "costAndExpenses": 820700000,
    "interestIncome": 295400000,
    "interestExpense": 49700000,
    "depreciationAndAmortization": 83500000,
    "ebitda": 353000000,
    "ebitdaratio": 0.3237937993,
    "operatingIncome": 269500000,
    "operatingIncomeRatio": 0.2472023482,
    "totalOtherIncomeExpensesNet": 0,
    "incomeBeforeTax": 269500000,
    "incomeBeforeTaxRatio": 0.2472023482,
    "incomeTaxExpense": 88100000,
    "netIncome": 181400000,
    "netIncomeRatio": 0.1663914878,
    "eps": 0.75,
    "epsdiluted": 0.75,
    "weightedAverageShsOut": 237208000,
    "weightedAverageShsOutDil": 239051000,
    "link": "https://www.sec.gov/Archives/edgar/data/73124/000119312514163062/0001193125-14-163062-index.htm",
    "finalLink": "https://www.sec.gov/Archives/edgar/data/73124/000119312514163062/d690643d10q.htm"
  },
  {
    "date": "2013-12-31",
    "symbol": "NTRS",
    "reportedCurrency": "USD",
    "cik": "0000073124",
    "fillingDate": "2014-02-26",
    "acceptedDate": "2014-02-26 16:43:54",
    "calendarYear": "2013",
    "period": "Q4",
    "revenue": 1065100000,
    "costOfRevenue": 57500000,
    "grossProfit": 1007600000,
    "grossProfitRatio": 0.9460144587,
    "researchAndDevelopmentExpenses": 0,
    "generalAndAdministrativeExpenses": 419700000,
    "sellingAndMarketingExpenses": 24400000,
    "sellingGeneralAndAdministrativeExpenses": 444100000,
    "otherExpenses": 317800000,
    "operatingExpenses": 761900000,
    "costAndExpenses": 819400000,
    "interestIncome": 302400000,
    "interestExpense": 52500000,
    "depreciationAndAmortization": 81000000,
    "ebitda": 326700000,
    "ebitdaratio": 0.3067317623,
    "operatingIncome": 245700000,
    "operatingIncomeRatio": 0.230682565,
    "totalOtherIncomeExpensesNet": 0,
    "incomeBeforeTax": 245700000,
    "incomeBeforeTaxRatio": 0.230682565,
    "incomeTaxExpense": 76000000,
    "netIncome": 169700000,
    "netIncomeRatio": 0.1593277627,
    "eps": 0.7,
    "epsdiluted": 0.7,
    "weightedAverageShsOut": 238228000,
    "weightedAverageShsOutDil": 239656000,
    "link": "https://www.sec.gov/Archives/edgar/data/73124/000119312514069870/0001193125-14-069870-index.htm",
    "finalLink": "https://www.sec.gov/Archives/edgar/data/73124/000119312514069870/d619551d10k.htm"
  },
  {
    "date": "2013-09-30",
    "symbol": "NTRS",
    "reportedCurrency": "USD",
    "cik": "0000073124",
    "fillingDate": "2013-10-25",
    "acceptedDate": "2013-10-25 14:30:28",
    "calendarYear": "2013",
    "period": "Q3",
    "revenue": 1101300000,
    "costOfRevenue": 59100000,
    "grossProfit": 1042200000,
    "grossProfitRatio": 0.9463361482,
    "researchAndDevelopmentExpenses": 0,
    "generalAndAdministrativeExpenses": 402000000,
    "sellingAndMarketingExpenses": 17900000,
    "sellingGeneralAndAdministrativeExpenses": 419900000,
    "otherExpenses": 320800000,
    "operatingExpenses": 740700000,
    "costAndExpenses": 799800000,
    "interestIncome": 291100000,
    "interestExpense": 54100000,
    "depreciationAndAmortization": 81200000,
    "ebitda": 382700000,
    "ebitdaratio": 0.347498411,
    "operatingIncome": 301500000,
    "operatingIncomeRatio": 0.2737673658,
    "totalOtherIncomeExpensesNet": 0,
    "incomeBeforeTax": 301500000,
    "incomeBeforeTaxRatio": 0.2737673658,
    "incomeTaxExpense": 95000000,
    "netIncome": 206500000,
    "netIncomeRatio": 0.1875056751,
    "eps": 0.85,
    "epsdiluted": 0.84,
    "weightedAverageShsOut": 239930000,
    "weightedAverageShsOutDil": 241331000,
    "link": "https://www.sec.gov/Archives/edgar/data/73124/000119312513411354/0001193125-13-411354-index.htm",
    "finalLink": "https://www.sec.gov/Archives/edgar/data/73124/000119312513411354/d588416d10q.htm"
  },
  {
    "date": "2013-06-30",
    "symbol": "NTRS",
    "reportedCurrency": "USD",
    "cik": "0000073124",
    "fillingDate": "2013-08-02",
    "acceptedDate": "2013-08-02 14:12:55",
    "calendarYear": "2013",
    "period": "Q2",
    "revenue": 1075700000,
    "costOfRevenue": 60200000,
    "grossProfit": 1015500000,
    "grossProfitRatio": 0.9440364414,
    "researchAndDevelopmentExpenses": 0,
    "generalAndAdministrativeExpenses": 404200000,
    "sellingAndMarketingExpenses": 20700000,
    "sellingGeneralAndAdministrativeExpenses": 424900000,
    "otherExpenses": 304800000,
    "operatingExpenses": 729700000,
    "costAndExpenses": 789900000,
    "interestIncome": 275300000,
    "interestExpense": 55200000,
    "depreciationAndAmortization": 80000000,
    "ebitda": 365800000,
    "ebitdaratio": 0.3400576369,
    "operatingIncome": 285800000,
    "operatingIncomeRatio": 0.2656874593,
    "totalOtherIncomeExpensesNet": 0,
    "incomeBeforeTax": 285800000,
    "incomeBeforeTaxRatio": 0.2656874593,
    "incomeTaxExpense": 94700000,
    "netIncome": 191100000,
    "netIncomeRatio": 0.1776517616,
    "eps": 0.78,
    "epsdiluted": 0.78,
    "weightedAverageShsOut": 239739000,
    "weightedAverageShsOutDil": 241041000,
    "link": "https://www.sec.gov/Archives/edgar/data/73124/000119312513316901/0001193125-13-316901-index.htm",
    "finalLink": "https://www.sec.gov/Archives/edgar/data/73124/000119312513316901/d542185d10q.htm"
  },
  {
    "date": "2013-03-31",
    "symbol": "NTRS",
    "reportedCurrency": "USD",
    "cik": "0000073124",
    "fillingDate": "2013-04-30",
    "acceptedDate": "2013-04-30 14:43:37",
    "calendarYear": "2013",
    "period": "Q1",
    "revenue": 1037000000,
    "costOfRevenue": 65600000,
    "grossProfit": 971400000,
    "grossProfitRatio": 0.9367405979,
    "researchAndDevelopmentExpenses": 0,
    "generalAndAdministrativeExpenses": 400700000,
    "sellingAndMarketingExpenses": 28600000,
    "sellingGeneralAndAdministrativeExpenses": 429300000,
    "otherExpenses": 299600000,
    "operatingExpenses": 728900000,
    "costAndExpenses": 794500000,
    "interestIncome": 286700000,
    "interestExpense": 60600000,
    "depreciationAndAmortization": 76300000,
    "ebitda": 318800000,
    "ebitdaratio": 0.3074252652,
    "operatingIncome": 242500000,
    "operatingIncomeRatio": 0.2338476374,
    "totalOtherIncomeExpensesNet": 0,
    "incomeBeforeTax": 242500000,
    "incomeBeforeTaxRatio": 0.2338476374,
    "incomeTaxExpense": 78500000,
    "netIncome": 164000000,
    "netIncomeRatio": 0.1581485053,
    "eps": 0.68,
    "epsdiluted": 0.67,
    "weightedAverageShsOut": 239168000,
    "weightedAverageShsOutDil": 240189000,
    "link": "https://www.sec.gov/Archives/edgar/data/73124/000119312513186607/0001193125-13-186607-index.htm",
    "finalLink": "https://www.sec.gov/Archives/edgar/data/73124/000119312513186607/d499979d10q.htm"
  },
  {
    "date": "2012-12-31",
    "symbol": "NTRS",
    "reportedCurrency": "USD",
    "cik": "0000073124",
    "fillingDate": "2013-02-26",
    "acceptedDate": "2013-02-26 14:32:01",
    "calendarYear": "2012",
    "period": "Q4",
    "revenue": 1037600000,
    "costOfRevenue": 72900000,
    "grossProfit": 964700000,
    "grossProfitRatio": 0.9297417116,
    "researchAndDevelopmentExpenses": 0,
    "generalAndAdministrativeExpenses": 447500000,
    "sellingAndMarketingExpenses": 87800000,
    "sellingGeneralAndAdministrativeExpenses": 535300000,
    "otherExpenses": 206200000,
    "operatingExpenses": 741500000,
    "costAndExpenses": 814400000,
    "interestIncome": 302100000,
    "interestExpense": 67900000,
    "depreciationAndAmortization": 74000000,
    "ebitda": 297200000,
    "ebitdaratio": 0.2864302236,
    "operatingIncome": 223200000,
    "operatingIncomeRatio": 0.2151117965,
    "totalOtherIncomeExpensesNet": 0,
    "incomeBeforeTax": 223200000,
    "incomeBeforeTaxRatio": 0.2151117965,
    "incomeTaxExpense": 55500000,
    "netIncome": 167700000,
    "netIncomeRatio": 0.1616229761,
    "eps": 0.69,
    "epsdiluted": 0.69,
    "weightedAverageShsOut": 239456000,
    "weightedAverageShsOutDil": 239916000,
    "link": "https://www.sec.gov/Archives/edgar/data/73124/000119312513076407/0001193125-13-076407-index.htm",
    "finalLink": "https://www.sec.gov/Archives/edgar/data/73124/000119312513076407/d417421d10k.htm"
  },
  {
    "date": "2012-09-30",
    "symbol": "NTRS",
    "reportedCurrency": "USD",
    "cik": "0000073124",
    "fillingDate": "2012-10-26",
    "acceptedDate": "2012-10-26 14:18:42",
    "calendarYear": "2012",
    "period": "Q3",
    "revenue": 1050000000,
    "costOfRevenue": 87500000,
    "grossProfit": 962500000,
    "grossProfitRatio": 0.9166666667,
    "researchAndDevelopmentExpenses": 0,
    "generalAndAdministrativeExpenses": 393600000,
    "sellingAndMarketingExpenses": 16400000,
    "sellingGeneralAndAdministrativeExpenses": 410000000,
    "otherExpenses": 286400000,
    "operatingExpenses": 696400000,
    "costAndExpenses": 783900000,
    "interestIncome": 323100000,
    "interestExpense": 77500000,
    "depreciationAndAmortization": 70400000,
    "ebitda": 336500000,
    "ebitdaratio": 0.3204761905,
    "operatingIncome": 266100000,
    "operatingIncomeRatio": 0.2534285714,
    "totalOtherIncomeExpensesNet": 0,
    "incomeBeforeTax": 266100000,
    "incomeBeforeTaxRatio": 0.2534285714,
    "incomeTaxExpense": 87300000,
    "netIncome": 178800000,
    "netIncomeRatio": 0.1702857143,
    "eps": 0.73,
    "epsdiluted": 0.73,
    "weightedAverageShsOut": 240237000,
    "weightedAverageShsOutDil": 240697000,
    "link": "https://www.sec.gov/Archives/edgar/data/73124/000119312512437249/0001193125-12-437249-index.htm",
    "finalLink": "https://www.sec.gov/Archives/edgar/data/73124/000119312512437249/d400162d10q.htm"
  },
  {
    "date": "2012-06-30",
    "symbol": "NTRS",
    "reportedCurrency": "USD",
    "cik": "0000073124",
    "fillingDate": "2012-07-27",
    "acceptedDate": "2012-07-27 14:01:40",
    "calendarYear": "2012",
    "period": "Q2",
    "revenue": 1055900000,
    "costOfRevenue": 72400000,
    "grossProfit": 983500000,
    "grossProfitRatio": 0.9314329008,
    "researchAndDevelopmentExpenses": 0,
    "generalAndAdministrativeExpenses": 393300000,
    "sellingAndMarketingExpenses": 20400000,
    "sellingGeneralAndAdministrativeExpenses": 413700000,
    "otherExpenses": 303600000,
    "operatingExpenses": 717300000,
    "costAndExpenses": 789700000,
    "interestIncome": 321500000,
    "interestExpense": 67400000,
    "depreciationAndAmortization": 73400000,
    "ebitda": 339600000,
    "ebitdaratio": 0.3216213657,
    "operatingIncome": 266200000,
    "operatingIncomeRatio": 0.2521072071,
    "totalOtherIncomeExpensesNet": 0,
    "incomeBeforeTax": 266200000,
    "incomeBeforeTaxRatio": 0.2521072071,
    "incomeTaxExpense": 86600000,
    "netIncome": 179600000,
    "netIncomeRatio": 0.1700918648,
    "eps": 0.73,
    "epsdiluted": 0.73,
    "weightedAverageShsOut": 240901000,
    "weightedAverageShsOutDil": 241368000,
    "link": "https://www.sec.gov/Archives/edgar/data/73124/000119312512319119/0001193125-12-319119-index.htm",
    "finalLink": "https://www.sec.gov/Archives/edgar/data/73124/000119312512319119/d354797d10q.htm"
  },
  {
    "date": "2012-03-31",
    "symbol": "NTRS",
    "reportedCurrency": "USD",
    "cik": "0000073124",
    "fillingDate": "2012-04-30",
    "acceptedDate": "2012-04-30 15:58:39",
    "calendarYear": "2012",
    "period": "Q1",
    "revenue": 1050000000,
    "costOfRevenue": 89600000,
    "grossProfit": 960400000,
    "grossProfitRatio": 0.9146666667,
    "researchAndDevelopmentExpenses": 0,
    "generalAndAdministrativeExpenses": 403700000,
    "sellingAndMarketingExpenses": 28300000,
    "sellingGeneralAndAdministrativeExpenses": 432000000,
    "otherExpenses": 291600000,
    "operatingExpenses": 723600000,
    "costAndExpenses": 813200000,
    "interestIncome": 341000000,
    "interestExpense": 84600000,
    "depreciationAndAmortization": 71600000,
    "ebitda": 308400000,
    "ebitdaratio": 0.2937142857,
    "operatingIncome": 236800000,
    "operatingIncomeRatio": 0.2255238095,
    "totalOtherIncomeExpensesNet": 0,
    "incomeBeforeTax": 236800000,
    "incomeBeforeTaxRatio": 0.2255238095,
    "incomeTaxExpense": 75600000,
    "netIncome": 161200000,
    "netIncomeRatio": 0.1535238095,
    "eps": 0.66,
    "epsdiluted": 0.66,
    "weightedAverageShsOut": 241090000,
    "weightedAverageShsOutDil": 241556000,
    "link": "https://www.sec.gov/Archives/edgar/data/73124/000119312512195882/0001193125-12-195882-index.htm",
    "finalLink": "https://www.sec.gov/Archives/edgar/data/73124/000119312512195882/d315121d10q.htm"
  },
  {
    "date": "2011-12-31",
    "symbol": "NTRS",
    "reportedCurrency": "USD",
    "cik": "0000073124",
    "fillingDate": "2012-02-24",
    "acceptedDate": "2012-02-24 17:06:53",
    "calendarYear": "2011",
    "period": "Q4",
    "revenue": 1038600000,
    "costOfRevenue": 95500000,
    "grossProfit": 943100000,
    "grossProfitRatio": 0.9080492971,
    "researchAndDevelopmentExpenses": 0,
    "generalAndAdministrativeExpenses": 478300000,
    "sellingAndMarketingExpenses": 82100000,
    "sellingGeneralAndAdministrativeExpenses": 560400000,
    "otherExpenses": 211300000,
    "operatingExpenses": 771700000,
    "costAndExpenses": 867200000,
    "interestIncome": 354800000,
    "interestExpense": 83000000,
    "depreciationAndAmortization": 68500000,
    "ebitda": 239900000,
    "ebitdaratio": 0.2309840169,
    "operatingIncome": 171400000,
    "operatingIncomeRatio": 0.1650298479,
    "totalOtherIncomeExpensesNet": 0,
    "incomeBeforeTax": 171400000,
    "incomeBeforeTaxRatio": 0.1650298479,
    "incomeTaxExpense": 41200000,
    "netIncome": 130200000,
    "netIncomeRatio": 0.125361063,
    "eps": 0.53,
    "epsdiluted": 0.53,
    "weightedAverageShsOut": 241020000,
    "weightedAverageShsOutDil": 241196000,
    "link": "https://www.sec.gov/Archives/edgar/data/73124/000119312512078391/0001193125-12-078391-index.htm",
    "finalLink": "https://www.sec.gov/Archives/edgar/data/73124/000119312512078391/d238252d10k.htm"
  },
  {
    "date": "2011-09-30",
    "symbol": "NTRS",
    "reportedCurrency": "USD",
    "cik": "0000073124",
    "fillingDate": "2011-10-28",
    "acceptedDate": "2011-10-28 16:56:25",
    "calendarYear": "2011",
    "period": "Q3",
    "revenue": 1061800000,
    "costOfRevenue": 107800000,
    "grossProfit": 954000000,
    "grossProfitRatio": 0.8984742889,
    "researchAndDevelopmentExpenses": 0,
    "generalAndAdministrativeExpenses": 377800000,
    "sellingAndMarketingExpenses": 0,
    "sellingGeneralAndAdministrativeExpenses": 377800000,
    "otherExpenses": 323400000,
    "operatingExpenses": 701200000,
    "costAndExpenses": 809000000,
    "interestIncome": 347100000,
    "interestExpense": 90300000,
    "depreciationAndAmortization": 65800000,
    "ebitda": 318600000,
    "ebitdaratio": 0.3000565078,
    "operatingIncome": 252800000,
    "operatingIncomeRatio": 0.2380862686,
    "totalOtherIncomeExpensesNet": 0,
    "incomeBeforeTax": 252800000,
    "incomeBeforeTaxRatio": 0.2380862686,
    "incomeTaxExpense": 82400000,
    "netIncome": 170400000,
    "netIncomeRatio": 0.1604822,
    "eps": 0.7,
    "epsdiluted": 0.7,
    "weightedAverageShsOut": 240991000,
    "weightedAverageShsOutDil": 241194000,
    "link": "https://www.sec.gov/Archives/edgar/data/73124/000119312511286394/0001193125-11-286394-index.htm",
    "finalLink": "https://www.sec.gov/Archives/edgar/data/73124/000119312511286394/d232645d10q.htm"
  },
  {
    "date": "2011-06-30",
    "symbol": "NTRS",
    "reportedCurrency": "USD",
    "cik": "0000073124",
    "fillingDate": "2011-07-29",
    "acceptedDate": "2011-07-29 14:37:44",
    "calendarYear": "2011",
    "period": "Q2",
    "revenue": 1058400000,
    "costOfRevenue": 123600000,
    "grossProfit": 934800000,
    "grossProfitRatio": 0.8832199546,
    "researchAndDevelopmentExpenses": 0,
    "generalAndAdministrativeExpenses": 387400000,
    "sellingAndMarketingExpenses": 0,
    "sellingGeneralAndAdministrativeExpenses": 387400000,
    "otherExpenses": 317900000,
    "operatingExpenses": 705300000,
    "costAndExpenses": 828900000,
    "interestIncome": 359700000,
    "interestExpense": 113600000,
    "depreciationAndAmortization": 67300000,
    "ebitda": 296800000,
    "ebitdaratio": 0.2804232804,
    "operatingIncome": 229500000,
    "operatingIncomeRatio": 0.2168367347,
    "totalOtherIncomeExpensesNet": 0,
    "incomeBeforeTax": 229500000,
    "incomeBeforeTaxRatio": 0.2168367347,
    "incomeTaxExpense": 77500000,
    "netIncome": 152000000,
    "netIncomeRatio": 0.1436130008,
    "eps": 0.62,
    "epsdiluted": 0.62,
    "weightedAverageShsOut": 241484000,
    "weightedAverageShsOutDil": 241912000,
    "link": "https://www.sec.gov/Archives/edgar/data/73124/000119312511202586/0001193125-11-202586-index.htm",
    "finalLink": "https://www.sec.gov/Archives/edgar/data/73124/000119312511202586/d10q.htm"
  },
  {
    "date": "2011-03-31",
    "symbol": "NTRS",
    "reportedCurrency": "USD",
    "cik": "0000073124",
    "fillingDate": "2011-04-29",
    "acceptedDate": "2011-04-29 15:23:14",
    "calendarYear": "2011",
    "period": "Q1",
    "revenue": 1010600000,
    "costOfRevenue": 127700000,
    "grossProfit": 882900000,
    "grossProfitRatio": 0.8736394221,
    "researchAndDevelopmentExpenses": 0,
    "generalAndAdministrativeExpenses": 348800000,
    "sellingAndMarketingExpenses": 0,
    "sellingGeneralAndAdministrativeExpenses": 348800000,
    "otherExpenses": 304100000,
    "operatingExpenses": 652900000,
    "costAndExpenses": 780600000,
    "interestIncome": 347100000,
    "interestExpense": 112700000,
    "depreciationAndAmortization": 63500000,
    "ebitda": 293500000,
    "ebitdaratio": 0.2904215318,
    "operatingIncome": 230000000,
    "operatingIncomeRatio": 0.2275875717,
    "totalOtherIncomeExpensesNet": 0,
    "incomeBeforeTax": 230000000,
    "incomeBeforeTaxRatio": 0.2275875717,
    "incomeTaxExpense": 79000000,
    "netIncome": 151000000,
    "netIncomeRatio": 0.1494161884,
    "eps": 0.62,
    "epsdiluted": 0.61,
    "weightedAverageShsOut": 242126000,
    "weightedAverageShsOutDil": 242970000,
    "link": "https://www.sec.gov/Archives/edgar/data/73124/000119312511118294/0001193125-11-118294-index.htm",
    "finalLink": "https://www.sec.gov/Archives/edgar/data/73124/000119312511118294/d10q.htm"
  },
  {
    "date": "2010-12-31",
    "symbol": "NTRS",
    "reportedCurrency": "USD",
    "cik": "0000073124",
    "fillingDate": "2011-02-25",
    "acceptedDate": "2011-02-25 17:06:19",
    "calendarYear": "2010",
    "period": "Q4",
    "revenue": 1008600000,
    "costOfRevenue": 152300000,
    "grossProfit": 856300000,
    "grossProfitRatio": 0.8489986119,
    "researchAndDevelopmentExpenses": 0,
    "generalAndAdministrativeExpenses": 408800000,
    "sellingAndMarketingExpenses": 81000000,
    "sellingGeneralAndAdministrativeExpenses": 489800000,
    "otherExpenses": 152100000,
    "operatingExpenses": 641900000,
    "costAndExpenses": 794200000,
    "interestIncome": 334500000,
    "interestExpense": 112300000,
    "depreciationAndAmortization": 67000000,
    "ebitda": 281400000,
    "ebitdaratio": 0.2790005949,
    "operatingIncome": 214400000,
    "operatingIncomeRatio": 0.2125718818,
    "totalOtherIncomeExpensesNet": 0,
    "incomeBeforeTax": 214400000,
    "incomeBeforeTaxRatio": 0.2125718818,
    "incomeTaxExpense": 57300000,
    "netIncome": 157100000,
    "netIncomeRatio": 0.15576046,
    "eps": 0.64,
    "epsdiluted": 0.64,
    "weightedAverageShsOut": 242214000,
    "weightedAverageShsOutDil": 242743000,
    "link": "https://www.sec.gov/Archives/edgar/data/73124/000119312511047592/0001193125-11-047592-index.htm",
    "finalLink": "https://www.sec.gov/Archives/edgar/data/73124/000119312511047592/d10k.htm"
  },
  {
    "date": "2010-09-30",
    "symbol": "NTRS",
    "reportedCurrency": "USD",
    "cik": "0000073124",
    "fillingDate": "2010-10-27",
    "acceptedDate": "2010-10-27 16:10:18",
    "calendarYear": "2010",
    "period": "Q3",
    "revenue": 986200000,
    "costOfRevenue": 126700000,
    "grossProfit": 859500000,
    "grossProfitRatio": 0.8715270736,
    "researchAndDevelopmentExpenses": 0,
    "generalAndAdministrativeExpenses": 333300000,
    "sellingAndMarketingExpenses": 0,
    "sellingGeneralAndAdministrativeExpenses": 333300000,
    "otherExpenses": 288800000,
    "operatingExpenses": 622100000,
    "costAndExpenses": 748800000,
    "interestIncome": 330200000,
    "interestExpense": 96700000,
    "depreciationAndAmortization": 63800000,
    "ebitda": 301200000,
    "ebitdaratio": 0.3054147232,
    "operatingIncome": 237400000,
    "operatingIncomeRatio": 0.2407219631,
    "totalOtherIncomeExpensesNet": 0,
    "incomeBeforeTax": 237400000,
    "incomeBeforeTaxRatio": 0.2407219631,
    "incomeTaxExpense": 81800000,
    "netIncome": 155600000,
    "netIncomeRatio": 0.1577773271,
    "eps": 0.64,
    "epsdiluted": 0.64,
    "weightedAverageShsOut": 242124000,
    "weightedAverageShsOutDil": 242158000,
    "link": "https://www.sec.gov/Archives/edgar/data/73124/000119312510237984/0001193125-10-237984-index.htm",
    "finalLink": "https://www.sec.gov/Archives/edgar/data/73124/000119312510237984/d10q.htm"
  },
  {
    "date": "2010-06-30",
    "symbol": "NTRS",
    "reportedCurrency": "USD",
    "cik": "0000073124",
    "fillingDate": "2010-07-30",
    "acceptedDate": "2010-07-30 14:38:37",
    "calendarYear": "2010",
    "period": "Q2",
    "revenue": 1049300000,
    "costOfRevenue": 135100000,
    "grossProfit": 914200000,
    "grossProfitRatio": 0.8712474983,
    "researchAndDevelopmentExpenses": 0,
    "generalAndAdministrativeExpenses": 337000000,
    "sellingAndMarketingExpenses": 0,
    "sellingGeneralAndAdministrativeExpenses": 337000000,
    "otherExpenses": 277400000,
    "operatingExpenses": 614400000,
    "costAndExpenses": 749500000,
    "interestIncome": 317900000,
    "interestExpense": 85100000,
    "depreciationAndAmortization": 59500000,
    "ebitda": 359300000,
    "ebitdaratio": 0.3424187554,
    "operatingIncome": 299800000,
    "operatingIncomeRatio": 0.2857142857,
    "totalOtherIncomeExpensesNet": 0,
    "incomeBeforeTax": 299800000,
    "incomeBeforeTaxRatio": 0.2857142857,
    "incomeTaxExpense": 100200000,
    "netIncome": 199600000,
    "netIncomeRatio": 0.1902220528,
    "eps": 0.82,
    "epsdiluted": 0.82,
    "weightedAverageShsOut": 242046000,
    "weightedAverageShsOutDil": 242597000,
    "link": "https://www.sec.gov/Archives/edgar/data/73124/000119312510172080/0001193125-10-172080-index.htm",
    "finalLink": "https://www.sec.gov/Archives/edgar/data/73124/000119312510172080/d10q.htm"
  },
  {
    "date": "2010-03-31",
    "symbol": "NTRS",
    "reportedCurrency": "USD",
    "cik": "0000073124",
    "fillingDate": "2010-04-30",
    "acceptedDate": "2010-04-30 14:22:02",
    "calendarYear": "2010",
    "period": "Q1",
    "revenue": 981800000,
    "costOfRevenue": 123900000,
    "grossProfit": 857900000,
    "grossProfitRatio": 0.8738032186,
    "researchAndDevelopmentExpenses": 0,
    "generalAndAdministrativeExpenses": 337800000,
    "sellingAndMarketingExpenses": 0,
    "sellingGeneralAndAdministrativeExpenses": 337800000,
    "otherExpenses": 281900000,
    "operatingExpenses": 619700000,
    "costAndExpenses": 743600000,
    "interestIncome": 314300000,
    "interestExpense": 83900000,
    "depreciationAndAmortization": 59200000,
    "ebitda": 297400000,
    "ebitdaratio": 0.3029130169,
    "operatingIncome": 238200000,
    "operatingIncomeRatio": 0.242615604,
    "totalOtherIncomeExpensesNet": 0,
    "incomeBeforeTax": 238200000,
    "incomeBeforeTaxRatio": 0.242615604,
    "incomeTaxExpense": 81000000,
    "netIncome": 157200000,
    "netIncomeRatio": 0.1601140762,
    "eps": 0.65,
    "epsdiluted": 0.64,
    "weightedAverageShsOut": 241724000,
    "weightedAverageShsOutDil": 242513000,
    "link": "https://www.sec.gov/Archives/edgar/data/73124/000119312510101428/0001193125-10-101428-index.htm",
    "finalLink": "https://www.sec.gov/Archives/edgar/data/73124/000119312510101428/d10q.htm"
  },
  {
    "date": "2009-12-31",
    "symbol": "NTRS",
    "reportedCurrency": "USD",
    "cik": "0000073124",
    "fillingDate": "2010-02-26",
    "acceptedDate": "2010-02-26 15:13:15",
    "calendarYear": "2009",
    "period": "Q4",
    "revenue": 1139800000,
    "costOfRevenue": 130100000,
    "grossProfit": 1009700000,
    "grossProfitRatio": 0.8858571679,
    "researchAndDevelopmentExpenses": 0,
    "generalAndAdministrativeExpenses": 410100000,
    "sellingAndMarketingExpenses": 66600000,
    "sellingGeneralAndAdministrativeExpenses": 476700000,
    "otherExpenses": 253900000,
    "operatingExpenses": 730600000,
    "costAndExpenses": 860700000,
    "interestIncome": 324300000,
    "interestExpense": 90100000,
    "depreciationAndAmortization": 66600000,
    "ebitda": 345700000,
    "ebitdaratio": 0.3032988244,
    "operatingIncome": 279100000,
    "operatingIncomeRatio": 0.2448675206,
    "totalOtherIncomeExpensesNet": 0,
    "incomeBeforeTax": 279100000,
    "incomeBeforeTaxRatio": 0.2448675206,
    "incomeTaxExpense": 78800000,
    "netIncome": 200300000,
    "netIncomeRatio": 0.1757325847,
    "eps": 0.82,
    "epsdiluted": 0.82,
    "weightedAverageShsOut": 241554000,
    "weightedAverageShsOutDil": 242023000,
    "link": "https://www.sec.gov/Archives/edgar/data/73124/000119312510042685/0001193125-10-042685-index.htm",
    "finalLink": "https://www.sec.gov/Archives/edgar/data/73124/000119312510042685/d10k.htm"
  },
  {
    "date": "2009-09-30",
    "symbol": "NTRS",
    "reportedCurrency": "USD",
    "cik": "0000073124",
    "fillingDate": "2009-10-30",
    "acceptedDate": "2009-10-30 14:25:10",
    "calendarYear": "2009",
    "period": "Q3",
    "revenue": 1012600000,
    "costOfRevenue": 154900000,
    "grossProfit": 857700000,
    "grossProfitRatio": 0.8470274541,
    "researchAndDevelopmentExpenses": 0,
    "generalAndAdministrativeExpenses": 343200000,
    "sellingAndMarketingExpenses": 0,
    "sellingGeneralAndAdministrativeExpenses": 343200000,
    "otherExpenses": 256000000,
    "operatingExpenses": 599200000,
    "costAndExpenses": 754100000,
    "interestIncome": 333200000,
    "interestExpense": 94900000,
    "depreciationAndAmortization": 62800000,
    "ebitda": 321300000,
    "ebitdaratio": 0.3173019949,
    "operatingIncome": 258500000,
    "operatingIncomeRatio": 0.2552834288,
    "totalOtherIncomeExpensesNet": 0,
    "incomeBeforeTax": 258500000,
    "incomeBeforeTaxRatio": 0.2552834288,
    "incomeTaxExpense": 70600000,
    "netIncome": 187900000,
    "netIncomeRatio": 0.1855619198,
    "eps": 0.77,
    "epsdiluted": 0.77,
    "weightedAverageShsOut": 241416000,
    "weightedAverageShsOutDil": 242631000,
    "link": "https://www.sec.gov/Archives/edgar/data/73124/000119312509218667/0001193125-09-218667-index.htm",
    "finalLink": "https://www.sec.gov/Archives/edgar/data/73124/000119312509218667/d10q.htm"
  },
  {
    "date": "2009-06-30",
    "symbol": "NTRS",
    "reportedCurrency": "USD",
    "cik": "0000073124",
    "fillingDate": "2009-07-29",
    "acceptedDate": "2009-07-29 16:55:45",
    "calendarYear": "2009",
    "period": "Q2",
    "revenue": 1139700000,
    "costOfRevenue": 164500000,
    "grossProfit": 975200000,
    "grossProfitRatio": 0.8556637712,
    "researchAndDevelopmentExpenses": 0,
    "generalAndAdministrativeExpenses": 349800000,
    "sellingAndMarketingExpenses": 0,
    "sellingGeneralAndAdministrativeExpenses": 349800000,
    "otherExpenses": 152900000,
    "operatingExpenses": 502700000,
    "costAndExpenses": 667200000,
    "interestIncome": 354700000,
    "interestExpense": 104500000,
    "depreciationAndAmortization": 59000000,
    "ebitda": 531500000,
    "ebitdaratio": 0.4663507941,
    "operatingIncome": 472500000,
    "operatingIncomeRatio": 0.4145827849,
    "totalOtherIncomeExpensesNet": 0,
    "incomeBeforeTax": 472500000,
    "incomeBeforeTaxRatio": 0.4145827849,
    "incomeTaxExpense": 158300000,
    "netIncome": 314200000,
    "netIncomeRatio": 0.2756865842,
    "eps": 0.95,
    "epsdiluted": 0.95,
    "weightedAverageShsOut": 235455000,
    "weightedAverageShsOutDil": 236346000,
    "link": "https://www.sec.gov/Archives/edgar/data/73124/000119312509158232/0001193125-09-158232-index.htm",
    "finalLink": "https://www.sec.gov/Archives/edgar/data/73124/000119312509158232/d10q.htm"
  },
  {
    "date": "2009-03-31",
    "symbol": "NTRS",
    "reportedCurrency": "USD",
    "cik": "0000073124",
    "fillingDate": "2009-04-24",
    "acceptedDate": "2009-04-24 17:15:46",
    "calendarYear": "2009",
    "period": "Q1",
    "revenue": 1010300000,
    "costOfRevenue": 171700000,
    "grossProfit": 838600000,
    "grossProfitRatio": 0.8300504801,
    "researchAndDevelopmentExpenses": 0,
    "generalAndAdministrativeExpenses": 324100000,
    "sellingAndMarketingExpenses": 0,
    "sellingGeneralAndAdministrativeExpenses": 324100000,
    "otherExpenses": 269400000,
    "operatingExpenses": 593500000,
    "costAndExpenses": 765200000,
    "interestIncome": 393800000,
    "interestExpense": 116700000,
    "depreciationAndAmortization": 55300000,
    "ebitda": 300400000,
    "ebitdaratio": 0.2973374245,
    "operatingIncome": 245100000,
    "operatingIncomeRatio": 0.2426012076,
    "totalOtherIncomeExpensesNet": 0,
    "incomeBeforeTax": 245100000,
    "incomeBeforeTaxRatio": 0.2426012076,
    "incomeTaxExpense": 83300000,
    "netIncome": 161800000,
    "netIncomeRatio": 0.1601504504,
    "eps": 0.62,
    "epsdiluted": 0.61,
    "weightedAverageShsOut": 223357000,
    "weightedAverageShsOutDil": 224401000,
    "link": "https://www.sec.gov/Archives/edgar/data/73124/000119312509087113/0001193125-09-087113-index.htm",
    "finalLink": "https://www.sec.gov/Archives/edgar/data/73124/000119312509087113/d10q.htm"
  },
  {
    "date": "2008-12-31",
    "symbol": "NTRS",
    "reportedCurrency": "USD",
    "cik": "0000073124",
    "fillingDate": "2009-02-27",
    "acceptedDate": "2009-02-27 13:16:37",
    "calendarYear": "2008",
    "period": "Q4",
    "revenue": 1200200000,
    "costOfRevenue": 295500000,
    "grossProfit": 904700000,
    "grossProfitRatio": 0.7537910348,
    "researchAndDevelopmentExpenses": 0,
    "generalAndAdministrativeExpenses": 361600000,
    "sellingAndMarketingExpenses": 87800000,
    "sellingGeneralAndAdministrativeExpenses": 449400000,
    "otherExpenses": -67000000,
    "operatingExpenses": 382400000,
    "costAndExpenses": 677900000,
    "interestIncome": 571600000,
    "interestExpense": 235500000,
    "depreciationAndAmortization": 61400000,
    "ebitda": 583700000,
    "ebitdaratio": 0.4863356107,
    "operatingIncome": 522300000,
    "operatingIncomeRatio": 0.4351774704,
    "totalOtherIncomeExpensesNet": 0,
    "incomeBeforeTax": 522300000,
    "incomeBeforeTaxRatio": 0.4351774704,
    "incomeTaxExpense": 180000000,
    "netIncome": 342300000,
    "netIncomeRatio": 0.2852024663,
    "eps": 1.48,
    "epsdiluted": 1.47,
    "weightedAverageShsOut": 222941000,
    "weightedAverageShsOutDil": 224706000,
    "link": "https://www.sec.gov/Archives/edgar/data/73124/000119312509040606/0001193125-09-040606-index.htm",
    "finalLink": "https://www.sec.gov/Archives/edgar/data/73124/000119312509040606/d10k.htm"
  },
  {
    "date": "2008-09-30",
    "symbol": "NTRS",
    "reportedCurrency": "USD",
    "cik": "0000073124",
    "fillingDate": "2008-10-31",
    "acceptedDate": "2008-10-31 15:53:17",
    "calendarYear": "2008",
    "period": "Q3",
    "revenue": 1313700000,
    "costOfRevenue": 412500000,
    "grossProfit": 901200000,
    "grossProfitRatio": 0.6860013702,
    "researchAndDevelopmentExpenses": 0,
    "generalAndAdministrativeExpenses": 282700000,
    "sellingAndMarketingExpenses": 0,
    "sellingGeneralAndAdministrativeExpenses": 282700000,
    "otherExpenses": 871300000,
    "operatingExpenses": 1154000000,
    "costAndExpenses": 1566500000,
    "interestIncome": 640900000,
    "interestExpense": 387500000,
    "depreciationAndAmortization": 55300000,
    "ebitda": -197500000,
    "ebitdaratio": -0.1503387379,
    "operatingIncome": -252800000,
    "operatingIncomeRatio": -0.1924335845,
    "totalOtherIncomeExpensesNet": 0,
    "incomeBeforeTax": -252800000,
    "incomeBeforeTaxRatio": -0.1924335845,
    "incomeTaxExpense": -104500000,
    "netIncome": -148300000,
    "netIncomeRatio": -0.112887265,
    "eps": -0.67,
    "epsdiluted": -0.67,
    "weightedAverageShsOut": 221899000,
    "weightedAverageShsOutDil": 221899000,
    "link": "https://www.sec.gov/Archives/edgar/data/73124/000119312508221552/0001193125-08-221552-index.htm",
    "finalLink": "https://www.sec.gov/Archives/edgar/data/73124/000119312508221552/d10q.htm"
  },
  {
    "date": "2008-06-30",
    "symbol": "NTRS",
    "reportedCurrency": "USD",
    "cik": "0000073124",
    "fillingDate": "2008-07-31",
    "acceptedDate": "2008-07-31 14:22:14",
    "calendarYear": "2008",
    "period": "Q2",
    "revenue": 1434200000,
    "costOfRevenue": 362800000,
    "grossProfit": 1071400000,
    "grossProfitRatio": 0.7470366755,
    "researchAndDevelopmentExpenses": 0,
    "generalAndAdministrativeExpenses": 368700000,
    "sellingAndMarketingExpenses": 0,
    "sellingGeneralAndAdministrativeExpenses": 368700000,
    "otherExpenses": 274600000,
    "operatingExpenses": 643300000,
    "costAndExpenses": 1006100000,
    "interestIncome": 588900000,
    "interestExpense": 352800000,
    "depreciationAndAmortization": 52800000,
    "ebitda": 480900000,
    "ebitdaratio": 0.335308883,
    "operatingIncome": 428100000,
    "operatingIncomeRatio": 0.2984939339,
    "totalOtherIncomeExpensesNet": 0,
    "incomeBeforeTax": 428100000,
    "incomeBeforeTaxRatio": 0.2984939339,
    "incomeTaxExpense": 212500000,
    "netIncome": 215600000,
    "netIncomeRatio": 0.1503277088,
    "eps": 0.97,
    "epsdiluted": 0.96,
    "weightedAverageShsOut": 220604000,
    "weightedAverageShsOutDil": 223869000,
    "link": "https://www.sec.gov/Archives/edgar/data/73124/000119312508162414/0001193125-08-162414-index.htm",
    "finalLink": "https://www.sec.gov/Archives/edgar/data/73124/000119312508162414/d10q.htm"
  },
  {
    "date": "2008-03-31",
    "symbol": "NTRS",
    "reportedCurrency": "USD",
    "cik": "0000073124",
    "fillingDate": "2008-05-05",
    "acceptedDate": "2008-05-05 17:19:56",
    "calendarYear": "2008",
    "period": "Q1",
    "revenue": 1557000000,
    "costOfRevenue": 443600000,
    "grossProfit": 1113400000,
    "grossProfitRatio": 0.7150931278,
    "researchAndDevelopmentExpenses": 0,
    "generalAndAdministrativeExpenses": 343500000,
    "sellingAndMarketingExpenses": 0,
    "sellingGeneralAndAdministrativeExpenses": 343500000,
    "otherExpenses": 191800000,
    "operatingExpenses": 535300000,
    "costAndExpenses": 978900000,
    "interestIncome": 677100000,
    "interestExpense": 423600000,
    "depreciationAndAmortization": 50900000,
    "ebitda": 629000000,
    "ebitdaratio": 0.4039820167,
    "operatingIncome": 578100000,
    "operatingIncomeRatio": 0.3712909441,
    "totalOtherIncomeExpensesNet": 0,
    "incomeBeforeTax": 578100000,
    "incomeBeforeTaxRatio": 0.3712909441,
    "incomeTaxExpense": 192900000,
    "netIncome": 385200000,
    "netIncomeRatio": 0.2473988439,
    "eps": 1.73,
    "epsdiluted": 1.71,
    "weightedAverageShsOut": 220320000,
    "weightedAverageShsOutDil": 223529000,
    "link": "https://www.sec.gov/Archives/edgar/data/73124/000119312508102516/0001193125-08-102516-index.htm",
    "finalLink": "https://www.sec.gov/Archives/edgar/data/73124/000119312508102516/d10q.htm"
  },
  {
    "date": "2007-12-31",
    "symbol": "NTRS",
    "reportedCurrency": "USD",
    "cik": "0000073124",
    "fillingDate": "2008-02-28",
    "acceptedDate": "2008-02-28 15:51:22",
    "calendarYear": "2007",
    "period": "Q4",
    "revenue": 1438900000,
    "costOfRevenue": 490900000,
    "grossProfit": 948000000,
    "grossProfitRatio": 0.6588366113,
    "researchAndDevelopmentExpenses": 0,
    "generalAndAdministrativeExpenses": 345100000,
    "sellingAndMarketingExpenses": 77000000,
    "sellingGeneralAndAdministrativeExpenses": 422100000,
    "otherExpenses": 358200000,
    "operatingExpenses": 780300000,
    "costAndExpenses": 1271200000,
    "interestIncome": 715000000,
    "interestExpense": 482900000,
    "depreciationAndAmortization": 281900000,
    "ebitda": 449600000,
    "ebitdaratio": 0.3124609076,
    "operatingIncome": 167700000,
    "operatingIncomeRatio": 0.1165473626,
    "totalOtherIncomeExpensesNet": 0,
    "incomeBeforeTax": 167700000,
    "incomeBeforeTaxRatio": 0.1165473626,
    "incomeTaxExpense": 42700000,
    "netIncome": 125000000,
    "netIncomeRatio": 0.086871916,
    "eps": 0.57,
    "epsdiluted": 0.57,
    "weightedAverageShsOut": 220320000,
    "weightedAverageShsOutDil": 220320000,
    "link": "https://www.sec.gov/Archives/edgar/data/73124/000119312508041690/0001193125-08-041690-index.htm",
    "finalLink": "https://www.sec.gov/Archives/edgar/data/73124/000119312508041690/d10k.htm"
  },
  {
    "date": "2007-09-30",
    "symbol": "NTRS",
    "reportedCurrency": "USD",
    "cik": "0000073124",
    "fillingDate": "2007-10-30",
    "acceptedDate": "2007-10-30 12:48:34",
    "calendarYear": "2007",
    "period": "Q3",
    "revenue": 1381400000,
    "costOfRevenue": 513700000,
    "grossProfit": 867700000,
    "grossProfitRatio": 0.6281308817,
    "researchAndDevelopmentExpenses": 0,
    "generalAndAdministrativeExpenses": 316600000,
    "sellingAndMarketingExpenses": 0,
    "sellingGeneralAndAdministrativeExpenses": 316600000,
    "otherExpenses": 250000000,
    "operatingExpenses": 566600000,
    "costAndExpenses": 1080300000,
    "interestIncome": 720900000,
    "interestExpense": 507700000,
    "depreciationAndAmortization": -35000000,
    "ebitda": 266100000,
    "ebitdaratio": 0.1926306645,
    "operatingIncome": 301100000,
    "operatingIncomeRatio": 0.2179672796,
    "totalOtherIncomeExpensesNet": 0,
    "incomeBeforeTax": 301100000,
    "incomeBeforeTaxRatio": 0.2179672796,
    "incomeTaxExpense": 92800000,
    "netIncome": 208300000,
    "netIncomeRatio": 0.1507890546,
    "eps": 0.95,
    "epsdiluted": 0.93,
    "weightedAverageShsOut": 219915000,
    "weightedAverageShsOutDil": 224186000,
    "link": "https://www.sec.gov/Archives/edgar/data/73124/000119312507229329/0001193125-07-229329-index.htm",
    "finalLink": "https://www.sec.gov/Archives/edgar/data/73124/000119312507229329/d10q.htm"
  },
  {
    "date": "2007-06-30",
    "symbol": "NTRS",
    "reportedCurrency": "USD",
    "cik": "0000073124",
    "fillingDate": "2007-07-31",
    "acceptedDate": "2007-07-31 15:21:46",
    "calendarYear": "2007",
    "period": "Q2",
    "revenue": 1338100000,
    "costOfRevenue": 473100000,
    "grossProfit": 865000000,
    "grossProfitRatio": 0.6464389806,
    "researchAndDevelopmentExpenses": 0,
    "generalAndAdministrativeExpenses": 310100000,
    "sellingAndMarketingExpenses": 0,
    "sellingGeneralAndAdministrativeExpenses": 310100000,
    "otherExpenses": 245200000,
    "operatingExpenses": 555300000,
    "costAndExpenses": 1028400000,
    "interestIncome": 664300000,
    "interestExpense": 469100000,
    "depreciationAndAmortization": -22000000,
    "ebitda": 287700000,
    "ebitdaratio": 0.2150063523,
    "operatingIncome": 309700000,
    "operatingIncomeRatio": 0.2314475749,
    "totalOtherIncomeExpensesNet": 0,
    "incomeBeforeTax": 309700000,
    "incomeBeforeTaxRatio": 0.2314475749,
    "incomeTaxExpense": 102800000,
    "netIncome": 206900000,
    "netIncomeRatio": 0.1546222255,
    "eps": 0.94,
    "epsdiluted": 0.92,
    "weightedAverageShsOut": 219633000,
    "weightedAverageShsOutDil": 224187000,
    "link": "https://www.sec.gov/Archives/edgar/data/73124/000119312507166587/0001193125-07-166587-index.htm",
    "finalLink": "https://www.sec.gov/Archives/edgar/data/73124/000119312507166587/d10q.htm"
  },
  {
    "date": "2007-03-31",
    "symbol": "NTRS",
    "reportedCurrency": "USD",
    "cik": "0000073124",
    "fillingDate": "2007-04-30",
    "acceptedDate": "2007-04-30 16:30:58",
    "calendarYear": "2007",
    "period": "Q1",
    "revenue": 1260600000,
    "costOfRevenue": 452400000,
    "grossProfit": 808200000,
    "grossProfitRatio": 0.6411232746,
    "researchAndDevelopmentExpenses": 0,
    "generalAndAdministrativeExpenses": 301300000,
    "sellingAndMarketingExpenses": 0,
    "sellingGeneralAndAdministrativeExpenses": 301300000,
    "otherExpenses": 224600000,
    "operatingExpenses": 525900000,
    "costAndExpenses": 978300000,
    "interestIncome": 651200000,
    "interestExpense": 452400000,
    "depreciationAndAmortization": -13500000,
    "ebitda": 268800000,
    "ebitdaratio": 0.2132317944,
    "operatingIncome": 282300000,
    "operatingIncomeRatio": 0.2239409805,
    "totalOtherIncomeExpensesNet": 0,
    "incomeBeforeTax": 282300000,
    "incomeBeforeTaxRatio": 0.2239409805,
    "incomeTaxExpense": 95600000,
    "netIncome": 186700000,
    "netIncomeRatio": 0.1481040774,
    "eps": 0.85,
    "epsdiluted": 0.84,
    "weightedAverageShsOut": 218800000,
    "weightedAverageShsOutDil": 223191000,
    "link": "https://www.sec.gov/Archives/edgar/data/73124/000119312507096010/0001193125-07-096010-index.htm",
    "finalLink": "https://www.sec.gov/Archives/edgar/data/73124/000119312507096010/d10q.htm"
  },
  {
    "date": "2006-12-31",
    "symbol": "NTRS",
    "reportedCurrency": "USD",
    "cik": "0000073124",
    "fillingDate": "2007-02-28",
    "acceptedDate": "2007-02-28 17:06:55",
    "calendarYear": "2006",
    "period": "Q4",
    "revenue": 1192000000,
    "costOfRevenue": 435300000,
    "grossProfit": 756700000,
    "grossProfitRatio": 0.6348154362,
    "researchAndDevelopmentExpenses": 0,
    "generalAndAdministrativeExpenses": 277000000,
    "sellingAndMarketingExpenses": 65200000,
    "sellingGeneralAndAdministrativeExpenses": 342200000,
    "otherExpenses": 172400000,
    "operatingExpenses": 514600000,
    "costAndExpenses": 949900000,
    "interestIncome": 622600000,
    "interestExpense": 433300000,
    "depreciationAndAmortization": 149900000,
    "ebitda": 392000000,
    "ebitdaratio": 0.3288590604,
    "operatingIncome": 242100000,
    "operatingIncomeRatio": 0.2031040268,
    "totalOtherIncomeExpensesNet": 0,
    "incomeBeforeTax": 242100000,
    "incomeBeforeTaxRatio": 0.2031040268,
    "incomeTaxExpense": 71300000,
    "netIncome": 170800000,
    "netIncomeRatio": 0.1432885906,
    "eps": 0.78,
    "epsdiluted": 0.78,
    "weightedAverageShsOut": 218015000,
    "weightedAverageShsOutDil": 218800000,
    "link": "https://www.sec.gov/Archives/edgar/data/73124/000119312507042778/0001193125-07-042778-index.htm",
    "finalLink": "https://www.sec.gov/Archives/edgar/data/73124/000119312507042778/d10k.htm"
  },
  {
    "date": "2006-09-30",
    "symbol": "NTRS",
    "reportedCurrency": "USD",
    "cik": "0000073124",
    "fillingDate": "2006-10-30",
    "acceptedDate": "2006-10-30 16:14:58",
    "calendarYear": "2006",
    "period": "Q3",
    "revenue": 1117400000,
    "costOfRevenue": 389900000,
    "grossProfit": 727500000,
    "grossProfitRatio": 0.6510649723,
    "researchAndDevelopmentExpenses": 0,
    "generalAndAdministrativeExpenses": 268200000,
    "sellingAndMarketingExpenses": 0,
    "sellingGeneralAndAdministrativeExpenses": 268200000,
    "otherExpenses": 208800000,
    "operatingExpenses": 477000000,
    "costAndExpenses": 866900000,
    "interestIncome": 566300000,
    "interestExpense": 383900000,
    "depreciationAndAmortization": 15300000,
    "ebitda": 265800000,
    "ebitdaratio": 0.2378736352,
    "operatingIncome": 250500000,
    "operatingIncomeRatio": 0.2241811348,
    "totalOtherIncomeExpensesNet": 0,
    "incomeBeforeTax": 250500000,
    "incomeBeforeTaxRatio": 0.2241811348,
    "incomeTaxExpense": 86800000,
    "netIncome": 163700000,
    "netIncomeRatio": 0.1465008054,
    "eps": 0.75,
    "epsdiluted": 0.74,
    "weightedAverageShsOut": 217618000,
    "weightedAverageShsOutDil": 221774000,
    "link": "https://www.sec.gov/Archives/edgar/data/73124/000119312506218059/0001193125-06-218059-index.htm",
    "finalLink": "https://www.sec.gov/Archives/edgar/data/73124/000119312506218059/d10q.htm"
  },
  {
    "date": "2006-06-30",
    "symbol": "NTRS",
    "reportedCurrency": "USD",
    "cik": "0000073124",
    "fillingDate": "2006-07-31",
    "acceptedDate": "2006-07-31 16:42:56",
    "calendarYear": "2006",
    "period": "Q2",
    "revenue": 1134100000,
    "costOfRevenue": 360900000,
    "grossProfit": 773200000,
    "grossProfitRatio": 0.681774094,
    "researchAndDevelopmentExpenses": 0,
    "generalAndAdministrativeExpenses": 78000000,
    "sellingAndMarketingExpenses": 0,
    "sellingGeneralAndAdministrativeExpenses": 78000000,
    "otherExpenses": 414000000,
    "operatingExpenses": 492000000,
    "costAndExpenses": 852900000,
    "interestIncome": 540800000,
    "interestExpense": 357900000,
    "depreciationAndAmortization": 16100000,
    "ebitda": 297300000,
    "ebitdaratio": 0.2621461952,
    "operatingIncome": 281200000,
    "operatingIncomeRatio": 0.2479499162,
    "totalOtherIncomeExpensesNet": 0,
    "incomeBeforeTax": 281200000,
    "incomeBeforeTaxRatio": 0.2479499162,
    "incomeTaxExpense": 113300000,
    "netIncome": 167900000,
    "netIncomeRatio": 0.1480469094,
    "eps": 0.77,
    "epsdiluted": 0.76,
    "weightedAverageShsOut": 217786000,
    "weightedAverageShsOutDil": 221589000,
    "link": "https://www.sec.gov/Archives/edgar/data/73124/000119312506157078/0001193125-06-157078-index.htm",
    "finalLink": "https://www.sec.gov/Archives/edgar/data/73124/000119312506157078/d10q.htm"
  },
  {
    "date": "2006-03-31",
    "symbol": "NTRS",
    "reportedCurrency": "USD",
    "cik": "0000073124",
    "fillingDate": "2006-05-01",
    "acceptedDate": "2006-05-01 13:56:33",
    "calendarYear": "2006",
    "period": "Q1",
    "revenue": 1029500000,
    "costOfRevenue": 305800000,
    "grossProfit": 723700000,
    "grossProfitRatio": 0.7029626032,
    "researchAndDevelopmentExpenses": 0,
    "generalAndAdministrativeExpenses": 272000000,
    "sellingAndMarketingExpenses": 0,
    "sellingGeneralAndAdministrativeExpenses": 272000000,
    "otherExpenses": 201300000,
    "operatingExpenses": 473300000,
    "costAndExpenses": 779100000,
    "interestIncome": 477100000,
    "interestExpense": 301800000,
    "depreciationAndAmortization": 18300000,
    "ebitda": 268700000,
    "ebitdaratio": 0.2610004857,
    "operatingIncome": 250400000,
    "operatingIncomeRatio": 0.2432248664,
    "totalOtherIncomeExpensesNet": 0,
    "incomeBeforeTax": 250400000,
    "incomeBeforeTaxRatio": 0.2432248664,
    "incomeTaxExpense": 87400000,
    "netIncome": 163000000,
    "netIncomeRatio": 0.1583292861,
    "eps": 0.75,
    "epsdiluted": 0.74,
    "weightedAverageShsOut": 217646000,
    "weightedAverageShsOutDil": 221475000,
    "link": "https://www.sec.gov/Archives/edgar/data/73124/000119312506094740/0001193125-06-094740-index.htm",
    "finalLink": "https://www.sec.gov/Archives/edgar/data/73124/000119312506094740/d10q.htm"
  },
  {
    "date": "2005-12-31",
    "symbol": "NTRS",
    "reportedCurrency": "USD",
    "cik": "0000073124",
    "fillingDate": "2006-03-13",
    "acceptedDate": "2006-03-13 13:22:24",
    "calendarYear": "2005",
    "period": "Q4",
    "revenue": 947100000,
    "costOfRevenue": 271500000,
    "grossProfit": 675600000,
    "grossProfitRatio": 0.713335445,
    "researchAndDevelopmentExpenses": 0,
    "generalAndAdministrativeExpenses": 247600000,
    "sellingAndMarketingExpenses": 60800000,
    "sellingGeneralAndAdministrativeExpenses": 308400000,
    "otherExpenses": 148300000,
    "operatingExpenses": 456700000,
    "costAndExpenses": 728200000,
    "interestIncome": 442000000,
    "interestExpense": 271500000,
    "depreciationAndAmortization": -66600000,
    "ebitda": 152300000,
    "ebitdaratio": 0.160806673,
    "operatingIncome": 218900000,
    "operatingIncomeRatio": 0.231126597,
    "totalOtherIncomeExpensesNet": 0,
    "incomeBeforeTax": 218900000,
    "incomeBeforeTaxRatio": 0.231126597,
    "incomeTaxExpense": 71300000,
    "netIncome": 147600000,
    "netIncomeRatio": 0.1558441558,
    "eps": 0.68,
    "epsdiluted": 0.68,
    "weightedAverageShsOut": 217646000,
    "weightedAverageShsOutDil": 217646000,
    "link": "https://www.sec.gov/Archives/edgar/data/73124/000119312506052049/0001193125-06-052049-index.htm",
    "finalLink": "https://www.sec.gov/Archives/edgar/data/73124/000119312506052049/d10k.htm"
  },
  {
    "date": "2005-09-30",
    "symbol": "NTRS",
    "reportedCurrency": "USD",
    "cik": "0000073124",
    "fillingDate": "2005-11-02",
    "acceptedDate": "2005-11-02 15:01:36",
    "calendarYear": "2005",
    "period": "Q3",
    "revenue": 912000000,
    "costOfRevenue": 244400000,
    "grossProfit": 667600000,
    "grossProfitRatio": 0.7320175439,
    "researchAndDevelopmentExpenses": 0,
    "generalAndAdministrativeExpenses": 246500000,
    "sellingAndMarketingExpenses": 0,
    "sellingGeneralAndAdministrativeExpenses": 246500000,
    "otherExpenses": 195100000,
    "operatingExpenses": 441600000,
    "costAndExpenses": 686000000,
    "interestIncome": 410300000,
    "interestExpense": 241900000,
    "depreciationAndAmortization": 4200000,
    "ebitda": 230200000,
    "ebitdaratio": 0.2524122807,
    "operatingIncome": 226000000,
    "operatingIncomeRatio": 0.2478070175,
    "totalOtherIncomeExpensesNet": 0,
    "incomeBeforeTax": 226000000,
    "incomeBeforeTaxRatio": 0.2478070175,
    "incomeTaxExpense": 78300000,
    "netIncome": 147700000,
    "netIncomeRatio": 0.1619517544,
    "eps": 0.68,
    "epsdiluted": 0.67,
    "weightedAverageShsOut": 218013000,
    "weightedAverageShsOutDil": 221673000,
    "link": "https://www.sec.gov/Archives/edgar/data/73124/000119312505214243/0001193125-05-214243-index.htm",
    "finalLink": "https://www.sec.gov/Archives/edgar/data/73124/000119312505214243/d10q.htm"
  },
  {
    "date": "2005-06-30",
    "symbol": "NTRS",
    "reportedCurrency": "USD",
    "cik": "0000073124",
    "fillingDate": "2005-08-01",
    "acceptedDate": "2005-08-01 13:55:35",
    "calendarYear": "2005",
    "period": "Q2",
    "revenue": 902400000,
    "costOfRevenue": 229700000,
    "grossProfit": 672700000,
    "grossProfitRatio": 0.7454565603,
    "researchAndDevelopmentExpenses": 0,
    "generalAndAdministrativeExpenses": 245900000,
    "sellingAndMarketingExpenses": 0,
    "sellingGeneralAndAdministrativeExpenses": 245900000,
    "otherExpenses": 195700000,
    "operatingExpenses": 441600000,
    "costAndExpenses": 671300000,
    "interestIncome": 394800000,
    "interestExpense": 229700000,
    "depreciationAndAmortization": -63300000,
    "ebitda": 167800000,
    "ebitdaratio": 0.1859485816,
    "operatingIncome": 231100000,
    "operatingIncomeRatio": 0.2560948582,
    "totalOtherIncomeExpensesNet": 0,
    "incomeBeforeTax": 231100000,
    "incomeBeforeTaxRatio": 0.2560948582,
    "incomeTaxExpense": 81100000,
    "netIncome": 150000000,
    "netIncomeRatio": 0.1662234043,
    "eps": 0.69,
    "epsdiluted": 0.68,
    "weightedAverageShsOut": 218114000,
    "weightedAverageShsOutDil": 221335000,
    "link": "https://www.sec.gov/Archives/edgar/data/73124/000119312505153606/0001193125-05-153606-index.htm",
    "finalLink": "https://www.sec.gov/Archives/edgar/data/73124/000119312505153606/d10q.htm"
  },
  {
    "date": "2005-03-31",
    "symbol": "NTRS",
    "reportedCurrency": "USD",
    "cik": "0000073124",
    "fillingDate": "2005-05-02",
    "acceptedDate": "2005-05-02 15:36:00",
    "calendarYear": "2005",
    "period": "Q1",
    "revenue": 792900000,
    "costOfRevenue": 186100000,
    "grossProfit": 606800000,
    "grossProfitRatio": 0.7652919662,
    "researchAndDevelopmentExpenses": 0,
    "generalAndAdministrativeExpenses": 224600000,
    "sellingAndMarketingExpenses": 0,
    "sellingGeneralAndAdministrativeExpenses": 224600000,
    "otherExpenses": 170400000,
    "operatingExpenses": 395000000,
    "costAndExpenses": 581100000,
    "interestIncome": 343500000,
    "interestExpense": 186100000,
    "depreciationAndAmortization": 41500000,
    "ebitda": 253300000,
    "ebitdaratio": 0.3194602094,
    "operatingIncome": 211800000,
    "operatingIncomeRatio": 0.2671206962,
    "totalOtherIncomeExpensesNet": 0,
    "incomeBeforeTax": 211800000,
    "incomeBeforeTaxRatio": 0.2671206962,
    "incomeTaxExpense": 72700000,
    "netIncome": 139100000,
    "netIncomeRatio": 0.1754319586,
    "eps": 0.64,
    "epsdiluted": 0.63,
    "weightedAverageShsOut": 218454000,
    "weightedAverageShsOutDil": 221658000,
    "link": "https://www.sec.gov/Archives/edgar/data/73124/000119312505092174/0001193125-05-092174-index.htm",
    "finalLink": "https://www.sec.gov/Archives/edgar/data/73124/000119312505092174/d10q.htm"
  },
  {
    "date": "2004-12-31",
    "symbol": "NTRS",
    "reportedCurrency": "USD",
    "cik": "0000073124",
    "fillingDate": "2005-03-14",
    "acceptedDate": "2005-03-14 16:12:42",
    "calendarYear": "2004",
    "period": "Q4",
    "revenue": 765600000,
    "costOfRevenue": 166600000,
    "grossProfit": 599000000,
    "grossProfitRatio": 0.7823928945,
    "researchAndDevelopmentExpenses": 0,
    "generalAndAdministrativeExpenses": 214500000,
    "sellingAndMarketingExpenses": 45700000,
    "sellingGeneralAndAdministrativeExpenses": 260200000,
    "otherExpenses": 139800000,
    "operatingExpenses": 400000000,
    "costAndExpenses": 566600000,
    "interestIncome": 327200000,
    "interestExpense": 176600000,
    "depreciationAndAmortization": 46700000,
    "ebitda": 245700000,
    "ebitdaratio": 0.3209247649,
    "operatingIncome": 199000000,
    "operatingIncomeRatio": 0.2599268548,
    "totalOtherIncomeExpensesNet": 0,
    "incomeBeforeTax": 199000000,
    "incomeBeforeTaxRatio": 0.2599268548,
    "incomeTaxExpense": 66900000,
    "netIncome": 132600000,
    "netIncomeRatio": 0.1731974922,
    "eps": 0.61,
    "epsdiluted": 0.61,
    "weightedAverageShsOut": 218454000,
    "weightedAverageShsOutDil": 218454000,
    "link": "https://www.sec.gov/Archives/edgar/data/73124/000119312505049470/0001193125-05-049470-index.htm",
    "finalLink": "https://www.sec.gov/Archives/edgar/data/73124/000119312505049470/d10k.htm"
  },
  {
    "date": "2004-09-30",
    "symbol": "NTRS",
    "reportedCurrency": "USD",
    "cik": "0000073124",
    "fillingDate": "2004-11-01",
    "acceptedDate": "2004-11-01 10:11:39",
    "calendarYear": "2004",
    "period": "Q3",
    "revenue": 686700000,
    "costOfRevenue": 140300000,
    "grossProfit": 546400000,
    "grossProfitRatio": 0.7956895296,
    "researchAndDevelopmentExpenses": 0,
    "generalAndAdministrativeExpenses": 195200000,
    "sellingAndMarketingExpenses": 0,
    "sellingGeneralAndAdministrativeExpenses": 195200000,
    "otherExpenses": 182600000,
    "operatingExpenses": 377800000,
    "costAndExpenses": 518100000,
    "interestIncome": 279300000,
    "interestExpense": 140300000,
    "depreciationAndAmortization": 94000000,
    "ebitda": 262600000,
    "ebitdaratio": 0.3824086209,
    "operatingIncome": 168600000,
    "operatingIncomeRatio": 0.245522062,
    "totalOtherIncomeExpensesNet": 0,
    "incomeBeforeTax": 168600000,
    "incomeBeforeTaxRatio": 0.245522062,
    "incomeTaxExpense": 53900000,
    "netIncome": 114700000,
    "netIncomeRatio": 0.1670307267,
    "eps": 0.52,
    "epsdiluted": 0.52,
    "weightedAverageShsOut": 219234000,
    "weightedAverageShsOutDil": 222477000,
    "link": "https://www.sec.gov/Archives/edgar/data/73124/000119312504182279/0001193125-04-182279-index.htm",
    "finalLink": "https://www.sec.gov/Archives/edgar/data/73124/000119312504182279/d10q.htm"
  },
  {
    "date": "2004-06-30",
    "symbol": "NTRS",
    "reportedCurrency": "USD",
    "cik": "0000073124",
    "fillingDate": "2004-07-30",
    "acceptedDate": "2004-07-30 13:46:06",
    "calendarYear": "2004",
    "period": "Q2",
    "revenue": 695900000,
    "costOfRevenue": 124300000,
    "grossProfit": 571600000,
    "grossProfitRatio": 0.8213823825,
    "researchAndDevelopmentExpenses": 0,
    "generalAndAdministrativeExpenses": 209700000,
    "sellingAndMarketingExpenses": 0,
    "sellingGeneralAndAdministrativeExpenses": 209700000,
    "otherExpenses": 167500000,
    "operatingExpenses": 377200000,
    "costAndExpenses": 501500000,
    "interestIncome": 257300000,
    "interestExpense": 124300000,
    "depreciationAndAmortization": 9300000,
    "ebitda": 203700000,
    "ebitdaratio": 0.2927144705,
    "operatingIncome": 194400000,
    "operatingIncomeRatio": 0.2793504814,
    "totalOtherIncomeExpensesNet": 0,
    "incomeBeforeTax": 194400000,
    "incomeBeforeTaxRatio": 0.2793504814,
    "incomeTaxExpense": 63600000,
    "netIncome": 130800000,
    "netIncomeRatio": 0.1879580399,
    "eps": 0.6,
    "epsdiluted": 0.59,
    "weightedAverageShsOut": 219827000,
    "weightedAverageShsOutDil": 223350000,
    "link": "https://www.sec.gov/Archives/edgar/data/73124/000119312504128057/0001193125-04-128057-index.htm",
    "finalLink": "https://www.sec.gov/Archives/edgar/data/73124/000119312504128057/d10q.htm"
  },
  {
    "date": "2004-03-31",
    "symbol": "NTRS",
    "reportedCurrency": "USD",
    "cik": "0000073124",
    "fillingDate": "2004-05-03",
    "acceptedDate": "2004-05-03 13:26:35",
    "calendarYear": "2004",
    "period": "Q1",
    "revenue": 680900000,
    "costOfRevenue": 110900000,
    "grossProfit": 570000000,
    "grossProfitRatio": 0.8371273315,
    "researchAndDevelopmentExpenses": 0,
    "generalAndAdministrativeExpenses": 203800000,
    "sellingAndMarketingExpenses": 0,
    "sellingGeneralAndAdministrativeExpenses": 203800000,
    "otherExpenses": 173700000,
    "operatingExpenses": 377500000,
    "costAndExpenses": 488400000,
    "interestIncome": 254400000,
    "interestExpense": 115900000,
    "depreciationAndAmortization": 26400000,
    "ebitda": 218900000,
    "ebitdaratio": 0.3214862682,
    "operatingIncome": 192500000,
    "operatingIncomeRatio": 0.2827140549,
    "totalOtherIncomeExpensesNet": 0,
    "incomeBeforeTax": 192500000,
    "incomeBeforeTaxRatio": 0.2827140549,
    "incomeTaxExpense": 65300000,
    "netIncome": 127500000,
    "netIncomeRatio": 0.1872521663,
    "eps": 0.58,
    "epsdiluted": 0.57,
    "weightedAverageShsOut": 220103000,
    "weightedAverageShsOutDil": 224384000,
    "link": "https://www.sec.gov/Archives/edgar/data/73124/000119312504076444/0001193125-04-076444-index.htm",
    "finalLink": "https://www.sec.gov/Archives/edgar/data/73124/000119312504076444/d10q.htm"
  },
  {
    "date": "2003-12-31",
    "symbol": "NTRS",
    "reportedCurrency": "USD",
    "cik": "0000073124",
    "fillingDate": "2004-03-12",
    "acceptedDate": "2004-03-12 12:31:08",
    "calendarYear": "2003",
    "period": "Q4",
    "revenue": 650500000,
    "costOfRevenue": 105200000,
    "grossProfit": 545300000,
    "grossProfitRatio": 0.8382782475,
    "researchAndDevelopmentExpenses": 0,
    "generalAndAdministrativeExpenses": 190200000,
    "sellingAndMarketingExpenses": 0,
    "sellingGeneralAndAdministrativeExpenses": 190200000,
    "otherExpenses": 157200000,
    "operatingExpenses": 347400000,
    "costAndExpenses": 452600000,
    "interestIncome": 256400000,
    "interestExpense": 120200000,
    "depreciationAndAmortization": 85100000,
    "ebitda": 283000000,
    "ebitdaratio": 0.4350499616,
    "operatingIncome": 197900000,
    "operatingIncomeRatio": 0.3042275173,
    "totalOtherIncomeExpensesNet": 0,
    "incomeBeforeTax": 197900000,
    "incomeBeforeTaxRatio": 0.3042275173,
    "incomeTaxExpense": 67400000,
    "netIncome": 129700000,
    "netIncomeRatio": 0.1993850884,
    "eps": 0.59,
    "epsdiluted": 0.59,
    "weightedAverageShsOut": 219879000,
    "weightedAverageShsOutDil": 220103000,
    "link": "https://www.sec.gov/Archives/edgar/data/73124/000119312504040148/0001193125-04-040148-index.htm",
    "finalLink": "https://www.sec.gov/Archives/edgar/data/73124/000119312504040148/d10k.htm"
  },
  {
    "date": "2003-09-30",
    "symbol": "NTRS",
    "reportedCurrency": "USD",
    "cik": "0000073124",
    "fillingDate": "2003-10-31",
    "acceptedDate": "2003-10-31 13:28:44",
    "calendarYear": "2003",
    "period": "Q3",
    "revenue": 645900000,
    "costOfRevenue": 125200000,
    "grossProfit": 520700000,
    "grossProfitRatio": 0.8061619446,
    "researchAndDevelopmentExpenses": 0,
    "generalAndAdministrativeExpenses": 190800000,
    "sellingAndMarketingExpenses": 0,
    "sellingGeneralAndAdministrativeExpenses": 190800000,
    "otherExpenses": 156600000,
    "operatingExpenses": 347400000,
    "costAndExpenses": 472600000,
    "interestIncome": 254500000,
    "interestExpense": 120200000,
    "depreciationAndAmortization": 31400000,
    "ebitda": 204700000,
    "ebitdaratio": 0.3169221242,
    "operatingIncome": 173300000,
    "operatingIncomeRatio": 0.2683077876,
    "totalOtherIncomeExpensesNet": 0,
    "incomeBeforeTax": 173300000,
    "incomeBeforeTaxRatio": 0.2683077876,
    "incomeTaxExpense": 58500000,
    "netIncome": 113800000,
    "netIncomeRatio": 0.1761882644,
    "eps": 0.52,
    "epsdiluted": 0.51,
    "weightedAverageShsOut": 220263000,
    "weightedAverageShsOutDil": 224653000,
    "link": "https://www.sec.gov/Archives/edgar/data/73124/000119312503070742/0001193125-03-070742-index.htm",
    "finalLink": "https://www.sec.gov/Archives/edgar/data/73124/000119312503070742/d10q.htm"
  },
  {
    "date": "2003-06-30",
    "symbol": "NTRS",
    "reportedCurrency": "USD",
    "cik": "0000073124",
    "fillingDate": "2003-08-01",
    "acceptedDate": "2003-08-01 13:34:37",
    "calendarYear": "2003",
    "period": "Q2",
    "revenue": 671300000,
    "costOfRevenue": 140700000,
    "grossProfit": 530600000,
    "grossProfitRatio": 0.7904066736,
    "researchAndDevelopmentExpenses": 0,
    "generalAndAdministrativeExpenses": 211700000,
    "sellingAndMarketingExpenses": 0,
    "sellingGeneralAndAdministrativeExpenses": 211700000,
    "otherExpenses": 200800000,
    "operatingExpenses": 412500000,
    "costAndExpenses": 553200000,
    "interestIncome": 270200000,
    "interestExpense": 133200000,
    "depreciationAndAmortization": 12500000,
    "ebitda": 130600000,
    "ebitdaratio": 0.1945478921,
    "operatingIncome": 118100000,
    "operatingIncomeRatio": 0.1759273052,
    "totalOtherIncomeExpensesNet": 0,
    "incomeBeforeTax": 118100000,
    "incomeBeforeTaxRatio": 0.1759273052,
    "incomeTaxExpense": 36700000,
    "netIncome": 66600000,
    "netIncomeRatio": 0.0992104871,
    "eps": 0.3,
    "epsdiluted": 0.3,
    "weightedAverageShsOut": 220297000,
    "weightedAverageShsOutDil": 223846000,
    "link": "https://www.sec.gov/Archives/edgar/data/73124/000119312503027739/0001193125-03-027739-index.htm",
    "finalLink": "https://www.sec.gov/Archives/edgar/data/73124/000119312503027739/d10q.htm"
  },
  {
    "date": "2003-03-31",
    "symbol": "NTRS",
    "reportedCurrency": "USD",
    "cik": "0000073124",
    "fillingDate": "2003-05-05",
    "acceptedDate": "2003-05-05 12:03:44",
    "calendarYear": "2003",
    "period": "Q1",
    "revenue": 630200000,
    "costOfRevenue": 138900000,
    "grossProfit": 491300000,
    "grossProfitRatio": 0.7795937798,
    "researchAndDevelopmentExpenses": 0,
    "generalAndAdministrativeExpenses": 192500000,
    "sellingAndMarketingExpenses": 0,
    "sellingGeneralAndAdministrativeExpenses": 192500000,
    "otherExpenses": 157000000,
    "operatingExpenses": 349500000,
    "costAndExpenses": 488400000,
    "interestIncome": 274600000,
    "interestExpense": 133900000,
    "depreciationAndAmortization": 57300000,
    "ebitda": 199100000,
    "ebitdaratio": 0.3159314503,
    "operatingIncome": 141800000,
    "operatingIncomeRatio": 0.225007934,
    "totalOtherIncomeExpensesNet": 0,
    "incomeBeforeTax": 141800000,
    "incomeBeforeTaxRatio": 0.225007934,
    "incomeTaxExpense": 45200000,
    "netIncome": 94700000,
    "netIncomeRatio": 0.1502697556,
    "eps": 0.43,
    "epsdiluted": 0.42,
    "weightedAverageShsOut": 220374000,
    "weightedAverageShsOutDil": 223436000,
    "link": "https://www.sec.gov/Archives/edgar/data/73124/000095013103002578/0000950131-03-002578-index.htm",
    "finalLink": "https://www.sec.gov/Archives/edgar/data/73124/000095013103002578/d10q.htm"
  },
  {
    "date": "2002-12-31",
    "symbol": "NTRS",
    "reportedCurrency": "USD",
    "cik": "0000073124",
    "fillingDate": "2003-03-10",
    "acceptedDate": "2003-03-10 17:07:05",
    "calendarYear": "2002",
    "period": "Q4",
    "revenue": 663000000,
    "costOfRevenue": 160200000,
    "grossProfit": 502800000,
    "grossProfitRatio": 0.7583710407,
    "researchAndDevelopmentExpenses": 0,
    "generalAndAdministrativeExpenses": 193800000,
    "sellingAndMarketingExpenses": 0,
    "sellingGeneralAndAdministrativeExpenses": 193800000,
    "otherExpenses": 167100000,
    "operatingExpenses": 360900000,
    "costAndExpenses": 521100000,
    "interestIncome": 304100000,
    "interestExpense": 152700000,
    "depreciationAndAmortization": 12000000,
    "ebitda": 153900000,
    "ebitdaratio": 0.2321266968,
    "operatingIncome": 141900000,
    "operatingIncomeRatio": 0.2140271493,
    "totalOtherIncomeExpensesNet": 0,
    "incomeBeforeTax": 141900000,
    "incomeBeforeTaxRatio": 0.2140271493,
    "incomeTaxExpense": 45600000,
    "netIncome": 96300000,
    "netIncomeRatio": 0.1452488688,
    "eps": 0.44,
    "epsdiluted": 0.44,
    "weightedAverageShsOut": 220063000,
    "weightedAverageShsOutDil": 220374000,
    "link": "https://www.sec.gov/Archives/edgar/data/73124/000095013103001244/0000950131-03-001244-index.htm",
    "finalLink": "https://www.sec.gov/Archives/edgar/data/73124/000095013103001244/d10k.htm"
  },
  {
    "date": "2002-09-30",
    "symbol": "NTRS",
    "reportedCurrency": "USD",
    "cik": "0000073124",
    "fillingDate": "2002-11-04",
    "acceptedDate": "2002-11-04 12:40:51",
    "calendarYear": "2002",
    "period": "Q3",
    "revenue": 678600000,
    "costOfRevenue": 178200000,
    "grossProfit": 500400000,
    "grossProfitRatio": 0.7374005305,
    "researchAndDevelopmentExpenses": 0,
    "generalAndAdministrativeExpenses": 204000000,
    "sellingAndMarketingExpenses": 0,
    "sellingGeneralAndAdministrativeExpenses": 204000000,
    "otherExpenses": 153200000,
    "operatingExpenses": 357200000,
    "costAndExpenses": 535400000,
    "interestIncome": 308100000,
    "interestExpense": 158200000,
    "depreciationAndAmortization": 30500000,
    "ebitda": 173700000,
    "ebitdaratio": 0.2559681698,
    "operatingIncome": 143200000,
    "operatingIncomeRatio": 0.2110226938,
    "totalOtherIncomeExpensesNet": 0,
    "incomeBeforeTax": 143200000,
    "incomeBeforeTaxRatio": 0.2110226938,
    "incomeTaxExpense": 46800000,
    "netIncome": 96400000,
    "netIncomeRatio": 0.1420571765,
    "eps": 0.44,
    "epsdiluted": 0.43,
    "weightedAverageShsOut": 220432000,
    "weightedAverageShsOutDil": 225098000,
    "link": "https://www.sec.gov/Archives/edgar/data/73124/000095013102004122/0000950131-02-004122-index.htm",
    "finalLink": "https://www.sec.gov/Archives/edgar/data/73124/000095013102004122/d10q.txt"
  },
  {
    "date": "2002-06-30",
    "symbol": "NTRS",
    "reportedCurrency": "USD",
    "cik": "0000073124",
    "fillingDate": "2002-08-13",
    "acceptedDate": "2002-08-13 09:47:16",
    "calendarYear": "2002",
    "period": "Q2",
    "revenue": 711500000,
    "costOfRevenue": 164800000,
    "grossProfit": 546700000,
    "grossProfitRatio": 0.768376669,
    "researchAndDevelopmentExpenses": 0,
    "generalAndAdministrativeExpenses": 200900000,
    "sellingAndMarketingExpenses": 0,
    "sellingGeneralAndAdministrativeExpenses": 200900000,
    "otherExpenses": 155000000,
    "operatingExpenses": 355900000,
    "costAndExpenses": 520700000,
    "interestIncome": 311100000,
    "interestExpense": 159800000,
    "depreciationAndAmortization": 34200000,
    "ebitda": 225000000,
    "ebitdaratio": 0.3162333099,
    "operatingIncome": 190800000,
    "operatingIncomeRatio": 0.2681658468,
    "totalOtherIncomeExpensesNet": 0,
    "incomeBeforeTax": 190800000,
    "incomeBeforeTaxRatio": 0.2681658468,
    "incomeTaxExpense": 64000000,
    "netIncome": 126800000,
    "netIncomeRatio": 0.1782150387,
    "eps": 0.57,
    "epsdiluted": 0.56,
    "weightedAverageShsOut": 220864000,
    "weightedAverageShsOutDil": 226552000,
    "link": "https://www.sec.gov/Archives/edgar/data/73124/000095013102003104/0000950131-02-003104-index.htm",
    "finalLink": "https://www.sec.gov/Archives/edgar/data/73124/000095013102003104/d10q.txt"
  },
  {
    "date": "2002-03-31",
    "symbol": "NTRS",
    "reportedCurrency": "USD",
    "cik": "0000073124",
    "fillingDate": "2002-05-14",
    "acceptedDate": "2002-05-14 10:22:37",
    "calendarYear": "2002",
    "period": "Q1",
    "revenue": 706700000,
    "costOfRevenue": 170800000,
    "grossProfit": 535900000,
    "grossProfitRatio": 0.7583132871,
    "researchAndDevelopmentExpenses": 0,
    "generalAndAdministrativeExpenses": 198200000,
    "sellingAndMarketingExpenses": 0,
    "sellingGeneralAndAdministrativeExpenses": 198200000,
    "otherExpenses": 144600000,
    "operatingExpenses": 342800000,
    "costAndExpenses": 513600000,
    "interestIncome": 315000000,
    "interestExpense": 165800000,
    "depreciationAndAmortization": -19000000,
    "ebitda": 174100000,
    "ebitdaratio": 0.2463563039,
    "operatingIncome": 193100000,
    "operatingIncomeRatio": 0.2732418282,
    "totalOtherIncomeExpensesNet": 0,
    "incomeBeforeTax": 193100000,
    "incomeBeforeTaxRatio": 0.2732418282,
    "incomeTaxExpense": 65500000,
    "netIncome": 127600000,
    "netIncomeRatio": 0.1805575209,
    "eps": 0.58,
    "epsdiluted": 0.56,
    "weightedAverageShsOut": 220854000,
    "weightedAverageShsOutDil": 227373000,
    "link": "https://www.sec.gov/Archives/edgar/data/73124/000095013102001946/0000950131-02-001946-index.htm",
    "finalLink": "https://www.sec.gov/Archives/edgar/data/73124/000095013102001946/d10q.txt"
  },
  {
    "date": "2001-12-31",
    "symbol": "NTRS",
    "reportedCurrency": "USD",
    "cik": "0000073124",
    "fillingDate": "2002-03-12",
    "acceptedDate": "2002-03-12 00:00:00",
    "calendarYear": "2001",
    "period": "Q4",
    "revenue": 728700000,
    "costOfRevenue": 235500000,
    "grossProfit": 493200000,
    "grossProfitRatio": 0.6768217373,
    "researchAndDevelopmentExpenses": 0,
    "generalAndAdministrativeExpenses": 192600000,
    "sellingAndMarketingExpenses": 0,
    "sellingGeneralAndAdministrativeExpenses": 192600000,
    "otherExpenses": 147300000,
    "operatingExpenses": 339900000,
    "costAndExpenses": 575400000,
    "interestIncome": 342300000,
    "interestExpense": 190500000,
    "depreciationAndAmortization": 12000000,
    "ebitda": 165300000,
    "ebitdaratio": 0.2268423219,
    "operatingIncome": 153300000,
    "operatingIncomeRatio": 0.2103746398,
    "totalOtherIncomeExpensesNet": 0,
    "incomeBeforeTax": 153300000,
    "incomeBeforeTaxRatio": 0.2103746398,
    "incomeTaxExpense": 50900000,
    "netIncome": 102400000,
    "netIncomeRatio": 0.1405242212,
    "eps": 0.46,
    "epsdiluted": 0.46,
    "weightedAverageShsOut": 220854000,
    "weightedAverageShsOutDil": 220854000,
    "link": "https://www.sec.gov/Archives/edgar/data/73124/000095013102000853/0000950131-02-000853-index.htm",
    "finalLink": "https://www.sec.gov/Archives/edgar/data/73124/000095013102000853/d10k.txt"
  },
  {
    "date": "2001-09-30",
    "symbol": "NTRS",
    "reportedCurrency": "USD",
    "cik": "0000073124",
    "fillingDate": "2001-11-09",
    "acceptedDate": "2001-11-09 00:00:00",
    "calendarYear": "2001",
    "period": "Q3",
    "revenue": 794000000,
    "costOfRevenue": 252100000,
    "grossProfit": 541900000,
    "grossProfitRatio": 0.6824937028,
    "researchAndDevelopmentExpenses": 0,
    "generalAndAdministrativeExpenses": 204200000,
    "sellingAndMarketingExpenses": 0,
    "sellingGeneralAndAdministrativeExpenses": 204200000,
    "otherExpenses": 147500000,
    "operatingExpenses": 351700000,
    "costAndExpenses": 603800000,
    "interestIncome": 396100000,
    "interestExpense": 247100000,
    "depreciationAndAmortization": 62200000,
    "ebitda": 252400000,
    "ebitdaratio": 0.317884131,
    "operatingIncome": 190200000,
    "operatingIncomeRatio": 0.2395465995,
    "totalOtherIncomeExpensesNet": 0,
    "incomeBeforeTax": 190200000,
    "incomeBeforeTaxRatio": 0.2395465995,
    "incomeTaxExpense": 63600000,
    "netIncome": 126600000,
    "netIncomeRatio": 0.1594458438,
    "eps": 0.57,
    "epsdiluted": 0.55,
    "weightedAverageShsOut": 221454000,
    "weightedAverageShsOutDil": 228779000,
    "link": "https://www.sec.gov/Archives/edgar/data/73124/000095013101504034/0000950131-01-504034-index.htm",
    "finalLink": "https://www.sec.gov/Archives/edgar/data/73124/000095013101504034/d10q.txt"
  },
  {
    "date": "2001-06-30",
    "symbol": "NTRS",
    "reportedCurrency": "USD",
    "cik": "0000073124",
    "fillingDate": "2001-08-10",
    "acceptedDate": "2001-08-10 00:00:00",
    "calendarYear": "2001",
    "period": "Q2",
    "revenue": 864000000,
    "costOfRevenue": 314800000,
    "grossProfit": 549200000,
    "grossProfitRatio": 0.6356481481,
    "researchAndDevelopmentExpenses": 0,
    "generalAndAdministrativeExpenses": 207000000,
    "sellingAndMarketingExpenses": 0,
    "sellingGeneralAndAdministrativeExpenses": 207000000,
    "otherExpenses": 144800000,
    "operatingExpenses": 351800000,
    "costAndExpenses": 666600000,
    "interestIncome": 449700000,
    "interestExpense": 303300000,
    "depreciationAndAmortization": -20700000,
    "ebitda": 176700000,
    "ebitdaratio": 0.2045138889,
    "operatingIncome": 197400000,
    "operatingIncomeRatio": 0.2284722222,
    "totalOtherIncomeExpensesNet": 0,
    "incomeBeforeTax": 197400000,
    "incomeBeforeTaxRatio": 0.2284722222,
    "incomeTaxExpense": 66100000,
    "netIncome": 131300000,
    "netIncomeRatio": 0.1519675926,
    "eps": 0.59,
    "epsdiluted": 0.57,
    "weightedAverageShsOut": 221701000,
    "weightedAverageShsOutDil": 229484000,
    "link": "https://www.sec.gov/Archives/edgar/data/73124/000094018001500113/0000940180-01-500113-index.htm",
    "finalLink": "https://www.sec.gov/Archives/edgar/data/73124/000094018001500113/d10q.txt"
  },
  {
    "date": "2001-03-31",
    "symbol": "NTRS",
    "reportedCurrency": "USD",
    "cik": "0000073124",
    "fillingDate": "2001-05-11",
    "acceptedDate": "2001-05-11 00:00:00",
    "calendarYear": "2001",
    "period": "Q1",
    "revenue": 882900000,
    "costOfRevenue": 350300000,
    "grossProfit": 532600000,
    "grossProfitRatio": 0.603239325,
    "researchAndDevelopmentExpenses": 0,
    "generalAndAdministrativeExpenses": 204200000,
    "sellingAndMarketingExpenses": 0,
    "sellingGeneralAndAdministrativeExpenses": 204200000,
    "otherExpenses": 137400000,
    "operatingExpenses": 341600000,
    "costAndExpenses": 691900000,
    "interestIncome": 493400000,
    "interestExpense": 345300000,
    "depreciationAndAmortization": -29700000,
    "ebitda": 161300000,
    "ebitdaratio": 0.1826933968,
    "operatingIncome": 191000000,
    "operatingIncomeRatio": 0.2163325405,
    "totalOtherIncomeExpensesNet": 0,
    "incomeBeforeTax": 191000000,
    "incomeBeforeTaxRatio": 0.2163325405,
    "incomeTaxExpense": 63800000,
    "netIncome": 127200000,
    "netIncomeRatio": 0.1440706762,
    "eps": 0.57,
    "epsdiluted": 0.55,
    "weightedAverageShsOut": 221568000,
    "weightedAverageShsOutDil": 229821000,
    "link": "https://www.sec.gov/Archives/edgar/data/73124/000095013101501349/0000950131-01-501349-index.htm",
    "finalLink": "https://www.sec.gov/Archives/edgar/data/73124/000095013101501349/d10q.txt"
  },
  {
    "date": "2000-12-31",
    "symbol": "NTRS",
    "reportedCurrency": "USD",
    "cik": "0000073124",
    "fillingDate": "2001-03-16",
    "acceptedDate": "2001-03-16 00:00:00",
    "calendarYear": "2000",
    "period": "Q4",
    "revenue": 933900000,
    "costOfRevenue": 403500000,
    "grossProfit": 530400000,
    "grossProfitRatio": 0.567940893,
    "researchAndDevelopmentExpenses": 0,
    "generalAndAdministrativeExpenses": 199800000,
    "sellingAndMarketingExpenses": 0,
    "sellingGeneralAndAdministrativeExpenses": 199800000,
    "otherExpenses": 142500000,
    "operatingExpenses": 342300000,
    "costAndExpenses": 745800000,
    "interestIncome": 544100000,
    "interestExpense": 398500000,
    "depreciationAndAmortization": -99100000,
    "ebitda": 89000000,
    "ebitdaratio": 0.0952992826,
    "operatingIncome": 188100000,
    "operatingIncomeRatio": 0.2014134276,
    "totalOtherIncomeExpensesNet": 0,
    "incomeBeforeTax": 188100000,
    "incomeBeforeTaxRatio": 0.2014134276,
    "incomeTaxExpense": 62600000,
    "netIncome": 125500000,
    "netIncomeRatio": 0.1343826962,
    "eps": 0.57,
    "epsdiluted": 0.57,
    "weightedAverageShsOut": 220889000,
    "weightedAverageShsOutDil": 221568000,
    "link": "https://www.sec.gov/Archives/edgar/data/73124/000095013101500146/0000950131-01-500146-index.htm",
    "finalLink": "https://www.sec.gov/Archives/edgar/data/73124/000095013101500146/d10k.txt"
  },
  {
    "date": "2000-09-30",
    "symbol": "NTRS",
    "reportedCurrency": "USD",
    "cik": "0000073124",
    "fillingDate": "2000-11-13",
    "acceptedDate": "2000-11-13 00:00:00",
    "calendarYear": "2000",
    "period": "Q3",
    "revenue": 923200000,
    "costOfRevenue": 393500000,
    "grossProfit": 529700000,
    "grossProfitRatio": 0.5737651646,
    "researchAndDevelopmentExpenses": 0,
    "generalAndAdministrativeExpenses": 207300000,
    "sellingAndMarketingExpenses": 0,
    "sellingGeneralAndAdministrativeExpenses": 207300000,
    "otherExpenses": 137600000,
    "operatingExpenses": 344900000,
    "costAndExpenses": 738400000,
    "interestIncome": 531300000,
    "interestExpense": 388500000,
    "depreciationAndAmortization": 27200000,
    "ebitda": 212000000,
    "ebitdaratio": 0.2296360485,
    "operatingIncome": 184800000,
    "operatingIncomeRatio": 0.2001733102,
    "totalOtherIncomeExpensesNet": 0,
    "incomeBeforeTax": 184800000,
    "incomeBeforeTaxRatio": 0.2001733102,
    "incomeTaxExpense": 61500000,
    "netIncome": 123300000,
    "netIncomeRatio": 0.1335571924,
    "eps": 0.55,
    "epsdiluted": 0.53,
    "weightedAverageShsOut": 220749000,
    "weightedAverageShsOutDil": 230937000,
    "link": "https://www.sec.gov/Archives/edgar/data/73124/000095013100006298/0000950131-00-006298-index.htm",
    "finalLink": "https://www.sec.gov/Archives/edgar/data/73124/000095013100006298/0000950131-00-006298-0001.htm"
  },
  {
    "date": "2000-06-30",
    "symbol": "NTRS",
    "reportedCurrency": "USD",
    "cik": "0000073124",
    "fillingDate": "2000-08-10",
    "acceptedDate": "2000-08-10 00:00:00",
    "calendarYear": "2000",
    "period": "Q2",
    "revenue": 892800000,
    "costOfRevenue": 369100000,
    "grossProfit": 523700000,
    "grossProfitRatio": 0.5865815412,
    "researchAndDevelopmentExpenses": 0,
    "generalAndAdministrativeExpenses": 197300000,
    "sellingAndMarketingExpenses": 0,
    "sellingGeneralAndAdministrativeExpenses": 197300000,
    "otherExpenses": 140900000,
    "operatingExpenses": 338200000,
    "costAndExpenses": 707300000,
    "interestIncome": 499900000,
    "interestExpense": 359100000,
    "depreciationAndAmortization": -12200000,
    "ebitda": 173300000,
    "ebitdaratio": 0.1941084229,
    "operatingIncome": 185500000,
    "operatingIncomeRatio": 0.2077732975,
    "totalOtherIncomeExpensesNet": 0,
    "incomeBeforeTax": 185500000,
    "incomeBeforeTaxRatio": 0.2077732975,
    "incomeTaxExpense": 62500000,
    "netIncome": 123000000,
    "netIncomeRatio": 0.1377688172,
    "eps": 0.55,
    "epsdiluted": 0.53,
    "weightedAverageShsOut": 221011000,
    "weightedAverageShsOutDil": 230503000,
    "link": "https://www.sec.gov/Archives/edgar/data/73124/000095013100004795/0000950131-00-004795-index.htm",
    "finalLink": "https://www.sec.gov/Archives/edgar/data/73124/000095013100004795/0000950131-00-004795-0001.htm"
  },
  {
    "date": "2000-03-31",
    "symbol": "NTRS",
    "reportedCurrency": "USD",
    "cik": "0000073124",
    "fillingDate": "2000-05-10",
    "acceptedDate": "2000-05-10 00:00:00",
    "calendarYear": "2000",
    "period": "Q1",
    "revenue": 798200000,
    "costOfRevenue": 300400000,
    "grossProfit": 497800000,
    "grossProfitRatio": 0.6236532197,
    "researchAndDevelopmentExpenses": 0,
    "generalAndAdministrativeExpenses": 194000000,
    "sellingAndMarketingExpenses": 0,
    "sellingGeneralAndAdministrativeExpenses": 194000000,
    "otherExpenses": 132100000,
    "operatingExpenses": 326100000,
    "costAndExpenses": 626500000,
    "interestIncome": 435800000,
    "interestExpense": 296400000,
    "depreciationAndAmortization": -4700000,
    "ebitda": 167000000,
    "ebitdaratio": 0.2092207467,
    "operatingIncome": 171700000,
    "operatingIncomeRatio": 0.2151089952,
    "totalOtherIncomeExpensesNet": 0,
    "incomeBeforeTax": 171700000,
    "incomeBeforeTaxRatio": 0.2151089952,
    "incomeTaxExpense": 58400000,
    "netIncome": 113300000,
    "netIncomeRatio": 0.1419443748,
    "eps": 0.51,
    "epsdiluted": 0.49,
    "weightedAverageShsOut": 221199000,
    "weightedAverageShsOutDil": 230121000,
    "link": "https://www.sec.gov/Archives/edgar/data/73124/000095013100003186/0000950131-00-003186-index.htm",
    "finalLink": "https://www.sec.gov/Archives/edgar/data/73124/000095013100003186/0000950131-00-003186-d1.html"
  },
  {
    "date": "1999-12-31",
    "symbol": "NTRS",
    "reportedCurrency": "USD",
    "cik": "0000073124",
    "fillingDate": "2000-03-14",
    "acceptedDate": "2000-03-14 00:00:00",
    "calendarYear": "1999",
    "period": "Q4",
    "revenue": 764500000,
    "costOfRevenue": 292300000,
    "grossProfit": 472200000,
    "grossProfitRatio": 0.6176586004,
    "researchAndDevelopmentExpenses": 0,
    "generalAndAdministrativeExpenses": 185500000,
    "sellingAndMarketingExpenses": 0,
    "sellingGeneralAndAdministrativeExpenses": 185500000,
    "otherExpenses": 125300000,
    "operatingExpenses": 310800000,
    "costAndExpenses": 603100000,
    "interestIncome": 424100000,
    "interestExpense": 285800000,
    "depreciationAndAmortization": 174200000,
    "ebitda": 335600000,
    "ebitdaratio": 0.4389797253,
    "operatingIncome": 161400000,
    "operatingIncomeRatio": 0.211118378,
    "totalOtherIncomeExpensesNet": 0,
    "incomeBeforeTax": 161400000,
    "incomeBeforeTaxRatio": 0.211118378,
    "incomeTaxExpense": 55400000,
    "netIncome": 106000000,
    "netIncomeRatio": 0.1386527142,
    "eps": 0.48,
    "epsdiluted": 0.48,
    "weightedAverageShsOut": 221199000,
    "weightedAverageShsOutDil": 221199000,
    "link": "https://www.sec.gov/Archives/edgar/data/73124/000095013100001756/0000950131-00-001756-index.htm",
    "finalLink": "https://www.sec.gov/Archives/edgar/data/73124/000095013100001756/0000950131-00-001756-d1.html"
  },
  {
    "date": "1999-09-30",
    "symbol": "NTRS",
    "reportedCurrency": "USD",
    "cik": "0000073124",
    "fillingDate": "1999-11-12",
    "acceptedDate": "1999-11-12 00:00:00",
    "calendarYear": "1999",
    "period": "Q3",
    "revenue": 710700000,
    "costOfRevenue": 276500000,
    "grossProfit": 434200000,
    "grossProfitRatio": 0.6109469537,
    "researchAndDevelopmentExpenses": 0,
    "generalAndAdministrativeExpenses": 169400000,
    "sellingAndMarketingExpenses": 0,
    "sellingGeneralAndAdministrativeExpenses": 169400000,
    "otherExpenses": 106700000,
    "operatingExpenses": 276100000,
    "costAndExpenses": 552600000,
    "interestIncome": 404300000,
    "interestExpense": 276000000,
    "depreciationAndAmortization": -26500000,
    "ebitda": 131600000,
    "ebitdaratio": 0.1851695511,
    "operatingIncome": 158100000,
    "operatingIncomeRatio": 0.2224567328,
    "totalOtherIncomeExpensesNet": 0,
    "incomeBeforeTax": 158100000,
    "incomeBeforeTaxRatio": 0.2224567328,
    "incomeTaxExpense": 53900000,
    "netIncome": 104200000,
    "netIncomeRatio": 0.1466160124,
    "eps": 0.47,
    "epsdiluted": 0.45,
    "weightedAverageShsOut": 217266000,
    "weightedAverageShsOutDil": 217266000,
    "link": "https://www.sec.gov/Archives/edgar/data/73124/000095013199006270/0000950131-99-006270-index.htm",
    "finalLink": "https://www.sec.gov/Archives/edgar/data/73124/000095013199006270/0000950131-99-006270-d1.html"
  },
  {
    "date": "1999-06-30",
    "symbol": "NTRS",
    "reportedCurrency": "USD",
    "cik": "0000073124",
    "fillingDate": "1999-08-12",
    "acceptedDate": "1999-08-12 00:00:00",
    "calendarYear": "1999",
    "period": "Q2",
    "revenue": 672300000,
    "costOfRevenue": 248400000,
    "grossProfit": 423900000,
    "grossProfitRatio": 0.6305220884,
    "researchAndDevelopmentExpenses": 0,
    "generalAndAdministrativeExpenses": 164500000,
    "sellingAndMarketingExpenses": 0,
    "sellingGeneralAndAdministrativeExpenses": 164500000,
    "otherExpenses": 107200000,
    "operatingExpenses": 271700000,
    "costAndExpenses": 520100000,
    "interestIncome": 370000000,
    "interestExpense": 243400000,
    "depreciationAndAmortization": -102400000,
    "ebitda": 49800000,
    "ebitdaratio": 0.0740740741,
    "operatingIncome": 152200000,
    "operatingIncomeRatio": 0.2263870296,
    "totalOtherIncomeExpensesNet": 0,
    "incomeBeforeTax": 152200000,
    "incomeBeforeTaxRatio": 0.2263870296,
    "incomeTaxExpense": 52500000,
    "netIncome": 99700000,
    "netIncomeRatio": 0.1482968913,
    "eps": 0.44,
    "epsdiluted": 0.43,
    "weightedAverageShsOut": 221949000,
    "weightedAverageShsOutDil": 230294000,
    "link": "https://www.sec.gov/Archives/edgar/data/73124/000095013199004841/0000950131-99-004841-index.html",
    "finalLink": "https://www.sec.gov/Archives/edgar/data/73124/000095013199004841/0000950131-99-004841.txt"
  },
  {
    "date": "1999-03-31",
    "symbol": "NTRS",
    "reportedCurrency": "USD",
    "cik": "0000073124",
    "fillingDate": "1999-05-14",
    "acceptedDate": "1999-05-14 00:00:00",
    "calendarYear": "1999",
    "period": "Q1",
    "revenue": 656300000,
    "costOfRevenue": 245100000,
    "grossProfit": 411200000,
    "grossProfitRatio": 0.6265427396,
    "researchAndDevelopmentExpenses": 0,
    "generalAndAdministrativeExpenses": 161700000,
    "sellingAndMarketingExpenses": 0,
    "sellingGeneralAndAdministrativeExpenses": 161700000,
    "otherExpenses": 104700000,
    "operatingExpenses": 266400000,
    "costAndExpenses": 511500000,
    "interestIncome": 370200000,
    "interestExpense": 244600000,
    "depreciationAndAmortization": -11000000,
    "ebitda": 133800000,
    "ebitdaratio": 0.2038701813,
    "operatingIncome": 144800000,
    "operatingIncomeRatio": 0.2206308091,
    "totalOtherIncomeExpensesNet": 0,
    "incomeBeforeTax": 144800000,
    "incomeBeforeTaxRatio": 0.2206308091,
    "incomeTaxExpense": 49700000,
    "netIncome": 95100000,
    "netIncomeRatio": 0.1449032455,
    "eps": 0.42,
    "epsdiluted": 0.41,
    "weightedAverageShsOut": 221643000,
    "weightedAverageShsOutDil": 230141000,
    "link": "https://www.sec.gov/Archives/edgar/data/73124/000095013199003114/0000950131-99-003114-index.html",
    "finalLink": "https://www.sec.gov/Archives/edgar/data/73124/0000950131-99-003114.txt"
  },
  {
    "date": "1998-12-31",
    "symbol": "NTRS",
    "reportedCurrency": "USD",
    "cik": "0000073124",
    "fillingDate": "1999-03-16",
    "acceptedDate": "1999-03-16 00:00:00",
    "calendarYear": "1998",
    "period": "Q4",
    "revenue": 667200000,
    "costOfRevenue": 257200000,
    "grossProfit": 410000000,
    "grossProfitRatio": 0.6145083933,
    "researchAndDevelopmentExpenses": 0,
    "generalAndAdministrativeExpenses": 166900000,
    "sellingAndMarketingExpenses": 0,
    "sellingGeneralAndAdministrativeExpenses": 166900000,
    "otherExpenses": 102500000,
    "operatingExpenses": 269400000,
    "costAndExpenses": 526600000,
    "interestIncome": 382600000,
    "interestExpense": 256200000,
    "depreciationAndAmortization": -13100000,
    "ebitda": 127500000,
    "ebitdaratio": 0.1910971223,
    "operatingIncome": 140600000,
    "operatingIncomeRatio": 0.2107314149,
    "totalOtherIncomeExpensesNet": 0,
    "incomeBeforeTax": 140600000,
    "incomeBeforeTaxRatio": 0.2107314149,
    "incomeTaxExpense": 49000000,
    "netIncome": 91600000,
    "netIncomeRatio": 0.1372901679,
    "eps": 0.41,
    "epsdiluted": 0.41,
    "weightedAverageShsOut": 220211000,
    "weightedAverageShsOutDil": 223286000,
    "link": "https://www.sec.gov/Archives/edgar/data/73124/000095013199001510/0000950131-99-001510-index.html",
    "finalLink": "https://www.sec.gov/Archives/edgar/data/73124/0000950131-99-001510.txt"
  },
  {
    "date": "1998-09-30",
    "symbol": "NTRS",
    "reportedCurrency": "USD",
    "cik": "0000073124",
    "fillingDate": "1998-11-16",
    "acceptedDate": "1998-11-16 00:00:00",
    "calendarYear": "1998",
    "period": "Q3",
    "revenue": 657600000,
    "costOfRevenue": 275900000,
    "grossProfit": 381700000,
    "grossProfitRatio": 0.5804440389,
    "researchAndDevelopmentExpenses": 0,
    "generalAndAdministrativeExpenses": 149300000,
    "sellingAndMarketingExpenses": 0,
    "sellingGeneralAndAdministrativeExpenses": 149300000,
    "otherExpenses": 94500000,
    "operatingExpenses": 243800000,
    "costAndExpenses": 519700000,
    "interestIncome": 392900000,
    "interestExpense": 274900000,
    "depreciationAndAmortization": 5000000,
    "ebitda": 142900000,
    "ebitdaratio": 0.2173053528,
    "operatingIncome": 137900000,
    "operatingIncomeRatio": 0.2097019465,
    "totalOtherIncomeExpensesNet": 0,
    "incomeBeforeTax": 137900000,
    "incomeBeforeTaxRatio": 0.2097019465,
    "incomeTaxExpense": 47700000,
    "netIncome": 90200000,
    "netIncomeRatio": 0.1371654501,
    "eps": 0.41,
    "epsdiluted": 0.39,
    "weightedAverageShsOut": 217073000,
    "weightedAverageShsOutDil": 228205000,
    "link": "https://www.sec.gov/Archives/edgar/data/73124/000095013198006109/0000950131-98-006109-index.html",
    "finalLink": "https://www.sec.gov/Archives/edgar/data/73124/0000950131-98-006109.txt"
  },
  {
    "date": "1998-06-30",
    "symbol": "NTRS",
    "reportedCurrency": "USD",
    "cik": "0000073124",
    "fillingDate": "1998-08-12",
    "acceptedDate": "1998-08-12 00:00:00",
    "calendarYear": "1998",
    "period": "Q2",
    "revenue": 636000000,
    "costOfRevenue": 254100000,
    "grossProfit": 381900000,
    "grossProfitRatio": 0.6004716981,
    "researchAndDevelopmentExpenses": 0,
    "generalAndAdministrativeExpenses": 148000000,
    "sellingAndMarketingExpenses": 0,
    "sellingGeneralAndAdministrativeExpenses": 148000000,
    "otherExpenses": 99700000,
    "operatingExpenses": 247700000,
    "costAndExpenses": 501800000,
    "interestIncome": 370300000,
    "interestExpense": 251100000,
    "depreciationAndAmortization": -51100000,
    "ebitda": 83100000,
    "ebitdaratio": 0.1306603774,
    "operatingIncome": 134200000,
    "operatingIncomeRatio": 0.2110062893,
    "totalOtherIncomeExpensesNet": 0,
    "incomeBeforeTax": 134200000,
    "incomeBeforeTaxRatio": 0.2110062893,
    "incomeTaxExpense": 47000000,
    "netIncome": 87200000,
    "netIncomeRatio": 0.1371069182,
    "eps": 0.39,
    "epsdiluted": 0.38,
    "weightedAverageShsOut": 223590000,
    "weightedAverageShsOutDil": 229474000,
    "link": "https://www.sec.gov/Archives/edgar/data/73124/000095013198004756/0000950131-98-004756-index.html",
    "finalLink": "https://www.sec.gov/Archives/edgar/data/73124/0000950131-98-004756.txt"
  },
  {
    "date": "1998-03-31",
    "symbol": "NTRS",
    "reportedCurrency": "USD",
    "cik": "0000073124",
    "fillingDate": "1998-05-14",
    "acceptedDate": "1998-05-14 00:00:00",
    "calendarYear": "1998",
    "period": "Q1",
    "revenue": 613900000,
    "costOfRevenue": 247700000,
    "grossProfit": 366200000,
    "grossProfitRatio": 0.5965140902,
    "researchAndDevelopmentExpenses": 0,
    "generalAndAdministrativeExpenses": 145200000,
    "sellingAndMarketingExpenses": 0,
    "sellingGeneralAndAdministrativeExpenses": 145200000,
    "otherExpenses": 91000000,
    "operatingExpenses": 236200000,
    "costAndExpenses": 483900000,
    "interestIncome": 357300000,
    "interestExpense": 243700000,
    "depreciationAndAmortization": -49200000,
    "ebitda": 80800000,
    "ebitdaratio": 0.1316175273,
    "operatingIncome": 130000000,
    "operatingIncomeRatio": 0.2117608731,
    "totalOtherIncomeExpensesNet": 0,
    "incomeBeforeTax": 130000000,
    "incomeBeforeTaxRatio": 0.2117608731,
    "incomeTaxExpense": 45100000,
    "netIncome": 84900000,
    "netIncomeRatio": 0.1382961394,
    "eps": 0.38,
    "epsdiluted": 0.37,
    "weightedAverageShsOut": 223421000,
    "weightedAverageShsOutDil": 229459000,
    "link": "https://www.sec.gov/Archives/edgar/data/73124/000095013198003295/0000950131-98-003295-index.html",
    "finalLink": "https://www.sec.gov/Archives/edgar/data/73124/0000950131-98-003295.txt"
  },
  {
    "date": "1997-12-31",
    "symbol": "NTRS",
    "reportedCurrency": "USD",
    "cik": "0000073124",
    "fillingDate": "1998-03-17",
    "acceptedDate": "1998-03-17 00:00:00",
    "calendarYear": "1997",
    "period": "Q4",
    "revenue": 609100000,
    "costOfRevenue": 251500000,
    "grossProfit": 357600000,
    "grossProfitRatio": 0.587095715,
    "researchAndDevelopmentExpenses": 0,
    "generalAndAdministrativeExpenses": 140200000,
    "sellingAndMarketingExpenses": 0,
    "sellingGeneralAndAdministrativeExpenses": 140200000,
    "otherExpenses": 93400000,
    "operatingExpenses": 233600000,
    "costAndExpenses": 485100000,
    "interestIncome": 361800000,
    "interestExpense": 248500000,
    "depreciationAndAmortization": -36800000,
    "ebitda": 87200000,
    "ebitdaratio": 0.1431620424,
    "operatingIncome": 124000000,
    "operatingIncomeRatio": 0.2035790511,
    "totalOtherIncomeExpensesNet": 0,
    "incomeBeforeTax": 124000000,
    "incomeBeforeTaxRatio": 0.2035790511,
    "incomeTaxExpense": 42700000,
    "netIncome": 81300000,
    "netIncomeRatio": 0.1334756198,
    "eps": 0.37,
    "epsdiluted": 0.37,
    "weightedAverageShsOut": 221804000,
    "weightedAverageShsOutDil": 221804000,
    "link": "https://www.sec.gov/Archives/edgar/data/73124/000095013198001754/0000950131-98-001754-index.html",
    "finalLink": "https://www.sec.gov/Archives/edgar/data/73124/0000950131-98-001754.txt"
  },
  {
    "date": "1997-09-30",
    "symbol": "NTRS",
    "reportedCurrency": "USD",
    "cik": "0000073124",
    "fillingDate": "1997-11-13",
    "acceptedDate": "1997-11-13 00:00:00",
    "calendarYear": "1997",
    "period": "Q3",
    "revenue": 593900000,
    "costOfRevenue": 234600000,
    "grossProfit": 359300000,
    "grossProfitRatio": 0.604984004,
    "researchAndDevelopmentExpenses": 0,
    "generalAndAdministrativeExpenses": 136500000,
    "sellingAndMarketingExpenses": 0,
    "sellingGeneralAndAdministrativeExpenses": 136500000,
    "otherExpenses": 98200000,
    "operatingExpenses": 234700000,
    "costAndExpenses": 469300000,
    "interestIncome": 339200000,
    "interestExpense": 229600000,
    "depreciationAndAmortization": -8200000,
    "ebitda": 116400000,
    "ebitdaratio": 0.1959925913,
    "operatingIncome": 124600000,
    "operatingIncomeRatio": 0.2097996296,
    "totalOtherIncomeExpensesNet": 0,
    "incomeBeforeTax": 124600000,
    "incomeBeforeTaxRatio": 0.2097996296,
    "incomeTaxExpense": 43600000,
    "netIncome": 81000000,
    "netIncomeRatio": 0.1363865971,
    "eps": 0.36,
    "epsdiluted": 0.35,
    "weightedAverageShsOut": 221389000,
    "weightedAverageShsOutDil": 227714000,
    "link": "https://www.sec.gov/Archives/edgar/data/73124/000095013197006770/0000950131-97-006770-index.html",
    "finalLink": "https://www.sec.gov/Archives/edgar/data/73124/0000950131-97-006770.txt"
  },
  {
    "date": "1997-06-30",
    "symbol": "NTRS",
    "reportedCurrency": "USD",
    "cik": "0000073124",
    "fillingDate": "1997-08-13",
    "acceptedDate": "1997-08-13 00:00:00",
    "calendarYear": "1997",
    "period": "Q2",
    "revenue": 555000000,
    "costOfRevenue": 223100000,
    "grossProfit": 331900000,
    "grossProfitRatio": 0.598018018,
    "researchAndDevelopmentExpenses": 0,
    "generalAndAdministrativeExpenses": 128100000,
    "sellingAndMarketingExpenses": 0,
    "sellingGeneralAndAdministrativeExpenses": 128100000,
    "otherExpenses": 88900000,
    "operatingExpenses": 217000000,
    "costAndExpenses": 440100000,
    "interestIncome": 331800000,
    "interestExpense": 222600000,
    "depreciationAndAmortization": -30100000,
    "ebitda": 84800000,
    "ebitdaratio": 0.1527927928,
    "operatingIncome": 114900000,
    "operatingIncomeRatio": 0.207027027,
    "totalOtherIncomeExpensesNet": 0,
    "incomeBeforeTax": 114900000,
    "incomeBeforeTaxRatio": 0.207027027,
    "incomeTaxExpense": 39500000,
    "netIncome": 75400000,
    "netIncomeRatio": 0.1358558559,
    "eps": 0.34,
    "epsdiluted": 0.33,
    "weightedAverageShsOut": 218235000,
    "weightedAverageShsOutDil": 224848000,
    "link": "https://www.sec.gov/Archives/edgar/data/73124/000095013197005026/0000950131-97-005026-index.html",
    "finalLink": "https://www.sec.gov/Archives/edgar/data/73124/0000950131-97-005026.txt"
  },
  {
    "date": "1997-03-31",
    "symbol": "NTRS",
    "reportedCurrency": "USD",
    "cik": "0000073124",
    "fillingDate": "1997-05-14",
    "acceptedDate": "1997-05-14 00:00:00",
    "calendarYear": "1997",
    "period": "Q1",
    "revenue": 508700000,
    "costOfRevenue": 194400000,
    "grossProfit": 314300000,
    "grossProfitRatio": 0.6178494201,
    "researchAndDevelopmentExpenses": 0,
    "generalAndAdministrativeExpenses": 122500000,
    "sellingAndMarketingExpenses": 0,
    "sellingGeneralAndAdministrativeExpenses": 122500000,
    "otherExpenses": 83400000,
    "operatingExpenses": 205900000,
    "costAndExpenses": 400300000,
    "interestIncome": 300000000,
    "interestExpense": 193900000,
    "depreciationAndAmortization": -14600000,
    "ebitda": 93800000,
    "ebitdaratio": 0.1843915864,
    "operatingIncome": 108400000,
    "operatingIncomeRatio": 0.2130921958,
    "totalOtherIncomeExpensesNet": 0,
    "incomeBeforeTax": 108400000,
    "incomeBeforeTaxRatio": 0.2130921958,
    "incomeTaxExpense": 36700000,
    "netIncome": 71700000,
    "netIncomeRatio": 0.1409475133,
    "eps": 0.32,
    "epsdiluted": 0.31,
    "weightedAverageShsOut": 220313000,
    "weightedAverageShsOutDil": 227419000,
    "link": "https://www.sec.gov/Archives/edgar/data/73124/000095013197003422/0000950131-97-003422-index.html",
    "finalLink": "https://www.sec.gov/Archives/edgar/data/73124/0000950131-97-003422.txt"
  },
  {
    "date": "1996-12-31",
    "symbol": "NTRS",
    "reportedCurrency": "USD",
    "cik": "0000073124",
    "fillingDate": "1997-03-14",
    "acceptedDate": "1997-03-14 00:00:00",
    "calendarYear": "1996",
    "period": "Q4",
    "revenue": 491300000,
    "costOfRevenue": 190500000,
    "grossProfit": 300800000,
    "grossProfitRatio": 0.6122532058,
    "researchAndDevelopmentExpenses": 0,
    "generalAndAdministrativeExpenses": 113900000,
    "sellingAndMarketingExpenses": 0,
    "sellingGeneralAndAdministrativeExpenses": 113900000,
    "otherExpenses": 86000000,
    "operatingExpenses": 199900000,
    "costAndExpenses": 390400000,
    "interestIncome": 290600000,
    "interestExpense": 190000000,
    "depreciationAndAmortization": -23600000,
    "ebitda": 77300000,
    "ebitdaratio": 0.1573376756,
    "operatingIncome": 100900000,
    "operatingIncomeRatio": 0.2053734989,
    "totalOtherIncomeExpensesNet": 0,
    "incomeBeforeTax": 100900000,
    "incomeBeforeTaxRatio": 0.2053734989,
    "incomeTaxExpense": 33500000,
    "netIncome": 67400000,
    "netIncomeRatio": 0.1371870548,
    "eps": 0.31,
    "epsdiluted": 0.31,
    "weightedAverageShsOut": 220313000,
    "weightedAverageShsOutDil": 220313000,
    "link": "https://www.sec.gov/Archives/edgar/data/73124/000095013197001800/0000950131-97-001800-index.html",
    "finalLink": "https://www.sec.gov/Archives/edgar/data/73124/0000950131-97-001800.txt"
  },
  {
    "date": "1996-09-30",
    "symbol": "NTRS",
    "reportedCurrency": "USD",
    "cik": "0000073124",
    "fillingDate": "1996-11-13",
    "acceptedDate": "1996-11-13 00:00:00",
    "calendarYear": "1996",
    "period": "Q3",
    "revenue": 484200000,
    "costOfRevenue": 193600000,
    "grossProfit": 290600000,
    "grossProfitRatio": 0.600165221,
    "researchAndDevelopmentExpenses": 0,
    "generalAndAdministrativeExpenses": 110900000,
    "sellingAndMarketingExpenses": 0,
    "sellingGeneralAndAdministrativeExpenses": 110900000,
    "otherExpenses": 80400000,
    "operatingExpenses": 191300000,
    "costAndExpenses": 384900000,
    "interestIncome": 289900000,
    "interestExpense": 191100000,
    "depreciationAndAmortization": 26300000,
    "ebitda": 125600000,
    "ebitdaratio": 0.2593969434,
    "operatingIncome": 99300000,
    "operatingIncomeRatio": 0.2050805452,
    "totalOtherIncomeExpensesNet": 0,
    "incomeBeforeTax": 99300000,
    "incomeBeforeTaxRatio": 0.2050805452,
    "incomeTaxExpense": 32800000,
    "netIncome": 66500000,
    "netIncomeRatio": 0.1373399422,
    "eps": 0.29,
    "epsdiluted": 0.29,
    "weightedAverageShsOut": 225172000,
    "weightedAverageShsOutDil": 225172000,
    "link": "https://www.sec.gov/Archives/edgar/data/73124/000095013196005714/0000950131-96-005714-index.html",
    "finalLink": "https://www.sec.gov/Archives/edgar/data/73124/0000950131-96-005714.txt"
  },
  {
    "date": "1996-06-30",
    "symbol": "NTRS",
    "reportedCurrency": "USD",
    "cik": "0000073124",
    "fillingDate": "1996-08-12",
    "acceptedDate": "1996-08-12 00:00:00",
    "calendarYear": "1996",
    "period": "Q2",
    "revenue": 481300000,
    "costOfRevenue": 194600000,
    "grossProfit": 286700000,
    "grossProfitRatio": 0.5956783711,
    "researchAndDevelopmentExpenses": 0,
    "generalAndAdministrativeExpenses": 108400000,
    "sellingAndMarketingExpenses": 0,
    "sellingGeneralAndAdministrativeExpenses": 108400000,
    "otherExpenses": 83200000,
    "operatingExpenses": 191600000,
    "costAndExpenses": 386200000,
    "interestIncome": 286100000,
    "interestExpense": 190600000,
    "depreciationAndAmortization": -26900000,
    "ebitda": 68200000,
    "ebitdaratio": 0.1416995637,
    "operatingIncome": 95100000,
    "operatingIncomeRatio": 0.1975898608,
    "totalOtherIncomeExpensesNet": 0,
    "incomeBeforeTax": 95100000,
    "incomeBeforeTaxRatio": 0.1975898608,
    "incomeTaxExpense": 31700000,
    "netIncome": 63400000,
    "netIncomeRatio": 0.1317265739,
    "eps": 0.28,
    "epsdiluted": 0.27,
    "weightedAverageShsOut": 222143000,
    "weightedAverageShsOutDil": 230370000,
    "link": "https://www.sec.gov/Archives/edgar/data/73124/000095013196003798/0000950131-96-003798-index.html",
    "finalLink": "https://www.sec.gov/Archives/edgar/data/73124/0000950131-96-003798.txt"
  },
  {
    "date": "1996-03-31",
    "symbol": "NTRS",
    "reportedCurrency": "USD",
    "cik": "0000073124",
    "fillingDate": "1996-05-14",
    "acceptedDate": "1996-05-14 00:00:00",
    "calendarYear": "1996",
    "period": "Q1",
    "revenue": 472600000,
    "costOfRevenue": 196500000,
    "grossProfit": 276100000,
    "grossProfitRatio": 0.584214981,
    "researchAndDevelopmentExpenses": 0,
    "generalAndAdministrativeExpenses": 108100000,
    "sellingAndMarketingExpenses": 0,
    "sellingGeneralAndAdministrativeExpenses": 108100000,
    "otherExpenses": 75900000,
    "operatingExpenses": 184000000,
    "costAndExpenses": 380500000,
    "interestIncome": 284900000,
    "interestExpense": 191500000,
    "depreciationAndAmortization": -6900000,
    "ebitda": 85200000,
    "ebitdaratio": 0.180279306,
    "operatingIncome": 92100000,
    "operatingIncomeRatio": 0.1948793906,
    "totalOtherIncomeExpensesNet": 0,
    "incomeBeforeTax": 92100000,
    "incomeBeforeTaxRatio": 0.1948793906,
    "incomeTaxExpense": 30600000,
    "netIncome": 61500000,
    "netIncomeRatio": 0.1301311892,
    "eps": 0.27,
    "epsdiluted": 0.26,
    "weightedAverageShsOut": 222963000,
    "weightedAverageShsOutDil": 231538000,
    "link": "https://www.sec.gov/Archives/edgar/data/73124/000095013196002204/0000950131-96-002204-index.html",
    "finalLink": "https://www.sec.gov/Archives/edgar/data/73124/0000950131-96-002204.txt"
  },
  {
    "date": "1995-12-31",
    "symbol": "NTRS",
    "reportedCurrency": "USD",
    "cik": "0000073124",
    "fillingDate": "1996-03-12",
    "acceptedDate": "1996-03-12 00:00:00",
    "calendarYear": "1995",
    "period": "Q4",
    "revenue": 460500000,
    "costOfRevenue": 195200000,
    "grossProfit": 265300000,
    "grossProfitRatio": 0.5761129207,
    "researchAndDevelopmentExpenses": 0,
    "generalAndAdministrativeExpenses": 105500000,
    "sellingAndMarketingExpenses": 0,
    "sellingGeneralAndAdministrativeExpenses": 105500000,
    "otherExpenses": 72800000,
    "operatingExpenses": 178300000,
    "costAndExpenses": 373500000,
    "interestIncome": 285900000,
    "interestExpense": 194200000,
    "depreciationAndAmortization": 142600000,
    "ebitda": 229600000,
    "ebitdaratio": 0.4985884908,
    "operatingIncome": 87000000,
    "operatingIncomeRatio": 0.1889250814,
    "totalOtherIncomeExpensesNet": 0,
    "incomeBeforeTax": 87000000,
    "incomeBeforeTaxRatio": 0.1889250814,
    "incomeTaxExpense": 27500000,
    "netIncome": 59500000,
    "netIncomeRatio": 0.1292073833,
    "eps": 0.27,
    "epsdiluted": 0.27,
    "weightedAverageShsOut": 222963000,
    "weightedAverageShsOutDil": 222963000,
    "link": "https://www.sec.gov/Archives/edgar/data/73124/000095013196001047/0000950131-96-001047-index.htm",
    "finalLink": "https://www.sec.gov/Archives/edgar/data/73124/000095013196001047/"
  },
  {
    "date": "1995-09-30",
    "symbol": "NTRS",
    "reportedCurrency": "USD",
    "cik": "0000073124",
    "fillingDate": "1995-11-13",
    "acceptedDate": "1995-11-13 00:00:00",
    "calendarYear": "1995",
    "period": "Q3",
    "revenue": 459200000,
    "costOfRevenue": 198400000,
    "grossProfit": 260800000,
    "grossProfitRatio": 0.5679442509,
    "researchAndDevelopmentExpenses": 0,
    "generalAndAdministrativeExpenses": 104400000,
    "sellingAndMarketingExpenses": 0,
    "sellingGeneralAndAdministrativeExpenses": 104400000,
    "otherExpenses": 71100000,
    "operatingExpenses": 175500000,
    "costAndExpenses": 373900000,
    "interestIncome": 285800000,
    "interestExpense": 196400000,
    "depreciationAndAmortization": -33100000,
    "ebitda": 52200000,
    "ebitdaratio": 0.1136759582,
    "operatingIncome": 85300000,
    "operatingIncomeRatio": 0.1857578397,
    "totalOtherIncomeExpensesNet": 0,
    "incomeBeforeTax": 85300000,
    "incomeBeforeTaxRatio": 0.1857578397,
    "incomeTaxExpense": 27200000,
    "netIncome": 58100000,
    "netIncomeRatio": 0.1265243902,
    "eps": 0.25,
    "epsdiluted": 0.25,
    "weightedAverageShsOut": 224000000,
    "weightedAverageShsOutDil": 224000000,
    "link": "https://www.sec.gov/Archives/edgar/data/73124/000095013195003147/0000950131-95-003147-index.html",
    "finalLink": "https://www.sec.gov/Archives/edgar/data/73124/0000950131-95-003147.txt"
  }
]