[
  {
    "date": "2024-12-31",
    "symbol": "NTRS",
    "reportedCurrency": "USD",
    "cik": "0000073124",
    "fillingDate": "2025-02-24",
    "acceptedDate": "2025-02-24 16:55:08",
    "calendarYear": "2024",
    "period": "FY",
    "revenue": 15875600000,
    "costOfRevenue": 7582200000,
    "grossProfit": 8293400000,
    "grossProfitRatio": 0.5223991534,
    "researchAndDevelopmentExpenses": 0,
    "generalAndAdministrativeExpenses": 2896500000,
    "sellingAndMarketingExpenses": 81300000,
    "sellingGeneralAndAdministrativeExpenses": 2977800000,
    "otherExpenses": 2656100000,
    "operatingExpenses": 5633900000,
    "costAndExpenses": 13216100000,
    "interestIncome": 9762300000,
    "interestExpense": 7585200000,
    "depreciationAndAmortization": 716800000,
    "ebitda": 3376300000,
    "ebitdaratio": 0.212672277,
    "operatingIncome": 2659500000,
    "operatingIncomeRatio": 0.1675212275,
    "totalOtherIncomeExpensesNet": 0,
    "incomeBeforeTax": 2659500000,
    "incomeBeforeTaxRatio": 0.1675212275,
    "incomeTaxExpense": 628400000,
    "netIncome": 2031100000,
    "netIncomeRatio": 0.1279384716,
    "eps": 9.8,
    "epsdiluted": 9.77,
    "weightedAverageShsOut": 201264000,
    "weightedAverageShsOutDil": 201870000,
    "link": "https://www.sec.gov/Archives/edgar/data/73124/000007312425000105/0000073124-25-000105-index.htm",
    "finalLink": "https://www.sec.gov/Archives/edgar/data/73124/000007312425000105/ntrs-20241231.htm"
  },
  {
    "date": "2023-12-31",
    "symbol": "NTRS",
    "reportedCurrency": "USD",
    "cik": "0000073124",
    "fillingDate": "2024-02-27",
    "acceptedDate": "2024-02-27 17:23:06",
    "calendarYear": "2023",
    "period": "FY",
    "revenue": 12116500000,
    "costOfRevenue": 5367500000,
    "grossProfit": 6749000000,
    "grossProfitRatio": 0.5570090373,
    "researchAndDevelopmentExpenses": 0,
    "generalAndAdministrativeExpenses": 2837300000,
    "sellingAndMarketingExpenses": 74800000,
    "sellingGeneralAndAdministrativeExpenses": 2912100000,
    "otherExpenses": 2372100000,
    "operatingExpenses": 5284200000,
    "costAndExpenses": 10651700000,
    "interestIncome": 7325000000,
    "interestExpense": 5343000000,
    "depreciationAndAmortization": 634600000,
    "ebitda": 2099400000,
    "ebitdaratio": 0.1732678579,
    "operatingIncome": 1464800000,
    "operatingIncomeRatio": 0.1208929972,
    "totalOtherIncomeExpensesNet": 0,
    "incomeBeforeTax": 1464800000,
    "incomeBeforeTaxRatio": 0.1208929972,
    "incomeTaxExpense": 357500000,
    "netIncome": 1107300000,
    "netIncomeRatio": 0.091387777,
    "eps": 5.09,
    "epsdiluted": 5.08,
    "weightedAverageShsOut": 207248000,
    "weightedAverageShsOutDil": 207564000,
    "link": "https://www.sec.gov/Archives/edgar/data/73124/000007312424000073/0000073124-24-000073-index.htm",
    "finalLink": "https://www.sec.gov/Archives/edgar/data/73124/000007312424000073/ntrs-20231231.htm"
  },
  {
    "date": "2022-12-31",
    "symbol": "NTRS",
    "reportedCurrency": "USD",
    "cik": "0000073124",
    "fillingDate": "2023-02-28",
    "acceptedDate": "2023-02-28 16:20:50",
    "calendarYear": "2022",
    "period": "FY",
    "revenue": 7751700000,
    "costOfRevenue": 1002500000,
    "grossProfit": 6749200000,
    "grossProfitRatio": 0.8706735297,
    "researchAndDevelopmentExpenses": 0,
    "generalAndAdministrativeExpenses": 2737800000,
    "sellingAndMarketingExpenses": 76700000,
    "sellingGeneralAndAdministrativeExpenses": 2814500000,
    "otherExpenses": 2168400000,
    "operatingExpenses": 4982900000,
    "costAndExpenses": 5985400000,
    "interestIncome": 2877700000,
    "interestExpense": 990500000,
    "depreciationAndAmortization": 553600000,
    "ebitda": 2319900000,
    "ebitdaratio": 0.2992762878,
    "operatingIncome": 1766300000,
    "operatingIncomeRatio": 0.2278596953,
    "totalOtherIncomeExpensesNet": 0,
    "incomeBeforeTax": 1766300000,
    "incomeBeforeTaxRatio": 0.2278596953,
    "incomeTaxExpense": 430300000,
    "netIncome": 1336000000,
    "netIncomeRatio": 0.1723492911,
    "eps": 6.16,
    "epsdiluted": 6.14,
    "weightedAverageShsOut": 208309000,
    "weightedAverageShsOutDil": 208867000,
    "link": "https://www.sec.gov/Archives/edgar/data/73124/000007312423000049/0000073124-23-000049-index.htm",
    "finalLink": "https://www.sec.gov/Archives/edgar/data/73124/000007312423000049/ntrs-20221231.htm"
  },
  {
    "date": "2021-12-31",
    "symbol": "NTRS",
    "reportedCurrency": "USD",
    "cik": "0000073124",
    "fillingDate": "2022-02-28",
    "acceptedDate": "2022-02-28 16:35:35",
    "calendarYear": "2021",
    "period": "FY",
    "revenue": 6488300000,
    "costOfRevenue": -57700000,
    "grossProfit": 6546000000,
    "grossProfitRatio": 1.0088929304,
    "researchAndDevelopmentExpenses": 0,
    "generalAndAdministrativeExpenses": 2490900000,
    "sellingAndMarketingExpenses": 65500000,
    "sellingGeneralAndAdministrativeExpenses": 2556400000,
    "otherExpenses": 1979500000,
    "operatingExpenses": 4535900000,
    "costAndExpenses": 4478200000,
    "interestIncome": 1406500000,
    "interestExpense": 23800000,
    "depreciationAndAmortization": 515600000,
    "ebitda": 2525700000,
    "ebitdaratio": 0.3892699166,
    "operatingIncome": 2010100000,
    "operatingIncomeRatio": 0.3098038007,
    "totalOtherIncomeExpensesNet": 0,
    "incomeBeforeTax": 2010100000,
    "incomeBeforeTaxRatio": 0.3098038007,
    "incomeTaxExpense": 464800000,
    "netIncome": 1545300000,
    "netIncomeRatio": 0.2381671624,
    "eps": 7.16,
    "epsdiluted": 7.14,
    "weightedAverageShsOut": 208076000,
    "weightedAverageShsOutDil": 208899000,
    "link": "https://www.sec.gov/Archives/edgar/data/73124/000007312422000071/0000073124-22-000071-index.htm",
    "finalLink": "https://www.sec.gov/Archives/edgar/data/73124/000007312422000071/ntrs-20211231.htm"
  },
  {
    "date": "2020-12-31",
    "symbol": "NTRS",
    "reportedCurrency": "USD",
    "cik": "0000073124",
    "fillingDate": "2021-02-23",
    "acceptedDate": "2021-02-23 16:51:30",
    "calendarYear": "2020",
    "period": "FY",
    "revenue": 6301100000,
    "costOfRevenue": 325300000,
    "grossProfit": 5975800000,
    "grossProfitRatio": 0.9483740934,
    "researchAndDevelopmentExpenses": 0,
    "generalAndAdministrativeExpenses": 2376000000,
    "sellingAndMarketingExpenses": 59200000,
    "sellingGeneralAndAdministrativeExpenses": 2435200000,
    "otherExpenses": 1913000000,
    "operatingExpenses": 4348200000,
    "costAndExpenses": 4673500000,
    "interestIncome": 1643500000,
    "interestExpense": 200300000,
    "depreciationAndAmortization": 500300000,
    "ebitda": 2127900000,
    "ebitdaratio": 0.3377029408,
    "operatingIncome": 1627600000,
    "operatingIncomeRatio": 0.2583041056,
    "totalOtherIncomeExpensesNet": 0,
    "incomeBeforeTax": 1627600000,
    "incomeBeforeTaxRatio": 0.2583041056,
    "incomeTaxExpense": 418300000,
    "netIncome": 1209300000,
    "netIncomeRatio": 0.1919188713,
    "eps": 5.48,
    "epsdiluted": 5.46,
    "weightedAverageShsOut": 208319000,
    "weightedAverageShsOutDil": 209008000,
    "link": "https://www.sec.gov/Archives/edgar/data/73124/000007312421000071/0000073124-21-000071-index.htm",
    "finalLink": "https://www.sec.gov/Archives/edgar/data/73124/000007312421000071/ntrs-20201231.htm"
  },
  {
    "date": "2019-12-31",
    "symbol": "NTRS",
    "reportedCurrency": "USD",
    "cik": "0000073124",
    "fillingDate": "2020-02-25",
    "acceptedDate": "2020-02-25 17:06:15",
    "calendarYear": "2019",
    "period": "FY",
    "revenue": 6895100000,
    "costOfRevenue": 807500000,
    "grossProfit": 6087600000,
    "grossProfitRatio": 0.8828878479,
    "researchAndDevelopmentExpenses": 0,
    "generalAndAdministrativeExpenses": 2266900000,
    "sellingAndMarketingExpenses": 104200000,
    "sellingGeneralAndAdministrativeExpenses": 2371100000,
    "otherExpenses": 1772400000,
    "operatingExpenses": 4143500000,
    "costAndExpenses": 4951000000,
    "interestIncome": 2499900000,
    "interestExpense": 822000000,
    "depreciationAndAmortization": 458900000,
    "ebitda": 2403000000,
    "ebitdaratio": 0.348508361,
    "operatingIncome": 1944100000,
    "operatingIncomeRatio": 0.2819538513,
    "totalOtherIncomeExpensesNet": 0,
    "incomeBeforeTax": 1944100000,
    "incomeBeforeTaxRatio": 0.2819538513,
    "incomeTaxExpense": 451900000,
    "netIncome": 1492200000,
    "netIncomeRatio": 0.2164145553,
    "eps": 6.66,
    "epsdiluted": 6.63,
    "weightedAverageShsOut": 214526000,
    "weightedAverageShsOutDil": 215601000,
    "link": "https://www.sec.gov/Archives/edgar/data/73124/000007312420000101/0000073124-20-000101-index.htm",
    "finalLink": "https://www.sec.gov/Archives/edgar/data/73124/000007312420000101/a201910-k.htm"
  },
  {
    "date": "2018-12-31",
    "symbol": "NTRS",
    "reportedCurrency": "USD",
    "cik": "0000073124",
    "fillingDate": "2019-02-26",
    "acceptedDate": "2019-02-26 16:37:47",
    "calendarYear": "2018",
    "period": "FY",
    "revenue": 6658900000,
    "costOfRevenue": 684200000,
    "grossProfit": 5974700000,
    "grossProfitRatio": 0.8972502966,
    "researchAndDevelopmentExpenses": 0,
    "generalAndAdministrativeExpenses": 2224600000,
    "sellingAndMarketingExpenses": 98300000,
    "sellingGeneralAndAdministrativeExpenses": 2322900000,
    "otherExpenses": 1694000000,
    "operatingExpenses": 4016900000,
    "costAndExpenses": 4701100000,
    "interestIncome": 2321400000,
    "interestExpense": 698700000,
    "depreciationAndAmortization": 460900000,
    "ebitda": 2418700000,
    "ebitdaratio": 0.3632281608,
    "operatingIncome": 1957800000,
    "operatingIncomeRatio": 0.2940125246,
    "totalOtherIncomeExpensesNet": 0,
    "incomeBeforeTax": 1957800000,
    "incomeBeforeTaxRatio": 0.2940125246,
    "incomeTaxExpense": 401400000,
    "netIncome": 1556400000,
    "netIncomeRatio": 0.2337322981,
    "eps": 6.68,
    "epsdiluted": 6.64,
    "weightedAverageShsOut": 223148000,
    "weightedAverageShsOutDil": 224488000,
    "link": "https://www.sec.gov/Archives/edgar/data/73124/000007312419000088/0000073124-19-000088-index.htm",
    "finalLink": "https://www.sec.gov/Archives/edgar/data/73124/000007312419000088/a201810-k.htm"
  },
  {
    "date": "2017-12-31",
    "symbol": "NTRS",
    "reportedCurrency": "USD",
    "cik": "0000073124",
    "fillingDate": "2018-02-27",
    "acceptedDate": "2018-02-27 17:02:44",
    "calendarYear": "2017",
    "period": "FY",
    "revenue": 5715500000,
    "costOfRevenue": 312200000,
    "grossProfit": 5403300000,
    "grossProfitRatio": 0.9453766075,
    "researchAndDevelopmentExpenses": 0,
    "generalAndAdministrativeExpenses": 2131100000,
    "sellingAndMarketingExpenses": 95400000,
    "sellingGeneralAndAdministrativeExpenses": 2226500000,
    "otherExpenses": 1542900000,
    "operatingExpenses": 3769400000,
    "costAndExpenses": 4081600000,
    "interestIncome": 1769400000,
    "interestExpense": 340200000,
    "depreciationAndAmortization": 421700000,
    "ebitda": 2055600000,
    "ebitdaratio": 0.3596535736,
    "operatingIncome": 1633900000,
    "operatingIncomeRatio": 0.2858717523,
    "totalOtherIncomeExpensesNet": 0,
    "incomeBeforeTax": 1633900000,
    "incomeBeforeTaxRatio": 0.2858717523,
    "incomeTaxExpense": 434900000,
    "netIncome": 1199000000,
    "netIncomeRatio": 0.2097804217,
    "eps": 4.95,
    "epsdiluted": 4.92,
    "weightedAverageShsOut": 228258000,
    "weightedAverageShsOutDil": 229654000,
    "link": "https://www.sec.gov/Archives/edgar/data/73124/000007312418000141/0000073124-18-000141-index.htm",
    "finalLink": "https://www.sec.gov/Archives/edgar/data/73124/000007312418000141/a201710-k.htm"
  },
  {
    "date": "2016-12-31",
    "symbol": "NTRS",
    "reportedCurrency": "USD",
    "cik": "0000073124",
    "fillingDate": "2017-02-28",
    "acceptedDate": "2017-02-27 21:25:26",
    "calendarYear": "2016",
    "period": "FY",
    "revenue": 5020700000,
    "costOfRevenue": 156000000,
    "grossProfit": 4864700000,
    "grossProfitRatio": 0.9689286354,
    "researchAndDevelopmentExpenses": 0,
    "generalAndAdministrativeExpenses": 1909100000,
    "sellingAndMarketingExpenses": 83600000,
    "sellingGeneralAndAdministrativeExpenses": 1992700000,
    "otherExpenses": 1354900000,
    "operatingExpenses": 3347600000,
    "costAndExpenses": 3503600000,
    "interestIncome": 1416900000,
    "interestExpense": 182000000,
    "depreciationAndAmortization": 373300000,
    "ebitda": 1890400000,
    "ebitdaratio": 0.3765212022,
    "operatingIncome": 1517100000,
    "operatingIncomeRatio": 0.3021690203,
    "totalOtherIncomeExpensesNet": 0,
    "incomeBeforeTax": 1517100000,
    "incomeBeforeTaxRatio": 0.3021690203,
    "incomeTaxExpense": 484600000,
    "netIncome": 1032500000,
    "netIncomeRatio": 0.2056486147,
    "eps": 4.35,
    "epsdiluted": 4.32,
    "weightedAverageShsOut": 227581000,
    "weightedAverageShsOutDil": 229151000,
    "link": "https://www.sec.gov/Archives/edgar/data/73124/000007312417000117/0000073124-17-000117-index.htm",
    "finalLink": "https://www.sec.gov/Archives/edgar/data/73124/000007312417000117/a201610-k.htm"
  },
  {
    "date": "2015-12-31",
    "symbol": "NTRS",
    "reportedCurrency": "USD",
    "cik": "0000073124",
    "fillingDate": "2016-02-29",
    "acceptedDate": "2016-02-29 16:57:00",
    "calendarYear": "2015",
    "period": "FY",
    "revenue": 4756600000,
    "costOfRevenue": 110900000,
    "grossProfit": 4645700000,
    "grossProfitRatio": 0.9766850271,
    "researchAndDevelopmentExpenses": 0,
    "generalAndAdministrativeExpenses": 1794300000,
    "sellingAndMarketingExpenses": 85100000,
    "sellingGeneralAndAdministrativeExpenses": 1879400000,
    "otherExpenses": 1301300000,
    "operatingExpenses": 3180700000,
    "costAndExpenses": 3291600000,
    "interestIncome": 1224000000,
    "interestExpense": 153900000,
    "depreciationAndAmortization": 351600000,
    "ebitda": 1816600000,
    "ebitdaratio": 0.3819114494,
    "operatingIncome": 1465000000,
    "operatingIncomeRatio": 0.3079931043,
    "totalOtherIncomeExpensesNet": 0,
    "incomeBeforeTax": 1465000000,
    "incomeBeforeTaxRatio": 0.3079931043,
    "incomeTaxExpense": 491200000,
    "netIncome": 973800000,
    "netIncomeRatio": 0.2047260648,
    "eps": 4.03,
    "epsdiluted": 3.99,
    "weightedAverageShsOut": 232280000,
    "weightedAverageShsOutDil": 234222000,
    "link": "https://www.sec.gov/Archives/edgar/data/73124/000007312416000324/0000073124-16-000324-index.htm",
    "finalLink": "https://www.sec.gov/Archives/edgar/data/73124/000007312416000324/ntrs2015123110-k.htm"
  },
  {
    "date": "2014-12-31",
    "symbol": "NTRS",
    "reportedCurrency": "USD",
    "cik": "0000073124",
    "fillingDate": "2015-02-26",
    "acceptedDate": "2015-02-26 17:04:56",
    "calendarYear": "2014",
    "period": "FY",
    "revenue": 4512600000,
    "costOfRevenue": 187400000,
    "grossProfit": 4325200000,
    "grossProfitRatio": 0.9584718344,
    "researchAndDevelopmentExpenses": 0,
    "generalAndAdministrativeExpenses": 1714000000,
    "sellingAndMarketingExpenses": 79700000,
    "sellingGeneralAndAdministrativeExpenses": 1793700000,
    "otherExpenses": 1341300000,
    "operatingExpenses": 3135000000,
    "costAndExpenses": 3322400000,
    "interestIncome": 1186900000,
    "interestExpense": 181400000,
    "depreciationAndAmortization": 335700000,
    "ebitda": 1525900000,
    "ebitdaratio": 0.338142091,
    "operatingIncome": 1190200000,
    "operatingIncomeRatio": 0.2637503878,
    "totalOtherIncomeExpensesNet": 0,
    "incomeBeforeTax": 1190200000,
    "incomeBeforeTaxRatio": 0.2637503878,
    "incomeTaxExpense": 378400000,
    "netIncome": 811800000,
    "netIncomeRatio": 0.1798962904,
    "eps": 3.34,
    "epsdiluted": 3.32,
    "weightedAverageShsOut": 235830000,
    "weightedAverageShsOutDil": 237720000,
    "link": "https://www.sec.gov/Archives/edgar/data/73124/000119312515065963/0001193125-15-065963-index.htm",
    "finalLink": "https://www.sec.gov/Archives/edgar/data/73124/000119312515065963/d802907d10k.htm"
  },
  {
    "date": "2013-12-31",
    "symbol": "NTRS",
    "reportedCurrency": "USD",
    "cik": "0000073124",
    "fillingDate": "2014-02-26",
    "acceptedDate": "2014-02-26 16:43:54",
    "calendarYear": "2013",
    "period": "FY",
    "revenue": 4279100000,
    "costOfRevenue": 242400000,
    "grossProfit": 4036700000,
    "grossProfitRatio": 0.9433525741,
    "researchAndDevelopmentExpenses": 0,
    "generalAndAdministrativeExpenses": 1626700000,
    "sellingAndMarketingExpenses": 91600000,
    "sellingGeneralAndAdministrativeExpenses": 1718300000,
    "otherExpenses": 1242900000,
    "operatingExpenses": 2961200000,
    "costAndExpenses": 3203600000,
    "interestIncome": 1155500000,
    "interestExpense": 222400000,
    "depreciationAndAmortization": 318500000,
    "ebitda": 1394000000,
    "ebitdaratio": 0.3257694375,
    "operatingIncome": 1075500000,
    "operatingIncomeRatio": 0.2513378982,
    "totalOtherIncomeExpensesNet": 0,
    "incomeBeforeTax": 1075500000,
    "incomeBeforeTaxRatio": 0.2513378982,
    "incomeTaxExpense": 344200000,
    "netIncome": 731300000,
    "netIncomeRatio": 0.170900423,
    "eps": 3.01,
    "epsdiluted": 2.99,
    "weightedAverageShsOut": 239265000,
    "weightedAverageShsOutDil": 240555000,
    "link": "https://www.sec.gov/Archives/edgar/data/73124/000119312514069870/0001193125-14-069870-index.htm",
    "finalLink": "https://www.sec.gov/Archives/edgar/data/73124/000119312514069870/d619551d10k.htm"
  },
  {
    "date": "2012-12-31",
    "symbol": "NTRS",
    "reportedCurrency": "USD",
    "cik": "0000073124",
    "fillingDate": "2013-02-26",
    "acceptedDate": "2013-02-26 14:32:01",
    "calendarYear": "2012",
    "period": "FY",
    "revenue": 4193500000,
    "costOfRevenue": 322400000,
    "grossProfit": 3871100000,
    "grossProfitRatio": 0.9231191129,
    "researchAndDevelopmentExpenses": 0,
    "generalAndAdministrativeExpenses": 1592900000,
    "sellingAndMarketingExpenses": 87800000,
    "sellingGeneralAndAdministrativeExpenses": 1680700000,
    "otherExpenses": 1198100000,
    "operatingExpenses": 2878800000,
    "costAndExpenses": 3201200000,
    "interestIncome": 1287700000,
    "interestExpense": 297400000,
    "depreciationAndAmortization": 289400000,
    "ebitda": 1281700000,
    "ebitdaratio": 0.3056396805,
    "operatingIncome": 992300000,
    "operatingIncomeRatio": 0.2366281149,
    "totalOtherIncomeExpensesNet": 0,
    "incomeBeforeTax": 992300000,
    "incomeBeforeTaxRatio": 0.2366281149,
    "incomeTaxExpense": 305000000,
    "netIncome": 687300000,
    "netIncomeRatio": 0.1638965065,
    "eps": 2.82,
    "epsdiluted": 2.81,
    "weightedAverageShsOut": 240418000,
    "weightedAverageShsOutDil": 240881000,
    "link": "https://www.sec.gov/Archives/edgar/data/73124/000119312513076407/0001193125-13-076407-index.htm",
    "finalLink": "https://www.sec.gov/Archives/edgar/data/73124/000119312513076407/d417421d10k.htm"
  },
  {
    "date": "2011-12-31",
    "symbol": "NTRS",
    "reportedCurrency": "USD",
    "cik": "0000073124",
    "fillingDate": "2012-02-24",
    "acceptedDate": "2012-02-24 17:06:53",
    "calendarYear": "2011",
    "period": "FY",
    "revenue": 4168500000,
    "costOfRevenue": 454500000,
    "grossProfit": 3714000000,
    "grossProfitRatio": 0.8909679741,
    "researchAndDevelopmentExpenses": 0,
    "generalAndAdministrativeExpenses": 1592300000,
    "sellingAndMarketingExpenses": 82100000,
    "sellingGeneralAndAdministrativeExpenses": 1674400000,
    "otherExpenses": 1155900000,
    "operatingExpenses": 2830300000,
    "costAndExpenses": 3284800000,
    "interestIncome": 1408600000,
    "interestExpense": 399500000,
    "depreciationAndAmortization": 265100000,
    "ebitda": 1148800000,
    "ebitdaratio": 0.2755907401,
    "operatingIncome": 883700000,
    "operatingIncomeRatio": 0.2119947223,
    "totalOtherIncomeExpensesNet": 0,
    "incomeBeforeTax": 883700000,
    "incomeBeforeTaxRatio": 0.2119947223,
    "incomeTaxExpense": 280100000,
    "netIncome": 603600000,
    "netIncomeRatio": 0.1448002879,
    "eps": 2.47,
    "epsdiluted": 2.47,
    "weightedAverageShsOut": 241401000,
    "weightedAverageShsOutDil": 241811000,
    "link": "https://www.sec.gov/Archives/edgar/data/73124/000119312512078391/0001193125-12-078391-index.htm",
    "finalLink": "https://www.sec.gov/Archives/edgar/data/73124/000119312512078391/d238252d10k.htm"
  },
  {
    "date": "2010-12-31",
    "symbol": "NTRS",
    "reportedCurrency": "USD",
    "cik": "0000073124",
    "fillingDate": "2011-02-25",
    "acceptedDate": "2011-02-25 17:06:19",
    "calendarYear": "2010",
    "period": "FY",
    "revenue": 4025700000,
    "costOfRevenue": 538000000,
    "grossProfit": 3487700000,
    "grossProfitRatio": 0.8663586457,
    "researchAndDevelopmentExpenses": 0,
    "generalAndAdministrativeExpenses": 1416900000,
    "sellingAndMarketingExpenses": 81000000,
    "sellingGeneralAndAdministrativeExpenses": 1497900000,
    "otherExpenses": 1000000000,
    "operatingExpenses": 2497900000,
    "costAndExpenses": 3035900000,
    "interestIncome": 1296700000,
    "interestExpense": 378000000,
    "depreciationAndAmortization": 249500000,
    "ebitda": 1239300000,
    "ebitdaratio": 0.3078470825,
    "operatingIncome": 989800000,
    "operatingIncomeRatio": 0.2458702834,
    "totalOtherIncomeExpensesNet": 0,
    "incomeBeforeTax": 989800000,
    "incomeBeforeTaxRatio": 0.2458702834,
    "incomeTaxExpense": 320300000,
    "netIncome": 669500000,
    "netIncomeRatio": 0.1663064809,
    "eps": 2.74,
    "epsdiluted": 2.74,
    "weightedAverageShsOut": 242029000,
    "weightedAverageShsOutDil": 242503000,
    "link": "https://www.sec.gov/Archives/edgar/data/73124/000119312511047592/0001193125-11-047592-index.htm",
    "finalLink": "https://www.sec.gov/Archives/edgar/data/73124/000119312511047592/d10k.htm"
  },
  {
    "date": "2009-12-31",
    "symbol": "NTRS",
    "reportedCurrency": "USD",
    "cik": "0000073124",
    "fillingDate": "2010-02-26",
    "acceptedDate": "2010-02-26 15:13:15",
    "calendarYear": "2009",
    "period": "FY",
    "revenue": 4302400000,
    "costOfRevenue": 621200000,
    "grossProfit": 3681200000,
    "grossProfitRatio": 0.8556154704,
    "researchAndDevelopmentExpenses": 0,
    "generalAndAdministrativeExpenses": 1427200000,
    "sellingAndMarketingExpenses": 66600000,
    "sellingGeneralAndAdministrativeExpenses": 1493800000,
    "otherExpenses": 932200000,
    "operatingExpenses": 2426000000,
    "costAndExpenses": 3047200000,
    "interestIncome": 1406000000,
    "interestExpense": 406200000,
    "depreciationAndAmortization": 243700000,
    "ebitda": 1498900000,
    "ebitdaratio": 0.3483869468,
    "operatingIncome": 1255200000,
    "operatingIncomeRatio": 0.2917441428,
    "totalOtherIncomeExpensesNet": 0,
    "incomeBeforeTax": 1255200000,
    "incomeBeforeTaxRatio": 0.2917441428,
    "incomeTaxExpense": 391000000,
    "netIncome": 864200000,
    "netIncomeRatio": 0.2008646337,
    "eps": 3.18,
    "epsdiluted": 3.16,
    "weightedAverageShsOut": 235512000,
    "weightedAverageShsOutDil": 236416000,
    "link": "https://www.sec.gov/Archives/edgar/data/73124/000119312510042685/0001193125-10-042685-index.htm",
    "finalLink": "https://www.sec.gov/Archives/edgar/data/73124/000119312510042685/d10k.htm"
  },
  {
    "date": "2008-12-31",
    "symbol": "NTRS",
    "reportedCurrency": "USD",
    "cik": "0000073124",
    "fillingDate": "2009-02-27",
    "acceptedDate": "2009-02-27 13:16:37",
    "calendarYear": "2008",
    "period": "FY",
    "revenue": 5514900000,
    "costOfRevenue": 1514400000,
    "grossProfit": 4000500000,
    "grossProfitRatio": 0.725398466,
    "researchAndDevelopmentExpenses": 0,
    "generalAndAdministrativeExpenses": 1400200000,
    "sellingAndMarketingExpenses": 87800000,
    "sellingGeneralAndAdministrativeExpenses": 1488000000,
    "otherExpenses": 1236800000,
    "operatingExpenses": 2724800000,
    "costAndExpenses": 4239200000,
    "interestIncome": 2478500000,
    "interestExpense": 1399400000,
    "depreciationAndAmortization": 220400000,
    "ebitda": 1496100000,
    "ebitdaratio": 0.2712832508,
    "operatingIncome": 1275700000,
    "operatingIncomeRatio": 0.2313187909,
    "totalOtherIncomeExpensesNet": 0,
    "incomeBeforeTax": 1275700000,
    "incomeBeforeTaxRatio": 0.2313187909,
    "incomeTaxExpense": 480900000,
    "netIncome": 794800000,
    "netIncomeRatio": 0.1441186604,
    "eps": 3.51,
    "epsdiluted": 3.47,
    "weightedAverageShsOut": 221446000,
    "weightedAverageShsOutDil": 224053000,
    "link": "https://www.sec.gov/Archives/edgar/data/73124/000119312509040606/0001193125-09-040606-index.htm",
    "finalLink": "https://www.sec.gov/Archives/edgar/data/73124/000119312509040606/d10k.htm"
  },
  {
    "date": "2007-12-31",
    "symbol": "NTRS",
    "reportedCurrency": "USD",
    "cik": "0000073124",
    "fillingDate": "2008-02-28",
    "acceptedDate": "2008-02-28 15:51:22",
    "calendarYear": "2007",
    "period": "FY",
    "revenue": 5445600000,
    "costOfRevenue": 1956800000,
    "grossProfit": 3488800000,
    "grossProfitRatio": 0.6406640223,
    "researchAndDevelopmentExpenses": 0,
    "generalAndAdministrativeExpenses": 1310800000,
    "sellingAndMarketingExpenses": 77000000,
    "sellingGeneralAndAdministrativeExpenses": 1387800000,
    "otherExpenses": 1040200000,
    "operatingExpenses": 2428000000,
    "costAndExpenses": 4384800000,
    "interestIncome": 2784200000,
    "interestExpense": 1938800000,
    "depreciationAndAmortization": 211400000,
    "ebitda": 1272200000,
    "ebitdaratio": 0.2336198031,
    "operatingIncome": 1060800000,
    "operatingIncomeRatio": 0.1947994711,
    "totalOtherIncomeExpensesNet": 0,
    "incomeBeforeTax": 1060800000,
    "incomeBeforeTaxRatio": 0.1947994711,
    "incomeTaxExpense": 333900000,
    "netIncome": 726900000,
    "netIncomeRatio": 0.1334839136,
    "eps": 3.28,
    "epsdiluted": 3.23,
    "weightedAverageShsOut": 219681000,
    "weightedAverageShsOutDil": 223079000,
    "link": "https://www.sec.gov/Archives/edgar/data/73124/000119312508041690/0001193125-08-041690-index.htm",
    "finalLink": "https://www.sec.gov/Archives/edgar/data/73124/000119312508041690/d10k.htm"
  },
  {
    "date": "2006-12-31",
    "symbol": "NTRS",
    "reportedCurrency": "USD",
    "cik": "0000073124",
    "fillingDate": "2007-02-28",
    "acceptedDate": "2007-02-28 17:06:55",
    "calendarYear": "2006",
    "period": "FY",
    "revenue": 4501100000,
    "costOfRevenue": 1520000000,
    "grossProfit": 2981100000,
    "grossProfitRatio": 0.6623047699,
    "researchAndDevelopmentExpenses": 0,
    "generalAndAdministrativeExpenses": 1094200000,
    "sellingAndMarketingExpenses": 65200000,
    "sellingGeneralAndAdministrativeExpenses": 1159400000,
    "otherExpenses": 797500000,
    "operatingExpenses": 1956900000,
    "costAndExpenses": 3476900000,
    "interestIncome": 2249700000,
    "interestExpense": 1505000000,
    "depreciationAndAmortization": 199600000,
    "ebitda": 1223800000,
    "ebitdaratio": 0.2718890938,
    "operatingIncome": 1024200000,
    "operatingIncomeRatio": 0.227544378,
    "totalOtherIncomeExpensesNet": 0,
    "incomeBeforeTax": 1024200000,
    "incomeBeforeTaxRatio": 0.227544378,
    "incomeTaxExpense": 358800000,
    "netIncome": 665400000,
    "netIncomeRatio": 0.1478305303,
    "eps": 3.06,
    "epsdiluted": 3,
    "weightedAverageShsOut": 217766000,
    "weightedAverageShsOutDil": 221784000,
    "link": "https://www.sec.gov/Archives/edgar/data/73124/000119312507042778/0001193125-07-042778-index.htm",
    "finalLink": "https://www.sec.gov/Archives/edgar/data/73124/000119312507042778/d10k.htm"
  },
  {
    "date": "2005-12-31",
    "symbol": "NTRS",
    "reportedCurrency": "USD",
    "cik": "0000073124",
    "fillingDate": "2006-03-13",
    "acceptedDate": "2006-03-13 13:22:24",
    "calendarYear": "2005",
    "period": "FY",
    "revenue": 3544800000,
    "costOfRevenue": 931700000,
    "grossProfit": 2613100000,
    "grossProfitRatio": 0.737164297,
    "researchAndDevelopmentExpenses": 0,
    "generalAndAdministrativeExpenses": 964600000,
    "sellingAndMarketingExpenses": 60800000,
    "sellingGeneralAndAdministrativeExpenses": 1025400000,
    "otherExpenses": 699900000,
    "operatingExpenses": 1725300000,
    "costAndExpenses": 2657000000,
    "interestIncome": 1590600000,
    "interestExpense": 929200000,
    "depreciationAndAmortization": 191700000,
    "ebitda": 1079500000,
    "ebitdaratio": 0.30453058,
    "operatingIncome": 887800000,
    "operatingIncomeRatio": 0.2504513654,
    "totalOtherIncomeExpensesNet": 0,
    "incomeBeforeTax": 887800000,
    "incomeBeforeTaxRatio": 0.2504513654,
    "incomeTaxExpense": 303400000,
    "netIncome": 584400000,
    "netIncomeRatio": 0.1648612051,
    "eps": 2.68,
    "epsdiluted": 2.64,
    "weightedAverageShsOut": 218102000,
    "weightedAverageShsOutDil": 221557000,
    "link": "https://www.sec.gov/Archives/edgar/data/73124/000119312506052049/0001193125-06-052049-index.htm",
    "finalLink": "https://www.sec.gov/Archives/edgar/data/73124/000119312506052049/d10k.htm"
  },
  {
    "date": "2004-12-31",
    "symbol": "NTRS",
    "reportedCurrency": "USD",
    "cik": "0000073124",
    "fillingDate": "2005-03-14",
    "acceptedDate": "2005-03-14 16:12:42",
    "calendarYear": "2004",
    "period": "FY",
    "revenue": 2829100000,
    "costOfRevenue": 542100000,
    "grossProfit": 2287000000,
    "grossProfitRatio": 0.8083842918,
    "researchAndDevelopmentExpenses": 0,
    "generalAndAdministrativeExpenses": 823200000,
    "sellingAndMarketingExpenses": 45700000,
    "sellingGeneralAndAdministrativeExpenses": 868900000,
    "otherExpenses": 662800000,
    "operatingExpenses": 1531700000,
    "costAndExpenses": 2073800000,
    "interestIncome": 1118200000,
    "interestExpense": 557100000,
    "depreciationAndAmortization": 176400000,
    "ebitda": 931700000,
    "ebitdaratio": 0.3293273479,
    "operatingIncome": 755300000,
    "operatingIncomeRatio": 0.2669753632,
    "totalOtherIncomeExpensesNet": 0,
    "incomeBeforeTax": 755300000,
    "incomeBeforeTaxRatio": 0.2669753632,
    "incomeTaxExpense": 249700000,
    "netIncome": 505600000,
    "netIncomeRatio": 0.1787140787,
    "eps": 2.3,
    "epsdiluted": 2.27,
    "weightedAverageShsOut": 219492000,
    "weightedAverageShsOutDil": 219492000,
    "link": "https://www.sec.gov/Archives/edgar/data/73124/000119312505049470/0001193125-05-049470-index.htm",
    "finalLink": "https://www.sec.gov/Archives/edgar/data/73124/000119312505049470/d10k.htm"
  },
  {
    "date": "2003-12-31",
    "symbol": "NTRS",
    "reportedCurrency": "USD",
    "cik": "0000073124",
    "fillingDate": "2004-03-12",
    "acceptedDate": "2004-03-12 12:31:08",
    "calendarYear": "2003",
    "period": "FY",
    "revenue": 2597900000,
    "costOfRevenue": 510000000,
    "grossProfit": 2087900000,
    "grossProfitRatio": 0.8036875938,
    "researchAndDevelopmentExpenses": 0,
    "generalAndAdministrativeExpenses": 785200000,
    "sellingAndMarketingExpenses": 0,
    "sellingGeneralAndAdministrativeExpenses": 785200000,
    "otherExpenses": 671600000,
    "operatingExpenses": 1456800000,
    "costAndExpenses": 1966800000,
    "interestIncome": 1055700000,
    "interestExpense": 507500000,
    "depreciationAndAmortization": 186300000,
    "ebitda": 817400000,
    "ebitdaratio": 0.3146387467,
    "operatingIncome": 631100000,
    "operatingIncomeRatio": 0.2429269795,
    "totalOtherIncomeExpensesNet": 0,
    "incomeBeforeTax": 631100000,
    "incomeBeforeTaxRatio": 0.2429269795,
    "incomeTaxExpense": 207800000,
    "netIncome": 404800000,
    "netIncomeRatio": 0.1558181608,
    "eps": 1.84,
    "epsdiluted": 1.8,
    "weightedAverageShsOut": 220203000,
    "weightedAverageShsOutDil": 224068000,
    "link": "https://www.sec.gov/Archives/edgar/data/73124/000119312504040148/0001193125-04-040148-index.htm",
    "finalLink": "https://www.sec.gov/Archives/edgar/data/73124/000119312504040148/d10k.htm"
  },
  {
    "date": "2002-12-31",
    "symbol": "NTRS",
    "reportedCurrency": "USD",
    "cik": "0000073124",
    "fillingDate": "2003-03-10",
    "acceptedDate": "2003-03-10 17:07:05",
    "calendarYear": "2002",
    "period": "FY",
    "revenue": 2775100000,
    "costOfRevenue": 674000000,
    "grossProfit": 2101100000,
    "grossProfitRatio": 0.7571258693,
    "researchAndDevelopmentExpenses": 0,
    "generalAndAdministrativeExpenses": 797100000,
    "sellingAndMarketingExpenses": 0,
    "sellingGeneralAndAdministrativeExpenses": 797100000,
    "otherExpenses": 635000000,
    "operatingExpenses": 1432100000,
    "costAndExpenses": 2106100000,
    "interestIncome": 1238300000,
    "interestExpense": 636500000,
    "depreciationAndAmortization": 57700000,
    "ebitda": 726700000,
    "ebitdaratio": 0.2618644373,
    "operatingIncome": 669000000,
    "operatingIncomeRatio": 0.2410723938,
    "totalOtherIncomeExpensesNet": 0,
    "incomeBeforeTax": 669000000,
    "incomeBeforeTaxRatio": 0.2410723938,
    "incomeTaxExpense": 221900000,
    "netIncome": 447100000,
    "netIncomeRatio": 0.1611113113,
    "eps": 2.02,
    "epsdiluted": 1.97,
    "weightedAverageShsOut": 220552000,
    "weightedAverageShsOutDil": 225834000,
    "link": "https://www.sec.gov/Archives/edgar/data/73124/000095013103001244/0000950131-03-001244-index.htm",
    "finalLink": "https://www.sec.gov/Archives/edgar/data/73124/000095013103001244/d10k.htm"
  },
  {
    "date": "2001-12-31",
    "symbol": "NTRS",
    "reportedCurrency": "USD",
    "cik": "0000073124",
    "fillingDate": "2002-03-12",
    "acceptedDate": "2002-03-12 00:00:00",
    "calendarYear": "2001",
    "period": "FY",
    "revenue": 3294000000,
    "costOfRevenue": 1152700000,
    "grossProfit": 2141300000,
    "grossProfitRatio": 0.6500607165,
    "researchAndDevelopmentExpenses": 0,
    "generalAndAdministrativeExpenses": 808000000,
    "sellingAndMarketingExpenses": 0,
    "sellingGeneralAndAdministrativeExpenses": 808000000,
    "otherExpenses": 601400000,
    "operatingExpenses": 1409400000,
    "costAndExpenses": 2562100000,
    "interestIncome": 1681500000,
    "interestExpense": 1086200000,
    "depreciationAndAmortization": 23800000,
    "ebitda": 755700000,
    "ebitdaratio": 0.229417122,
    "operatingIncome": 731900000,
    "operatingIncomeRatio": 0.222191864,
    "totalOtherIncomeExpensesNet": 0,
    "incomeBeforeTax": 731900000,
    "incomeBeforeTaxRatio": 0.222191864,
    "incomeTaxExpense": 244400000,
    "netIncome": 487500000,
    "netIncomeRatio": 0.147996357,
    "eps": 2.18,
    "epsdiluted": 2.11,
    "weightedAverageShsOut": 221426000,
    "weightedAverageShsOutDil": 228971000,
    "link": "https://www.sec.gov/Archives/edgar/data/73124/000095013102000853/0000950131-02-000853-index.htm",
    "finalLink": "https://www.sec.gov/Archives/edgar/data/73124/000095013102000853/d10k.txt"
  },
  {
    "date": "2000-12-31",
    "symbol": "NTRS",
    "reportedCurrency": "USD",
    "cik": "0000073124",
    "fillingDate": "2001-03-16",
    "acceptedDate": "2001-03-16 00:00:00",
    "calendarYear": "2000",
    "period": "FY",
    "revenue": 3578300000,
    "costOfRevenue": 1466500000,
    "grossProfit": 2111800000,
    "grossProfitRatio": 0.5901685158,
    "researchAndDevelopmentExpenses": 0,
    "generalAndAdministrativeExpenses": 798400000,
    "sellingAndMarketingExpenses": 0,
    "sellingGeneralAndAdministrativeExpenses": 798400000,
    "otherExpenses": 583300000,
    "operatingExpenses": 1381700000,
    "costAndExpenses": 2848200000,
    "interestIncome": 2011100000,
    "interestExpense": 1442500000,
    "depreciationAndAmortization": -88800000,
    "ebitda": 641300000,
    "ebitdaratio": 0.1792191823,
    "operatingIncome": 730100000,
    "operatingIncomeRatio": 0.2040354358,
    "totalOtherIncomeExpensesNet": 0,
    "incomeBeforeTax": 730100000,
    "incomeBeforeTaxRatio": 0.2040354358,
    "incomeTaxExpense": 245000000,
    "netIncome": 485100000,
    "netIncomeRatio": 0.1355671688,
    "eps": 2.17,
    "epsdiluted": 2.08,
    "weightedAverageShsOut": 220961000,
    "weightedAverageShsOutDil": 230613000,
    "link": "https://www.sec.gov/Archives/edgar/data/73124/000095013101500146/0000950131-01-500146-index.htm",
    "finalLink": "https://www.sec.gov/Archives/edgar/data/73124/000095013101500146/d10k.txt"
  },
  {
    "date": "1999-12-31",
    "symbol": "NTRS",
    "reportedCurrency": "USD",
    "cik": "0000073124",
    "fillingDate": "2000-03-14",
    "acceptedDate": "2000-03-14 00:00:00",
    "calendarYear": "1999",
    "period": "FY",
    "revenue": 2803800000,
    "costOfRevenue": 1062300000,
    "grossProfit": 1741500000,
    "grossProfitRatio": 0.6211213353,
    "researchAndDevelopmentExpenses": 0,
    "generalAndAdministrativeExpenses": 681100000,
    "sellingAndMarketingExpenses": 0,
    "sellingGeneralAndAdministrativeExpenses": 681100000,
    "otherExpenses": 443900000,
    "operatingExpenses": 1125000000,
    "costAndExpenses": 2187300000,
    "interestIncome": 1568600000,
    "interestExpense": 1049800000,
    "depreciationAndAmortization": 34300000,
    "ebitda": 650800000,
    "ebitdaratio": 0.2321135602,
    "operatingIncome": 616500000,
    "operatingIncomeRatio": 0.2198801626,
    "totalOtherIncomeExpensesNet": 0,
    "incomeBeforeTax": 616500000,
    "incomeBeforeTaxRatio": 0.2198801626,
    "incomeTaxExpense": 211500000,
    "netIncome": 405000000,
    "netIncomeRatio": 0.1444468222,
    "eps": 1.81,
    "epsdiluted": 1.74,
    "weightedAverageShsOut": 221673000,
    "weightedAverageShsOutDil": 229874000,
    "link": "https://www.sec.gov/Archives/edgar/data/73124/000095013100001756/0000950131-00-001756-index.htm",
    "finalLink": "https://www.sec.gov/Archives/edgar/data/73124/000095013100001756/0000950131-00-001756-d1.html"
  },
  {
    "date": "1998-12-31",
    "symbol": "NTRS",
    "reportedCurrency": "USD",
    "cik": "0000073124",
    "fillingDate": "1999-03-16",
    "acceptedDate": "1999-03-16 00:00:00",
    "calendarYear": "1998",
    "period": "FY",
    "revenue": 2574700000,
    "costOfRevenue": 1034900000,
    "grossProfit": 1539800000,
    "grossProfitRatio": 0.5980502583,
    "researchAndDevelopmentExpenses": 0,
    "generalAndAdministrativeExpenses": 609400000,
    "sellingAndMarketingExpenses": 0,
    "sellingGeneralAndAdministrativeExpenses": 609400000,
    "otherExpenses": 387700000,
    "operatingExpenses": 997100000,
    "costAndExpenses": 2032000000,
    "interestIncome": 1503100000,
    "interestExpense": 1025900000,
    "depreciationAndAmortization": -108400000,
    "ebitda": 434300000,
    "ebitdaratio": 0.1686798462,
    "operatingIncome": 542700000,
    "operatingIncomeRatio": 0.2107818387,
    "totalOtherIncomeExpensesNet": 0,
    "incomeBeforeTax": 542700000,
    "incomeBeforeTaxRatio": 0.2107818387,
    "incomeTaxExpense": 188800000,
    "netIncome": 353900000,
    "netIncomeRatio": 0.1374529071,
    "eps": 1.58,
    "epsdiluted": 1.52,
    "weightedAverageShsOut": 220886000,
    "weightedAverageShsOutDil": 229605000,
    "link": "https://www.sec.gov/Archives/edgar/data/73124/000095013199001510/0000950131-99-001510-index.html",
    "finalLink": "https://www.sec.gov/Archives/edgar/data/73124/0000950131-99-001510.txt"
  },
  {
    "date": "1997-12-31",
    "symbol": "NTRS",
    "reportedCurrency": "USD",
    "cik": "0000073124",
    "fillingDate": "1998-03-17",
    "acceptedDate": "1998-03-17 00:00:00",
    "calendarYear": "1997",
    "period": "FY",
    "revenue": 2267300000,
    "costOfRevenue": 903600000,
    "grossProfit": 1363700000,
    "grossProfitRatio": 0.6014642967,
    "researchAndDevelopmentExpenses": 0,
    "generalAndAdministrativeExpenses": 527300000,
    "sellingAndMarketingExpenses": 0,
    "sellingGeneralAndAdministrativeExpenses": 527300000,
    "otherExpenses": 364500000,
    "operatingExpenses": 891800000,
    "costAndExpenses": 1795400000,
    "interestIncome": 1332800000,
    "interestExpense": 894600000,
    "depreciationAndAmortization": -89700000,
    "ebitda": 382200000,
    "ebitdaratio": 0.1685705465,
    "operatingIncome": 471900000,
    "operatingIncomeRatio": 0.2081330217,
    "totalOtherIncomeExpensesNet": 0,
    "incomeBeforeTax": 471900000,
    "incomeBeforeTaxRatio": 0.2081330217,
    "incomeTaxExpense": 162500000,
    "netIncome": 309400000,
    "netIncomeRatio": 0.1364618709,
    "eps": 1.37,
    "epsdiluted": 1.33,
    "weightedAverageShsOut": 221955000,
    "weightedAverageShsOutDil": 229322000,
    "link": "https://www.sec.gov/Archives/edgar/data/73124/000095013198001754/0000950131-98-001754-index.html",
    "finalLink": "https://www.sec.gov/Archives/edgar/data/73124/0000950131-98-001754.txt"
  },
  {
    "date": "1996-12-31",
    "symbol": "NTRS",
    "reportedCurrency": "USD",
    "cik": "0000073124",
    "fillingDate": "1997-03-14",
    "acceptedDate": "1997-03-14 00:00:00",
    "calendarYear": "1996",
    "period": "FY",
    "revenue": 1931500000,
    "costOfRevenue": 775200000,
    "grossProfit": 1156300000,
    "grossProfitRatio": 0.5986538959,
    "researchAndDevelopmentExpenses": 0,
    "generalAndAdministrativeExpenses": 441300000,
    "sellingAndMarketingExpenses": 0,
    "sellingGeneralAndAdministrativeExpenses": 441300000,
    "otherExpenses": 327600000,
    "operatingExpenses": 768900000,
    "costAndExpenses": 1544100000,
    "interestIncome": 1151500000,
    "interestExpense": 763200000,
    "depreciationAndAmortization": -31100000,
    "ebitda": 356300000,
    "ebitdaratio": 0.18446803,
    "operatingIncome": 387400000,
    "operatingIncomeRatio": 0.2005695056,
    "totalOtherIncomeExpensesNet": 0,
    "incomeBeforeTax": 387400000,
    "incomeBeforeTaxRatio": 0.2005695056,
    "incomeTaxExpense": 128600000,
    "netIncome": 258800000,
    "netIncomeRatio": 0.1339891276,
    "eps": 1.14,
    "epsdiluted": 1.11,
    "weightedAverageShsOut": 222719000,
    "weightedAverageShsOutDil": 228739000,
    "link": "https://www.sec.gov/Archives/edgar/data/73124/000095013197001800/0000950131-97-001800-index.html",
    "finalLink": "https://www.sec.gov/Archives/edgar/data/73124/0000950131-97-001800.txt"
  },
  {
    "date": "1995-12-31",
    "symbol": "NTRS",
    "reportedCurrency": "USD",
    "cik": "0000073124",
    "fillingDate": "1996-03-12",
    "acceptedDate": "1996-03-12 00:00:00",
    "calendarYear": "1995",
    "period": "FY",
    "revenue": 1782100000,
    "costOfRevenue": 752400000,
    "grossProfit": 1029700000,
    "grossProfitRatio": 0.5778014702,
    "researchAndDevelopmentExpenses": 0,
    "generalAndAdministrativeExpenses": 419100000,
    "sellingAndMarketingExpenses": 0,
    "sellingGeneralAndAdministrativeExpenses": 419100000,
    "otherExpenses": 290100000,
    "operatingExpenses": 709200000,
    "costAndExpenses": 1461600000,
    "interestIncome": 1104000000,
    "interestExpense": 746400000,
    "depreciationAndAmortization": 42200000,
    "ebitda": 362700000,
    "ebitdaratio": 0.2035239324,
    "operatingIncome": 320500000,
    "operatingIncomeRatio": 0.1798440043,
    "totalOtherIncomeExpensesNet": 0,
    "incomeBeforeTax": 320500000,
    "incomeBeforeTaxRatio": 0.1798440043,
    "incomeTaxExpense": 100500000,
    "netIncome": 220000000,
    "netIncomeRatio": 0.1234498625,
    "eps": 0.94,
    "epsdiluted": 0.93,
    "weightedAverageShsOut": 225352000,
    "weightedAverageShsOutDil": 232275000,
    "link": "https://www.sec.gov/Archives/edgar/data/73124/000095013196001047/0000950131-96-001047-index.htm",
    "finalLink": "https://www.sec.gov/Archives/edgar/data/73124/000095013196001047/"
  },
  {
    "date": "1994-12-31",
    "symbol": "NTRS",
    "reportedCurrency": "USD",
    "cik": "0000073124",
    "fillingDate": "1995-03-14",
    "acceptedDate": "1995-03-14 00:00:00",
    "calendarYear": "1994",
    "period": "FY",
    "revenue": 1478500000,
    "costOfRevenue": 516500000,
    "grossProfit": 962000000,
    "grossProfitRatio": 0.6506594521,
    "researchAndDevelopmentExpenses": 0,
    "generalAndAdministrativeExpenses": 391400000,
    "sellingAndMarketingExpenses": 0,
    "sellingGeneralAndAdministrativeExpenses": 391400000,
    "otherExpenses": 309100000,
    "operatingExpenses": 700500000,
    "costAndExpenses": 1217000000,
    "interestIncome": 848700000,
    "interestExpense": 510500000,
    "depreciationAndAmortization": 41400000,
    "ebitda": 302900000,
    "ebitdaratio": 0.2048698005,
    "operatingIncome": 261500000,
    "operatingIncomeRatio": 0.1768684478,
    "totalOtherIncomeExpensesNet": 0,
    "incomeBeforeTax": 261500000,
    "incomeBeforeTaxRatio": 0.1768684478,
    "incomeTaxExpense": 79300000,
    "netIncome": 182200000,
    "netIncomeRatio": 0.1232330064,
    "eps": 0.79,
    "epsdiluted": 0.79,
    "weightedAverageShsOut": 220577000,
    "weightedAverageShsOutDil": 225410000,
    "link": "https://www.sec.gov/Archives/edgar/data/73124/000095013195000587/0000950131-95-000587-index.html",
    "finalLink": "https://www.sec.gov/Archives/edgar/data/73124/"
  },
  {
    "date": "1993-12-31",
    "symbol": "NTRS",
    "reportedCurrency": "USD",
    "cik": "0000073124",
    "fillingDate": "1994-03-15",
    "acceptedDate": "1994-03-15 00:00:00",
    "calendarYear": "1993",
    "period": "FY",
    "revenue": 1258800000,
    "costOfRevenue": 396600000,
    "grossProfit": 862200000,
    "grossProfitRatio": 0.6849380362,
    "researchAndDevelopmentExpenses": 0,
    "generalAndAdministrativeExpenses": 361500000,
    "sellingAndMarketingExpenses": 0,
    "sellingGeneralAndAdministrativeExpenses": 361500000,
    "otherExpenses": 266700000,
    "operatingExpenses": 628200000,
    "costAndExpenses": 1024800000,
    "interestIncome": 706400000,
    "interestExpense": 377100000,
    "depreciationAndAmortization": 119100000,
    "ebitda": 353100000,
    "ebitdaratio": 0.2805052431,
    "operatingIncome": 234000000,
    "operatingIncomeRatio": 0.1858913251,
    "totalOtherIncomeExpensesNet": 0,
    "incomeBeforeTax": 234000000,
    "incomeBeforeTaxRatio": 0.1858913251,
    "incomeTaxExpense": 66100000,
    "netIncome": 167900000,
    "netIncomeRatio": 0.1333809978,
    "eps": 0.76,
    "epsdiluted": 0.74,
    "weightedAverageShsOut": 212632000,
    "weightedAverageShsOutDil": 218378000,
    "link": "https://www.sec.gov/Archives/edgar/data/73124/000095013194000324/0000950131-94-000324-index.html",
    "finalLink": "https://www.sec.gov/Archives/edgar/data/73124/0000950131-94-000324.txt"
  },
  {
    "date": "1992-12-31",
    "symbol": "NTRS",
    "reportedCurrency": "USD",
    "cik": "0000073124",
    "fillingDate": "1992-12-31",
    "acceptedDate": "1992-12-31 00:00:00",
    "calendarYear": "1992",
    "period": "FY",
    "revenue": 1231300000,
    "costOfRevenue": 440200000,
    "grossProfit": 791100000,
    "grossProfitRatio": 0.6424916755,
    "researchAndDevelopmentExpenses": 0,
    "generalAndAdministrativeExpenses": 328500000,
    "sellingAndMarketingExpenses": 0,
    "sellingGeneralAndAdministrativeExpenses": 328500000,
    "otherExpenses": 256100000,
    "operatingExpenses": 584600000,
    "costAndExpenses": 1024800000,
    "interestIncome": 721900000,
    "interestExpense": 410700000,
    "depreciationAndAmortization": 34000000,
    "ebitda": 240500000,
    "ebitdaratio": 0.1953220174,
    "operatingIncome": 206500000,
    "operatingIncomeRatio": 0.1677089255,
    "totalOtherIncomeExpensesNet": 0,
    "incomeBeforeTax": 206500000,
    "incomeBeforeTaxRatio": 0.1677089255,
    "incomeTaxExpense": 57000000,
    "netIncome": 149500000,
    "netIncomeRatio": 0.1214163892,
    "eps": 0.66,
    "epsdiluted": 0.66,
    "weightedAverageShsOut": 216212000,
    "weightedAverageShsOutDil": 216212000,
    "link": null,
    "finalLink": null
  },
  {
    "date": "1991-12-31",
    "symbol": "NTRS",
    "reportedCurrency": "USD",
    "cik": "0000073124",
    "fillingDate": "1991-12-31",
    "acceptedDate": "1991-12-31 00:00:00",
    "calendarYear": "1991",
    "period": "FY",
    "revenue": 1260200000,
    "costOfRevenue": 596500000,
    "grossProfit": 663700000,
    "grossProfitRatio": 0.5266624345,
    "researchAndDevelopmentExpenses": 0,
    "generalAndAdministrativeExpenses": 292500000,
    "sellingAndMarketingExpenses": 0,
    "sellingGeneralAndAdministrativeExpenses": 292500000,
    "otherExpenses": 207600000,
    "operatingExpenses": 500100000,
    "costAndExpenses": 1096600000,
    "interestIncome": 847400000,
    "interestExpense": 565500000,
    "depreciationAndAmortization": 30600000,
    "ebitda": 194200000,
    "ebitdaratio": 0.1541025234,
    "operatingIncome": 163600000,
    "operatingIncomeRatio": 0.1298206634,
    "totalOtherIncomeExpensesNet": 0,
    "incomeBeforeTax": 163600000,
    "incomeBeforeTaxRatio": 0.1298206634,
    "incomeTaxExpense": 36200000,
    "netIncome": 127400000,
    "netIncomeRatio": 0.1010950643,
    "eps": 0.58,
    "epsdiluted": 0.57,
    "weightedAverageShsOut": 209310000,
    "weightedAverageShsOutDil": 212982000,
    "link": null,
    "finalLink": null
  },
  {
    "date": "1990-12-31",
    "symbol": "NTRS",
    "reportedCurrency": "USD",
    "cik": "0000073124",
    "fillingDate": "1990-12-31",
    "acceptedDate": "1990-12-31 00:00:00",
    "calendarYear": "1990",
    "period": "FY",
    "revenue": 1322900000,
    "costOfRevenue": 718300000,
    "grossProfit": 604600000,
    "grossProfitRatio": 0.4570262303,
    "researchAndDevelopmentExpenses": 0,
    "generalAndAdministrativeExpenses": 270100000,
    "sellingAndMarketingExpenses": 0,
    "sellingGeneralAndAdministrativeExpenses": 270100000,
    "otherExpenses": 194800000,
    "operatingExpenses": 464900000,
    "costAndExpenses": 1183200000,
    "interestIncome": 953600000,
    "interestExpense": 704300000,
    "depreciationAndAmortization": 36500000,
    "ebitda": 176200000,
    "ebitdaratio": 0.1331922292,
    "operatingIncome": 139700000,
    "operatingIncomeRatio": 0.1056013304,
    "totalOtherIncomeExpensesNet": 0,
    "incomeBeforeTax": 139700000,
    "incomeBeforeTaxRatio": 0.1056013304,
    "incomeTaxExpense": 24300000,
    "netIncome": 115400000,
    "netIncomeRatio": 0.0872325951,
    "eps": 0.52,
    "epsdiluted": 0.52,
    "weightedAverageShsOut": 210000000,
    "weightedAverageShsOutDil": 210000000,
    "link": null,
    "finalLink": null
  },
  {
    "date": "1989-12-31",
    "symbol": "NTRS",
    "reportedCurrency": "USD",
    "cik": "0000073124",
    "fillingDate": "1989-12-31",
    "acceptedDate": "1989-12-31 00:00:00",
    "calendarYear": "1989",
    "period": "FY",
    "revenue": 1229800000,
    "costOfRevenue": 678300000,
    "grossProfit": 551500000,
    "grossProfitRatio": 0.4484469019,
    "researchAndDevelopmentExpenses": 0,
    "generalAndAdministrativeExpenses": 244500000,
    "sellingAndMarketingExpenses": 0,
    "sellingGeneralAndAdministrativeExpenses": 244500000,
    "otherExpenses": 182100000,
    "operatingExpenses": 426600000,
    "costAndExpenses": 1104900000,
    "interestIncome": 899700000,
    "interestExpense": 662300000,
    "depreciationAndAmortization": 16400000,
    "ebitda": 141300000,
    "ebitdaratio": 0.1148967312,
    "operatingIncome": 124900000,
    "operatingIncomeRatio": 0.1015612295,
    "totalOtherIncomeExpensesNet": 0,
    "incomeBeforeTax": 124900000,
    "incomeBeforeTaxRatio": 0.1015612295,
    "incomeTaxExpense": 11700000,
    "netIncome": 113200000,
    "netIncomeRatio": 0.0920474874,
    "eps": 0.52,
    "epsdiluted": 0.51,
    "weightedAverageShsOut": 203462000,
    "weightedAverageShsOutDil": 207451000,
    "link": null,
    "finalLink": null
  },
  {
    "date": "1988-12-31",
    "symbol": "NTRS",
    "reportedCurrency": "USD",
    "cik": "0000073124",
    "fillingDate": "1988-12-31",
    "acceptedDate": "1988-12-30 19:00:00",
    "calendarYear": "1988",
    "period": "FY",
    "revenue": 0,
    "costOfRevenue": 0,
    "grossProfit": 0,
    "grossProfitRatio": 0,
    "researchAndDevelopmentExpenses": 0,
    "generalAndAdministrativeExpenses": 0,
    "sellingAndMarketingExpenses": 0,
    "sellingGeneralAndAdministrativeExpenses": 0,
    "otherExpenses": 109300000,
    "operatingExpenses": 109300000,
    "costAndExpenses": 109300000,
    "interestIncome": 0,
    "interestExpense": 0,
    "depreciationAndAmortization": 0,
    "ebitda": 109300000,
    "ebitdaratio": 0,
    "operatingIncome": 109300000,
    "operatingIncomeRatio": 0,
    "totalOtherIncomeExpensesNet": 0,
    "incomeBeforeTax": 0,
    "incomeBeforeTaxRatio": 0,
    "incomeTaxExpense": -109300000,
    "netIncome": 109300000,
    "netIncomeRatio": 0,
    "eps": 0.6,
    "epsdiluted": 0.58,
    "weightedAverageShsOut": 181607000,
    "weightedAverageShsOutDil": 188333000,
    "link": "",
    "finalLink": ""
  },
  {
    "date": "1987-12-31",
    "symbol": "NTRS",
    "reportedCurrency": "USD",
    "cik": "0000073124",
    "fillingDate": "1987-12-31",
    "acceptedDate": "1987-12-30 19:00:00",
    "calendarYear": "1987",
    "period": "FY",
    "revenue": 0,
    "costOfRevenue": 0,
    "grossProfit": 0,
    "grossProfitRatio": 0,
    "researchAndDevelopmentExpenses": 0,
    "generalAndAdministrativeExpenses": 0,
    "sellingAndMarketingExpenses": 0,
    "sellingGeneralAndAdministrativeExpenses": 0,
    "otherExpenses": -65100000,
    "operatingExpenses": -65100000,
    "costAndExpenses": -65100000,
    "interestIncome": 0,
    "interestExpense": 0,
    "depreciationAndAmortization": 0,
    "ebitda": -65100000,
    "ebitdaratio": 0,
    "operatingIncome": -65100000,
    "operatingIncomeRatio": 0,
    "totalOtherIncomeExpensesNet": 0,
    "incomeBeforeTax": 0,
    "incomeBeforeTaxRatio": 0,
    "incomeTaxExpense": 65100000,
    "netIncome": -65100000,
    "netIncomeRatio": 0,
    "eps": -0.37,
    "epsdiluted": -0.37,
    "weightedAverageShsOut": 178000000,
    "weightedAverageShsOutDil": 178000000,
    "link": "",
    "finalLink": ""
  },
  {
    "date": "1986-12-31",
    "symbol": "NTRS",
    "reportedCurrency": "USD",
    "cik": "0000073124",
    "fillingDate": "1986-12-31",
    "acceptedDate": "1986-12-30 19:00:00",
    "calendarYear": "1986",
    "period": "FY",
    "revenue": 0,
    "costOfRevenue": 0,
    "grossProfit": 0,
    "grossProfitRatio": 0,
    "researchAndDevelopmentExpenses": 0,
    "generalAndAdministrativeExpenses": 0,
    "sellingAndMarketingExpenses": 0,
    "sellingGeneralAndAdministrativeExpenses": 0,
    "otherExpenses": 52300000,
    "operatingExpenses": 52300000,
    "costAndExpenses": 52300000,
    "interestIncome": 0,
    "interestExpense": 0,
    "depreciationAndAmortization": 0,
    "ebitda": 52300000,
    "ebitdaratio": 0,
    "operatingIncome": 52300000,
    "operatingIncomeRatio": 0,
    "totalOtherIncomeExpensesNet": 0,
    "incomeBeforeTax": 0,
    "incomeBeforeTaxRatio": 0,
    "incomeTaxExpense": -52300000,
    "netIncome": 52300000,
    "netIncomeRatio": 0,
    "eps": 0.29,
    "epsdiluted": 0.29,
    "weightedAverageShsOut": 182593000,
    "weightedAverageShsOutDil": 182593000,
    "link": "",
    "finalLink": ""
  },
  {
    "date": "1985-12-31",
    "symbol": "NTRS",
    "reportedCurrency": "USD",
    "cik": "0000073124",
    "fillingDate": "1985-12-31",
    "acceptedDate": "1985-12-30 19:00:00",
    "calendarYear": "1985",
    "period": "FY",
    "revenue": 0,
    "costOfRevenue": 0,
    "grossProfit": 0,
    "grossProfitRatio": 0,
    "researchAndDevelopmentExpenses": 0,
    "generalAndAdministrativeExpenses": 0,
    "sellingAndMarketingExpenses": 0,
    "sellingGeneralAndAdministrativeExpenses": 0,
    "otherExpenses": 34100000,
    "operatingExpenses": 34100000,
    "costAndExpenses": 34100000,
    "interestIncome": 0,
    "interestExpense": 0,
    "depreciationAndAmortization": 0,
    "ebitda": 34100000,
    "ebitdaratio": 0,
    "operatingIncome": 34100000,
    "operatingIncomeRatio": 0,
    "totalOtherIncomeExpensesNet": 0,
    "incomeBeforeTax": 0,
    "incomeBeforeTaxRatio": 0,
    "incomeTaxExpense": -34100000,
    "netIncome": 34100000,
    "netIncomeRatio": 0,
    "eps": 0.2,
    "epsdiluted": 0.2,
    "weightedAverageShsOut": 170556000,
    "weightedAverageShsOutDil": 170556000,
    "link": "",
    "finalLink": ""
  }
]