[
  {
    "date": "2025-07-05",
    "symbol": "NUE",
    "reportedCurrency": "USD",
    "cik": "0000073309",
    "fillingDate": "2025-08-13",
    "acceptedDate": "2025-08-13 09:04:39",
    "calendarYear": "2025",
    "period": "Q2",
    "revenue": 8456000000,
    "costOfRevenue": 7233000000,
    "grossProfit": 1223000000,
    "grossProfitRatio": 0.1446310312,
    "researchAndDevelopmentExpenses": 0,
    "generalAndAdministrativeExpenses": 0,
    "sellingAndMarketingExpenses": 0,
    "sellingGeneralAndAdministrativeExpenses": 304000000,
    "otherExpenses": 0,
    "operatingExpenses": 304000000,
    "costAndExpenses": 7537000000,
    "interestIncome": 30000000,
    "interestExpense": 49000000,
    "depreciationAndAmortization": 366000000,
    "ebitda": 1314000000,
    "ebitdaratio": 0.1553926206,
    "operatingIncome": 919000000,
    "operatingIncomeRatio": 0.1086802271,
    "totalOtherIncomeExpensesNet": -20000000,
    "incomeBeforeTax": 899000000,
    "incomeBeforeTaxRatio": 0.1063150426,
    "incomeTaxExpense": 193000000,
    "netIncome": 603000000,
    "netIncomeRatio": 0.0713103122,
    "eps": 2.61,
    "epsdiluted": 2.6,
    "weightedAverageShsOut": 230600000,
    "weightedAverageShsOutDil": 230800000,
    "link": "https://www.sec.gov/Archives/edgar/data/73309/000095017025107646/0000950170-25-107646-index.htm",
    "finalLink": "https://www.sec.gov/Archives/edgar/data/73309/000095017025107646/nue-20250705.htm"
  },
  {
    "date": "2025-04-05",
    "symbol": "NUE",
    "reportedCurrency": "USD",
    "cik": "0000073309",
    "fillingDate": "2025-05-14",
    "acceptedDate": "2025-05-14 16:53:19",
    "calendarYear": "2025",
    "period": "Q1",
    "revenue": 7830000000,
    "costOfRevenue": 7225000000,
    "grossProfit": 605000000,
    "grossProfitRatio": 0.0772669221,
    "researchAndDevelopmentExpenses": 0,
    "generalAndAdministrativeExpenses": 0,
    "sellingAndMarketingExpenses": 0,
    "sellingGeneralAndAdministrativeExpenses": 281000000,
    "otherExpenses": 0,
    "operatingExpenses": 281000000,
    "costAndExpenses": 7506000000,
    "interestIncome": 37000000,
    "interestExpense": 51000000,
    "depreciationAndAmortization": 368000000,
    "ebitda": 704000000,
    "ebitdaratio": 0.0899106003,
    "operatingIncome": 324000000,
    "operatingIncomeRatio": 0.0413793103,
    "totalOtherIncomeExpensesNet": -39000000,
    "incomeBeforeTax": 285000000,
    "incomeBeforeTaxRatio": 0.0363984674,
    "incomeTaxExpense": 59000000,
    "netIncome": 156000000,
    "netIncomeRatio": 0.0199233716,
    "eps": 0.67,
    "epsdiluted": 0.67,
    "weightedAverageShsOut": 232700000,
    "weightedAverageShsOutDil": 232900000,
    "link": "https://www.sec.gov/Archives/edgar/data/73309/000095017025071567/0000950170-25-071567-index.htm",
    "finalLink": "https://www.sec.gov/Archives/edgar/data/73309/000095017025071567/nue-20250405.htm"
  },
  {
    "date": "2024-12-31",
    "symbol": "NUE",
    "reportedCurrency": "USD",
    "cik": "0000073309",
    "fillingDate": "2025-02-27",
    "acceptedDate": "2025-02-27 09:17:32",
    "calendarYear": "2024",
    "period": "Q4",
    "revenue": 7075585000,
    "costOfRevenue": 6448754000,
    "grossProfit": 626831000,
    "grossProfitRatio": 0.088590696,
    "researchAndDevelopmentExpenses": 0,
    "generalAndAdministrativeExpenses": 0,
    "sellingAndMarketingExpenses": 0,
    "sellingGeneralAndAdministrativeExpenses": 239868000,
    "otherExpenses": 0,
    "operatingExpenses": 239868000,
    "costAndExpenses": 6688622000,
    "interestIncome": 49474000,
    "interestExpense": 52285000,
    "depreciationAndAmortization": 358063000,
    "ebitda": 800571000,
    "ebitdaratio": 0.1131455562,
    "operatingIncome": 386963000,
    "operatingIncomeRatio": 0.0546898949,
    "totalOtherIncomeExpensesNet": 3260000,
    "incomeBeforeTax": 390223000,
    "incomeBeforeTaxRatio": 0.0551506342,
    "incomeTaxExpense": 45000000,
    "netIncome": 287032000,
    "netIncomeRatio": 0.0405665397,
    "eps": 1.22,
    "epsdiluted": 1.22,
    "weightedAverageShsOut": 234000000,
    "weightedAverageShsOutDil": 234300000,
    "link": "https://www.sec.gov/Archives/edgar/data/73309/000095017025028427/0000950170-25-028427-index.htm",
    "finalLink": "https://www.sec.gov/Archives/edgar/data/73309/000095017025028427/nue-20241231.htm"
  },
  {
    "date": "2024-09-28",
    "symbol": "NUE",
    "reportedCurrency": "USD",
    "cik": "0000073309",
    "fillingDate": "2024-11-06",
    "acceptedDate": "2024-11-06 09:25:42",
    "calendarYear": "2024",
    "period": "Q3",
    "revenue": 7444160000,
    "costOfRevenue": 6686226000,
    "grossProfit": 757934000,
    "grossProfitRatio": 0.1018159201,
    "researchAndDevelopmentExpenses": 0,
    "generalAndAdministrativeExpenses": 0,
    "sellingAndMarketingExpenses": 0,
    "sellingGeneralAndAdministrativeExpenses": 244657000,
    "otherExpenses": 0,
    "operatingExpenses": 244657000,
    "costAndExpenses": 6930883000,
    "interestIncome": 58094000,
    "interestExpense": 65376000,
    "depreciationAndAmortization": 349937000,
    "ebitda": 803586000,
    "ebitdaratio": 0.1079485127,
    "operatingIncome": 513277000,
    "operatingIncomeRatio": 0.0689502912,
    "totalOtherIncomeExpensesNet": -125004000,
    "incomeBeforeTax": 388273000,
    "incomeBeforeTaxRatio": 0.0521580675,
    "incomeTaxExpense": 85448000,
    "netIncome": 249910000,
    "netIncomeRatio": 0.0335712827,
    "eps": 1.05,
    "epsdiluted": 1.05,
    "weightedAverageShsOut": 236462000,
    "weightedAverageShsOutDil": 236768000,
    "link": "https://www.sec.gov/Archives/edgar/data/73309/000095017024121863/0000950170-24-121863-index.htm",
    "finalLink": "https://www.sec.gov/Archives/edgar/data/73309/000095017024121863/nue-20240928.htm"
  },
  {
    "date": "2024-06-29",
    "symbol": "NUE",
    "reportedCurrency": "USD",
    "cik": "0000073309",
    "fillingDate": "2024-08-07",
    "acceptedDate": "2024-08-07 12:52:48",
    "calendarYear": "2024",
    "period": "Q2",
    "revenue": 8077000000,
    "costOfRevenue": 6883000000,
    "grossProfit": 1194000000,
    "grossProfitRatio": 0.1478271636,
    "researchAndDevelopmentExpenses": 0,
    "generalAndAdministrativeExpenses": 0,
    "sellingAndMarketingExpenses": 0,
    "sellingGeneralAndAdministrativeExpenses": 294000000,
    "otherExpenses": 0,
    "operatingExpenses": 294000000,
    "costAndExpenses": 7177000000,
    "interestIncome": 69000000,
    "interestExpense": 67000000,
    "depreciationAndAmortization": 332000000,
    "ebitda": 1297000000,
    "ebitdaratio": 0.1605794231,
    "operatingIncome": 900000000,
    "operatingIncomeRatio": 0.1114275102,
    "totalOtherIncomeExpensesNet": -2000000,
    "incomeBeforeTax": 898000000,
    "incomeBeforeTaxRatio": 0.1111798935,
    "incomeTaxExpense": 186020000,
    "netIncome": 645217000,
    "netIncomeRatio": 0.0798832487,
    "eps": 2.68,
    "epsdiluted": 2.68,
    "weightedAverageShsOut": 239580000,
    "weightedAverageShsOutDil": 239935000,
    "link": "https://www.sec.gov/Archives/edgar/data/73309/000095017024092479/0000950170-24-092479-index.htm",
    "finalLink": "https://www.sec.gov/Archives/edgar/data/73309/000095017024092479/nue-20240629.htm"
  },
  {
    "date": "2024-03-30",
    "symbol": "NUE",
    "reportedCurrency": "USD",
    "cik": "0000073309",
    "fillingDate": "2024-05-08",
    "acceptedDate": "2024-05-08 09:35:03",
    "calendarYear": "2024",
    "period": "Q1",
    "revenue": 8137000000,
    "costOfRevenue": 6614000000,
    "grossProfit": 1523000000,
    "grossProfitRatio": 0.1871697186,
    "researchAndDevelopmentExpenses": 0,
    "generalAndAdministrativeExpenses": 0,
    "sellingAndMarketingExpenses": 0,
    "sellingGeneralAndAdministrativeExpenses": 345000000,
    "otherExpenses": 0,
    "operatingExpenses": 345000000,
    "costAndExpenses": 6959000000,
    "interestIncome": 81000000,
    "interestExpense": 43000000,
    "depreciationAndAmortization": 316000000,
    "ebitda": 1584000000,
    "ebitdaratio": 0.1946663389,
    "operatingIncome": 1178000000,
    "operatingIncomeRatio": 0.1447708,
    "totalOtherIncomeExpensesNet": 47000000,
    "incomeBeforeTax": 1225000000,
    "incomeBeforeTaxRatio": 0.1505468846,
    "incomeTaxExpense": 266379000,
    "netIncome": 844841000,
    "netIncomeRatio": 0.1038270861,
    "eps": 3.46,
    "epsdiluted": 3.46,
    "weightedAverageShsOut": 243100000,
    "weightedAverageShsOutDil": 243497000,
    "link": "https://www.sec.gov/Archives/edgar/data/73309/000095017024055144/0000950170-24-055144-index.htm",
    "finalLink": "https://www.sec.gov/Archives/edgar/data/73309/000095017024055144/nue-20240330.htm"
  },
  {
    "date": "2023-12-31",
    "symbol": "NUE",
    "reportedCurrency": "USD",
    "cik": "0000073309",
    "fillingDate": "2024-02-27",
    "acceptedDate": "2024-02-27 16:21:09",
    "calendarYear": "2023",
    "period": "Q4",
    "revenue": 7704531000,
    "costOfRevenue": 6310813000,
    "grossProfit": 1393718000,
    "grossProfitRatio": 0.180895891,
    "researchAndDevelopmentExpenses": 0,
    "generalAndAdministrativeExpenses": 0,
    "sellingAndMarketingExpenses": 0,
    "sellingGeneralAndAdministrativeExpenses": 355001000,
    "otherExpenses": 0,
    "operatingExpenses": 355001000,
    "costAndExpenses": 6665814000,
    "interestIncome": 89518000,
    "interestExpense": 59238000,
    "depreciationAndAmortization": 311461000,
    "ebitda": 1638547000,
    "ebitdaratio": 0.212673166,
    "operatingIncome": 1038717000,
    "operatingIncomeRatio": 0.1348189786,
    "totalOtherIncomeExpensesNet": 39392000,
    "incomeBeforeTax": 1078109000,
    "incomeBeforeTaxRatio": 0.1399318141,
    "incomeTaxExpense": 205277000,
    "netIncome": 785399000,
    "netIncomeRatio": 0.1019398845,
    "eps": 3.17,
    "epsdiluted": 3.16,
    "weightedAverageShsOut": 246868000,
    "weightedAverageShsOutDil": 247249000,
    "link": "https://www.sec.gov/Archives/edgar/data/73309/000095017024021195/0000950170-24-021195-index.htm",
    "finalLink": "https://www.sec.gov/Archives/edgar/data/73309/000095017024021195/nue-20231231.htm"
  },
  {
    "date": "2023-09-30",
    "symbol": "NUE",
    "reportedCurrency": "USD",
    "cik": "0000073309",
    "fillingDate": "2023-11-08",
    "acceptedDate": "2023-11-08 09:28:43",
    "calendarYear": "2023",
    "period": "Q3",
    "revenue": 8775734000,
    "costOfRevenue": 6854934000,
    "grossProfit": 1920800000,
    "grossProfitRatio": 0.2188762786,
    "researchAndDevelopmentExpenses": 0,
    "generalAndAdministrativeExpenses": 0,
    "sellingAndMarketingExpenses": 0,
    "sellingGeneralAndAdministrativeExpenses": 385768000,
    "otherExpenses": 1535032000,
    "operatingExpenses": 1920800000,
    "costAndExpenses": 8775734000,
    "interestIncome": 77361000,
    "interestExpense": 63228000,
    "depreciationAndAmortization": 290787000,
    "ebitda": 1902097000,
    "ebitdaratio": 0.2167450609,
    "operatingIncome": 0,
    "operatingIncomeRatio": 0,
    "totalOtherIncomeExpensesNet": 1548082000,
    "incomeBeforeTax": 1548082000,
    "incomeBeforeTaxRatio": 0.1764048455,
    "incomeTaxExpense": 326827000,
    "netIncome": 1141506000,
    "netIncomeRatio": 0.1300752735,
    "eps": 4.58,
    "epsdiluted": 4.57,
    "weightedAverageShsOut": 248504000,
    "weightedAverageShsOutDil": 248916000,
    "link": "https://www.sec.gov/Archives/edgar/data/73309/000095017023060729/0000950170-23-060729-index.htm",
    "finalLink": "https://www.sec.gov/Archives/edgar/data/73309/000095017023060729/nue-20230930.htm"
  },
  {
    "date": "2023-07-01",
    "symbol": "NUE",
    "reportedCurrency": "USD",
    "cik": "0000073309",
    "fillingDate": "2023-08-09",
    "acceptedDate": "2023-08-09 10:48:20",
    "calendarYear": "2023",
    "period": "Q2",
    "revenue": 9523256000,
    "costOfRevenue": 7021582000,
    "grossProfit": 2501674000,
    "grossProfitRatio": 0.2626910376,
    "researchAndDevelopmentExpenses": 0,
    "generalAndAdministrativeExpenses": 0,
    "sellingAndMarketingExpenses": 0,
    "sellingGeneralAndAdministrativeExpenses": 453388000,
    "otherExpenses": 0,
    "operatingExpenses": 453388000,
    "costAndExpenses": 7474970000,
    "interestIncome": 56208000,
    "interestExpense": 60806000,
    "depreciationAndAmortization": 286209000,
    "ebitda": 2396797000,
    "ebitdaratio": 0.2516783125,
    "operatingIncome": 2048286000,
    "operatingIncomeRatio": 0.2150825306,
    "totalOtherIncomeExpensesNet": 1496000,
    "incomeBeforeTax": 2049782000,
    "incomeBeforeTaxRatio": 0.2152396197,
    "incomeTaxExpense": 462707000,
    "netIncome": 1461354000,
    "netIncomeRatio": 0.1534510886,
    "eps": 5.82,
    "epsdiluted": 5.81,
    "weightedAverageShsOut": 250144000,
    "weightedAverageShsOutDil": 250524000,
    "link": "https://www.sec.gov/Archives/edgar/data/73309/000095017023040234/0000950170-23-040234-index.htm",
    "finalLink": "https://www.sec.gov/Archives/edgar/data/73309/000095017023040234/nue-20230701.htm"
  },
  {
    "date": "2023-04-01",
    "symbol": "NUE",
    "reportedCurrency": "USD",
    "cik": "0000073309",
    "fillingDate": "2023-05-10",
    "acceptedDate": "2023-05-10 10:38:39",
    "calendarYear": "2023",
    "period": "Q1",
    "revenue": 8709980000,
    "costOfRevenue": 6711778000,
    "grossProfit": 1998202000,
    "grossProfitRatio": 0.2294152225,
    "researchAndDevelopmentExpenses": 0,
    "generalAndAdministrativeExpenses": 0,
    "sellingAndMarketingExpenses": 0,
    "sellingGeneralAndAdministrativeExpenses": 389895000,
    "otherExpenses": 0,
    "operatingExpenses": 389895000,
    "costAndExpenses": 7101673000,
    "interestIncome": 52499000,
    "interestExpense": 62682000,
    "depreciationAndAmortization": 279858000,
    "ebitda": 1939324000,
    "ebitdaratio": 0.2226553907,
    "operatingIncome": 1608307000,
    "operatingIncomeRatio": 0.1846510555,
    "totalOtherIncomeExpensesNet": -11523000,
    "incomeBeforeTax": 1596784000,
    "incomeBeforeTaxRatio": 0.1833280903,
    "incomeTaxExpense": 365155000,
    "netIncome": 1136542000,
    "netIncomeRatio": 0.130487326,
    "eps": 4.47,
    "epsdiluted": 4.45,
    "weightedAverageShsOut": 253608000,
    "weightedAverageShsOutDil": 254397000,
    "link": "https://www.sec.gov/Archives/edgar/data/73309/000095017023020173/0000950170-23-020173-index.htm",
    "finalLink": "https://www.sec.gov/Archives/edgar/data/73309/000095017023020173/nue-20230401.htm"
  },
  {
    "date": "2022-12-31",
    "symbol": "NUE",
    "reportedCurrency": "USD",
    "cik": "0000073309",
    "fillingDate": "2023-03-01",
    "acceptedDate": "2023-02-28 19:41:43",
    "calendarYear": "2022",
    "period": "Q4",
    "revenue": 8723956000,
    "costOfRevenue": 6626469000,
    "grossProfit": 2097487000,
    "grossProfitRatio": 0.2404284249,
    "researchAndDevelopmentExpenses": 0,
    "generalAndAdministrativeExpenses": 0,
    "sellingAndMarketingExpenses": 0,
    "sellingGeneralAndAdministrativeExpenses": 422823000,
    "otherExpenses": 0,
    "operatingExpenses": 422823000,
    "costAndExpenses": 7049292000,
    "interestIncome": 29781000,
    "interestExpense": 56752000,
    "depreciationAndAmortization": 287221000,
    "ebitda": 1877378000,
    "ebitdaratio": 0.2151980134,
    "operatingIncome": 1674664000,
    "operatingIncomeRatio": 0.1919615367,
    "totalOtherIncomeExpensesNet": -141259000,
    "incomeBeforeTax": 1533405000,
    "incomeBeforeTaxRatio": 0.175769456,
    "incomeTaxExpense": 207160000,
    "netIncome": 1255733000,
    "netIncomeRatio": 0.1439407764,
    "eps": 4.92,
    "epsdiluted": 4.91,
    "weightedAverageShsOut": 255402000,
    "weightedAverageShsOutDil": 255838000,
    "link": "https://www.sec.gov/Archives/edgar/data/73309/000156459023002793/0001564590-23-002793-index.htm",
    "finalLink": "https://www.sec.gov/Archives/edgar/data/73309/000156459023002793/nue-10k_20221231.htm"
  },
  {
    "date": "2022-10-01",
    "symbol": "NUE",
    "reportedCurrency": "USD",
    "cik": "0000073309",
    "fillingDate": "2022-11-09",
    "acceptedDate": "2022-11-09 16:17:13",
    "calendarYear": "2022",
    "period": "Q3",
    "revenue": 10500755000,
    "costOfRevenue": 7657364000,
    "grossProfit": 2843391000,
    "grossProfitRatio": 0.2707796725,
    "researchAndDevelopmentExpenses": 0,
    "generalAndAdministrativeExpenses": 0,
    "sellingAndMarketingExpenses": 0,
    "sellingGeneralAndAdministrativeExpenses": 486560000,
    "otherExpenses": 0,
    "operatingExpenses": 486560000,
    "costAndExpenses": 8143924000,
    "interestIncome": 12222000,
    "interestExpense": 54569000,
    "depreciationAndAmortization": 289876000,
    "ebitda": 2646707000,
    "ebitdaratio": 0.2520492098,
    "operatingIncome": 2356831000,
    "operatingIncomeRatio": 0.2244439566,
    "totalOtherIncomeExpensesNet": -33909000,
    "incomeBeforeTax": 2322922000,
    "incomeBeforeTaxRatio": 0.2212147603,
    "incomeTaxExpense": 523879000,
    "netIncome": 1687855000,
    "netIncomeRatio": 0.1607365375,
    "eps": 6.51,
    "epsdiluted": 6.5,
    "weightedAverageShsOut": 259102000,
    "weightedAverageShsOutDil": 259526000,
    "link": "https://www.sec.gov/Archives/edgar/data/73309/000156459022037206/0001564590-22-037206-index.htm",
    "finalLink": "https://www.sec.gov/Archives/edgar/data/73309/000156459022037206/nue-10q_20221001.htm"
  },
  {
    "date": "2022-07-02",
    "symbol": "NUE",
    "reportedCurrency": "USD",
    "cik": "0000073309",
    "fillingDate": "2022-08-10",
    "acceptedDate": "2022-08-10 13:36:22",
    "calendarYear": "2022",
    "period": "Q2",
    "revenue": 11794474000,
    "costOfRevenue": 7690211000,
    "grossProfit": 4104263000,
    "grossProfitRatio": 0.34798186,
    "researchAndDevelopmentExpenses": 0,
    "generalAndAdministrativeExpenses": 0,
    "sellingAndMarketingExpenses": 0,
    "sellingGeneralAndAdministrativeExpenses": 563211000,
    "otherExpenses": 0,
    "operatingExpenses": 563211000,
    "costAndExpenses": 8253422000,
    "interestIncome": 5751000,
    "interestExpense": 63514000,
    "depreciationAndAmortization": 247648000,
    "ebitda": 3801564000,
    "ebitdaratio": 0.3223173835,
    "operatingIncome": 3541052000,
    "operatingIncomeRatio": 0.3002297517,
    "totalOtherIncomeExpensesNet": -50650000,
    "incomeBeforeTax": 3490402000,
    "incomeBeforeTaxRatio": 0.2959353677,
    "incomeTaxExpense": 763165000,
    "netIncome": 2550192000,
    "netIncomeRatio": 0.2162192227,
    "eps": 9.69,
    "epsdiluted": 9.67,
    "weightedAverageShsOut": 263221000,
    "weightedAverageShsOutDil": 263719000,
    "link": "https://www.sec.gov/Archives/edgar/data/73309/000156459022028899/0001564590-22-028899-index.htm",
    "finalLink": "https://www.sec.gov/Archives/edgar/data/73309/000156459022028899/nue-10q_20220702.htm"
  },
  {
    "date": "2022-04-02",
    "symbol": "NUE",
    "reportedCurrency": "USD",
    "cik": "0000073309",
    "fillingDate": "2022-05-11",
    "acceptedDate": "2022-05-11 09:03:27",
    "calendarYear": "2022",
    "period": "Q1",
    "revenue": 10493282000,
    "costOfRevenue": 7035143000,
    "grossProfit": 3458139000,
    "grossProfitRatio": 0.3295574254,
    "researchAndDevelopmentExpenses": 0,
    "generalAndAdministrativeExpenses": 0,
    "sellingAndMarketingExpenses": 0,
    "sellingGeneralAndAdministrativeExpenses": 524584000,
    "otherExpenses": 0,
    "operatingExpenses": 524584000,
    "costAndExpenses": 7559727000,
    "interestIncome": 941000,
    "interestExpense": 44076000,
    "depreciationAndAmortization": 236889000,
    "ebitda": 3179080000,
    "ebitdaratio": 0.3029633627,
    "operatingIncome": 2933555000,
    "operatingIncomeRatio": 0.2795650589,
    "totalOtherIncomeExpensesNet": -35440000,
    "incomeBeforeTax": 2898115000,
    "incomeBeforeTaxRatio": 0.2761876599,
    "incomeTaxExpense": 671000000,
    "netIncome": 2087203000,
    "netIncomeRatio": 0.1989085016,
    "eps": 7.69,
    "epsdiluted": 7.67,
    "weightedAverageShsOut": 271564000,
    "weightedAverageShsOutDil": 272094000,
    "link": "https://www.sec.gov/Archives/edgar/data/73309/000156459022019391/0001564590-22-019391-index.htm",
    "finalLink": "https://www.sec.gov/Archives/edgar/data/73309/000156459022019391/nue-10q_20220402.htm"
  },
  {
    "date": "2021-12-31",
    "symbol": "NUE",
    "reportedCurrency": "USD",
    "cik": "0000073309",
    "fillingDate": "2022-02-28",
    "acceptedDate": "2022-02-28 17:13:52",
    "calendarYear": "2021",
    "period": "Q4",
    "revenue": 10364412000,
    "costOfRevenue": 6841211000,
    "grossProfit": 3523201000,
    "grossProfitRatio": 0.33993255,
    "researchAndDevelopmentExpenses": 0,
    "generalAndAdministrativeExpenses": 0,
    "sellingAndMarketingExpenses": 0,
    "sellingGeneralAndAdministrativeExpenses": 502070000,
    "otherExpenses": 0,
    "operatingExpenses": 502070000,
    "costAndExpenses": 7343281000,
    "interestIncome": 437000,
    "interestExpense": 40582000,
    "depreciationAndAmortization": 241288000,
    "ebitda": 3289627000,
    "ebitdaratio": 0.3173963945,
    "operatingIncome": 3021131000,
    "operatingIncomeRatio": 0.2914908246,
    "totalOtherIncomeExpensesNet": -13374000,
    "incomeBeforeTax": 3007757000,
    "incomeBeforeTaxRatio": 0.2902004475,
    "incomeTaxExpense": 667625000,
    "netIncome": 2240379000,
    "netIncomeRatio": 0.2161607431,
    "eps": 7.99,
    "epsdiluted": 7.97,
    "weightedAverageShsOut": 280451000,
    "weightedAverageShsOutDil": 281046000,
    "link": "https://www.sec.gov/Archives/edgar/data/73309/000156459022007679/0001564590-22-007679-index.htm",
    "finalLink": "https://www.sec.gov/Archives/edgar/data/73309/000156459022007679/nue-10k_20211231.htm"
  },
  {
    "date": "2021-10-02",
    "symbol": "NUE",
    "reportedCurrency": "USD",
    "cik": "0000073309",
    "fillingDate": "2021-11-10",
    "acceptedDate": "2021-11-10 16:21:17",
    "calendarYear": "2021",
    "period": "Q3",
    "revenue": 10313223000,
    "costOfRevenue": 6906950000,
    "grossProfit": 3406273000,
    "grossProfitRatio": 0.3302821048,
    "researchAndDevelopmentExpenses": 0,
    "generalAndAdministrativeExpenses": 0,
    "sellingAndMarketingExpenses": 0,
    "sellingGeneralAndAdministrativeExpenses": 526345000,
    "otherExpenses": 0,
    "operatingExpenses": 526345000,
    "costAndExpenses": 7433295000,
    "interestIncome": 623000,
    "interestExpense": 43908000,
    "depreciationAndAmortization": 218925000,
    "ebitda": 3131940000,
    "ebitdaratio": 0.3036819819,
    "operatingIncome": 2879928000,
    "operatingIncomeRatio": 0.2792461678,
    "totalOtherIncomeExpensesNet": -10821000,
    "incomeBeforeTax": 2869107000,
    "incomeBeforeTaxRatio": 0.2781969322,
    "incomeTaxExpense": 645842000,
    "netIncome": 2118301000,
    "netIncomeRatio": 0.2053966059,
    "eps": 7.29,
    "epsdiluted": 7.28,
    "weightedAverageShsOut": 290510000,
    "weightedAverageShsOutDil": 291152000,
    "link": "https://www.sec.gov/Archives/edgar/data/73309/000156459021056213/0001564590-21-056213-index.htm",
    "finalLink": "https://www.sec.gov/Archives/edgar/data/73309/000156459021056213/nue-10q_20211002.htm"
  },
  {
    "date": "2021-07-03",
    "symbol": "NUE",
    "reportedCurrency": "USD",
    "cik": "0000073309",
    "fillingDate": "2021-08-11",
    "acceptedDate": "2021-08-11 16:39:55",
    "calendarYear": "2021",
    "period": "Q2",
    "revenue": 8789164000,
    "costOfRevenue": 6315661000,
    "grossProfit": 2473503000,
    "grossProfitRatio": 0.2814264246,
    "researchAndDevelopmentExpenses": 0,
    "generalAndAdministrativeExpenses": 0,
    "sellingAndMarketingExpenses": 0,
    "sellingGeneralAndAdministrativeExpenses": 387070000,
    "otherExpenses": 0,
    "operatingExpenses": 387070000,
    "costAndExpenses": 6702731000,
    "interestIncome": 1881000,
    "interestExpense": 37661000,
    "depreciationAndAmortization": 203400000,
    "ebitda": 2266809000,
    "ebitdaratio": 0.2579095122,
    "operatingIncome": 2086433000,
    "operatingIncomeRatio": 0.2373869688,
    "totalOtherIncomeExpensesNet": -60685000,
    "incomeBeforeTax": 2025748000,
    "incomeBeforeTaxRatio": 0.2304824441,
    "incomeTaxExpense": 454289000,
    "netIncome": 1500192000,
    "netIncomeRatio": 0.1706865408,
    "eps": 5.05,
    "epsdiluted": 5.04,
    "weightedAverageShsOut": 296817000,
    "weightedAverageShsOutDil": 297529000,
    "link": "https://www.sec.gov/Archives/edgar/data/73309/000156459021043479/0001564590-21-043479-index.htm",
    "finalLink": "https://www.sec.gov/Archives/edgar/data/73309/000156459021043479/nue-10q_20210703.htm"
  },
  {
    "date": "2021-04-03",
    "symbol": "NUE",
    "reportedCurrency": "USD",
    "cik": "0000073309",
    "fillingDate": "2021-05-12",
    "acceptedDate": "2021-05-12 09:16:39",
    "calendarYear": "2021",
    "period": "Q1",
    "revenue": 7017140000,
    "costOfRevenue": 5394703000,
    "grossProfit": 1622437000,
    "grossProfitRatio": 0.2312105787,
    "researchAndDevelopmentExpenses": 0,
    "generalAndAdministrativeExpenses": 0,
    "sellingAndMarketingExpenses": 0,
    "sellingGeneralAndAdministrativeExpenses": 291124000,
    "otherExpenses": 0,
    "operatingExpenses": 291124000,
    "costAndExpenses": 5685827000,
    "interestIncome": 1326000,
    "interestExpense": 40970000,
    "depreciationAndAmortization": 200950000,
    "ebitda": 1540166000,
    "ebitdaratio": 0.2194862864,
    "operatingIncome": 1331313000,
    "operatingIncomeRatio": 0.1897230211,
    "totalOtherIncomeExpensesNet": -33067000,
    "incomeBeforeTax": 1298246000,
    "incomeBeforeTaxRatio": 0.1850107024,
    "incomeTaxExpense": 310732000,
    "netIncome": 942432000,
    "netIncomeRatio": 0.1343042892,
    "eps": 3.1,
    "epsdiluted": 3.1,
    "weightedAverageShsOut": 301846000,
    "weightedAverageShsOutDil": 302518000,
    "link": "https://www.sec.gov/Archives/edgar/data/73309/000156459021026758/0001564590-21-026758-index.htm",
    "finalLink": "https://www.sec.gov/Archives/edgar/data/73309/000156459021026758/nue-10q_20210403.htm"
  },
  {
    "date": "2020-12-31",
    "symbol": "NUE",
    "reportedCurrency": "USD",
    "cik": "0000073309",
    "fillingDate": "2021-02-26",
    "acceptedDate": "2021-02-26 17:17:27",
    "calendarYear": "2020",
    "period": "Q4",
    "revenue": 5260055000,
    "costOfRevenue": 4541527000,
    "grossProfit": 718528000,
    "grossProfitRatio": 0.136600853,
    "researchAndDevelopmentExpenses": 0,
    "generalAndAdministrativeExpenses": 0,
    "sellingAndMarketingExpenses": 0,
    "sellingGeneralAndAdministrativeExpenses": 154119000,
    "otherExpenses": 0,
    "operatingExpenses": 154119000,
    "costAndExpenses": 4695646000,
    "interestIncome": 1545000,
    "interestExpense": 37887000,
    "depreciationAndAmortization": 196901000,
    "ebitda": 452554000,
    "ebitdaratio": 0.0860359825,
    "operatingIncome": 564409000,
    "operatingIncomeRatio": 0.1073009693,
    "totalOtherIncomeExpensesNet": -346643000,
    "incomeBeforeTax": 217766000,
    "incomeBeforeTaxRatio": 0.0413999473,
    "incomeTaxExpense": -208100000,
    "netIncome": 396669000,
    "netIncomeRatio": 0.0754115689,
    "eps": 1.31,
    "epsdiluted": 1.3,
    "weightedAverageShsOut": 303467000,
    "weightedAverageShsOutDil": 303806000,
    "link": "https://www.sec.gov/Archives/edgar/data/73309/000156459021009503/0001564590-21-009503-index.htm",
    "finalLink": "https://www.sec.gov/Archives/edgar/data/73309/000156459021009503/nue-10k_20201231.htm"
  },
  {
    "date": "2020-10-03",
    "symbol": "NUE",
    "reportedCurrency": "USD",
    "cik": "0000073309",
    "fillingDate": "2020-11-12",
    "acceptedDate": "2020-11-12 16:23:16",
    "calendarYear": "2020",
    "period": "Q3",
    "revenue": 4927960000,
    "costOfRevenue": 4425765000,
    "grossProfit": 502195000,
    "grossProfitRatio": 0.1019072801,
    "researchAndDevelopmentExpenses": 0,
    "generalAndAdministrativeExpenses": 0,
    "sellingAndMarketingExpenses": 0,
    "sellingGeneralAndAdministrativeExpenses": 165513000,
    "otherExpenses": 0,
    "operatingExpenses": 165513000,
    "costAndExpenses": 4591278000,
    "interestIncome": 2142000,
    "interestExpense": 42281000,
    "depreciationAndAmortization": 196709000,
    "ebitda": 529408000,
    "ebitdaratio": 0.1074294434,
    "operatingIncome": 336682000,
    "operatingIncomeRatio": 0.0683207656,
    "totalOtherIncomeExpensesNet": -46264000,
    "incomeBeforeTax": 290418000,
    "incomeBeforeTaxRatio": 0.0589327024,
    "incomeTaxExpense": 67788000,
    "netIncome": 193415000,
    "netIncomeRatio": 0.0392484923,
    "eps": 0.63,
    "epsdiluted": 0.63,
    "weightedAverageShsOut": 303394000,
    "weightedAverageShsOutDil": 303441000,
    "link": "https://www.sec.gov/Archives/edgar/data/73309/000156459020053596/0001564590-20-053596-index.htm",
    "finalLink": "https://www.sec.gov/Archives/edgar/data/73309/000156459020053596/nue-10q_20201003.htm"
  },
  {
    "date": "2020-07-04",
    "symbol": "NUE",
    "reportedCurrency": "USD",
    "cik": "0000073309",
    "fillingDate": "2020-08-12",
    "acceptedDate": "2020-08-12 15:35:26",
    "calendarYear": "2020",
    "period": "Q2",
    "revenue": 4327306000,
    "costOfRevenue": 3949347000,
    "grossProfit": 377959000,
    "grossProfitRatio": 0.0873427948,
    "researchAndDevelopmentExpenses": 0,
    "generalAndAdministrativeExpenses": 0,
    "sellingAndMarketingExpenses": 0,
    "sellingGeneralAndAdministrativeExpenses": 142017000,
    "otherExpenses": 0,
    "operatingExpenses": 142017000,
    "costAndExpenses": 4091364000,
    "interestIncome": 3042000,
    "interestExpense": 38849000,
    "depreciationAndAmortization": 194581000,
    "ebitda": 414487000,
    "ebitdaratio": 0.0957840744,
    "operatingIncome": 235942000,
    "operatingIncomeRatio": 0.0545239925,
    "totalOtherIncomeExpensesNet": -54885000,
    "incomeBeforeTax": 181057000,
    "incomeBeforeTaxRatio": 0.0418405816,
    "incomeTaxExpense": 47904000,
    "netIncome": 108881000,
    "netIncomeRatio": 0.0251613822,
    "eps": 0.36,
    "epsdiluted": 0.36,
    "weightedAverageShsOut": 302921000,
    "weightedAverageShsOutDil": 302933000,
    "link": "https://www.sec.gov/Archives/edgar/data/73309/000156459020039639/0001564590-20-039639-index.htm",
    "finalLink": "https://www.sec.gov/Archives/edgar/data/73309/000156459020039639/nue-10q_20200704.htm"
  },
  {
    "date": "2020-04-04",
    "symbol": "NUE",
    "reportedCurrency": "USD",
    "cik": "0000073309",
    "fillingDate": "2020-05-13",
    "acceptedDate": "2020-05-13 17:05:27",
    "calendarYear": "2020",
    "period": "Q1",
    "revenue": 5624337000,
    "costOfRevenue": 4995069000,
    "grossProfit": 629268000,
    "grossProfitRatio": 0.1118830539,
    "researchAndDevelopmentExpenses": 0,
    "generalAndAdministrativeExpenses": 0,
    "sellingAndMarketingExpenses": 153392000,
    "sellingGeneralAndAdministrativeExpenses": 153392000,
    "otherExpenses": 0,
    "operatingExpenses": 153392000,
    "costAndExpenses": 5148461000,
    "interestIncome": 6686000,
    "interestExpense": 47596000,
    "depreciationAndAmortization": 197275000,
    "ebitda": 391168000,
    "ebitdaratio": 0.0695491753,
    "operatingIncome": 475876000,
    "operatingIncomeRatio": 0.0846101505,
    "totalOtherIncomeExpensesNet": -329579000,
    "incomeBeforeTax": 146297000,
    "incomeBeforeTaxRatio": 0.0260114214,
    "incomeTaxExpense": 91918000,
    "netIncome": 20331000,
    "netIncomeRatio": 0.0036148261,
    "eps": 0.07,
    "epsdiluted": 0.07,
    "weightedAverageShsOut": 302909000,
    "weightedAverageShsOutDil": 302932000,
    "link": "https://www.sec.gov/Archives/edgar/data/73309/000156459020025117/0001564590-20-025117-index.htm",
    "finalLink": "https://www.sec.gov/Archives/edgar/data/73309/000156459020025117/nue-10q_20200404.htm"
  },
  {
    "date": "2019-12-31",
    "symbol": "NUE",
    "reportedCurrency": "USD",
    "cik": "0000073309",
    "fillingDate": "2020-02-28",
    "acceptedDate": "2020-02-28 16:09:21",
    "calendarYear": "2019",
    "period": "Q4",
    "revenue": 5131746000,
    "costOfRevenue": 4696558000,
    "grossProfit": 435188000,
    "grossProfitRatio": 0.084803106,
    "researchAndDevelopmentExpenses": 0,
    "generalAndAdministrativeExpenses": 10732000,
    "sellingAndMarketingExpenses": -340040000,
    "sellingGeneralAndAdministrativeExpenses": 162228000,
    "otherExpenses": 0,
    "operatingExpenses": 162228000,
    "costAndExpenses": 4858786000,
    "interestIncome": 8956000,
    "interestExpense": 37622000,
    "depreciationAndAmortization": 192041000,
    "ebitda": 407893000,
    "ebitdaratio": 0.0794842535,
    "operatingIncome": 272960000,
    "operatingIncomeRatio": 0.0531904736,
    "totalOtherIncomeExpensesNet": -94730000,
    "incomeBeforeTax": 178230000,
    "incomeBeforeTaxRatio": 0.0347308694,
    "incomeTaxExpense": 43977000,
    "netIncome": 107823000,
    "netIncomeRatio": 0.0210109776,
    "eps": 0.35,
    "epsdiluted": 0.35,
    "weightedAverageShsOut": 303560000,
    "weightedAverageShsOutDil": 303987000,
    "link": "https://www.sec.gov/Archives/edgar/data/73309/000156459020007794/0001564590-20-007794-index.htm",
    "finalLink": "https://www.sec.gov/Archives/edgar/data/73309/000156459020007794/nue-10k_20191231.htm"
  },
  {
    "date": "2019-09-28",
    "symbol": "NUE",
    "reportedCurrency": "USD",
    "cik": "0000073309",
    "fillingDate": "2019-11-06",
    "acceptedDate": "2019-11-06 15:37:32",
    "calendarYear": "2019",
    "period": "Q3",
    "revenue": 5464502000,
    "costOfRevenue": 4891991000,
    "grossProfit": 572511000,
    "grossProfitRatio": 0.104769108,
    "researchAndDevelopmentExpenses": 0,
    "generalAndAdministrativeExpenses": 0,
    "sellingAndMarketingExpenses": 159301000,
    "sellingGeneralAndAdministrativeExpenses": 159301000,
    "otherExpenses": 0,
    "operatingExpenses": 159301000,
    "costAndExpenses": 5051292000,
    "interestIncome": 9435000,
    "interestExpense": 40721000,
    "depreciationAndAmortization": 177885000,
    "ebitda": 598945000,
    "ebitdaratio": 0.1096065113,
    "operatingIncome": 413210000,
    "operatingIncomeRatio": 0.0756171377,
    "totalOtherIncomeExpensesNet": -32871000,
    "incomeBeforeTax": 380339000,
    "incomeBeforeTaxRatio": 0.0696017679,
    "incomeTaxExpense": 86752000,
    "netIncome": 275031000,
    "netIncomeRatio": 0.0503304784,
    "eps": 0.9,
    "epsdiluted": 0.9,
    "weightedAverageShsOut": 304637000,
    "weightedAverageShsOutDil": 304980000,
    "link": "https://www.sec.gov/Archives/edgar/data/73309/000156459019040956/0001564590-19-040956-index.htm",
    "finalLink": "https://www.sec.gov/Archives/edgar/data/73309/000156459019040956/nue-10q_20190928.htm"
  },
  {
    "date": "2019-06-29",
    "symbol": "NUE",
    "reportedCurrency": "USD",
    "cik": "0000073309",
    "fillingDate": "2019-08-07",
    "acceptedDate": "2019-08-07 15:10:21",
    "calendarYear": "2019",
    "period": "Q2",
    "revenue": 5895986000,
    "costOfRevenue": 5120492000,
    "grossProfit": 775494000,
    "grossProfitRatio": 0.1315291454,
    "researchAndDevelopmentExpenses": 0,
    "generalAndAdministrativeExpenses": 0,
    "sellingAndMarketingExpenses": 0,
    "sellingGeneralAndAdministrativeExpenses": 208980000,
    "otherExpenses": 0,
    "operatingExpenses": 208980000,
    "costAndExpenses": 5329472000,
    "interestIncome": 8923000,
    "interestExpense": 41953000,
    "depreciationAndAmortization": 185056000,
    "ebitda": 761631000,
    "ebitdaratio": 0.1291778848,
    "operatingIncome": 566514000,
    "operatingIncomeRatio": 0.0960846922,
    "totalOtherIncomeExpensesNet": -31892000,
    "incomeBeforeTax": 534622000,
    "incomeBeforeTaxRatio": 0.0906755884,
    "incomeTaxExpense": 122345000,
    "netIncome": 386483000,
    "netIncomeRatio": 0.0655501896,
    "eps": 1.26,
    "epsdiluted": 1.26,
    "weightedAverageShsOut": 305461000,
    "weightedAverageShsOutDil": 305952000,
    "link": "https://www.sec.gov/Archives/edgar/data/73309/000156459019029949/0001564590-19-029949-index.htm",
    "finalLink": "https://www.sec.gov/Archives/edgar/data/73309/000156459019029949/nue-10q_20190629.htm"
  },
  {
    "date": "2019-03-30",
    "symbol": "NUE",
    "reportedCurrency": "USD",
    "cik": "0000073309",
    "fillingDate": "2019-05-08",
    "acceptedDate": "2019-05-08 16:07:14",
    "calendarYear": "2019",
    "period": "Q1",
    "revenue": 6096624000,
    "costOfRevenue": 5200732000,
    "grossProfit": 895892000,
    "grossProfitRatio": 0.1469488688,
    "researchAndDevelopmentExpenses": 0,
    "generalAndAdministrativeExpenses": 0,
    "sellingAndMarketingExpenses": 180739000,
    "sellingGeneralAndAdministrativeExpenses": 180739000,
    "otherExpenses": 0,
    "operatingExpenses": 180739000,
    "costAndExpenses": 5381471000,
    "interestIncome": 8619000,
    "interestExpense": 37062000,
    "depreciationAndAmortization": 179671000,
    "ebitda": 906349000,
    "ebitdaratio": 0.1486640803,
    "operatingIncome": 715153000,
    "operatingIncomeRatio": 0.1173031173,
    "totalOtherIncomeExpensesNet": -25537000,
    "incomeBeforeTax": 689616000,
    "incomeBeforeTaxRatio": 0.1131144056,
    "incomeTaxExpense": 158823000,
    "netIncome": 499838000,
    "netIncomeRatio": 0.0819860303,
    "eps": 1.63,
    "epsdiluted": 1.63,
    "weightedAverageShsOut": 306585000,
    "weightedAverageShsOutDil": 307180000,
    "link": "https://www.sec.gov/Archives/edgar/data/73309/000119312519141391/0001193125-19-141391-index.htm",
    "finalLink": "https://www.sec.gov/Archives/edgar/data/73309/000119312519141391/d709218d10q.htm"
  },
  {
    "date": "2018-12-31",
    "symbol": "NUE",
    "reportedCurrency": "USD",
    "cik": "0000073309",
    "fillingDate": "2019-02-28",
    "acceptedDate": "2019-02-28 16:42:26",
    "calendarYear": "2018",
    "period": "Q4",
    "revenue": 6295884000,
    "costOfRevenue": 5183622000,
    "grossProfit": 1112262000,
    "grossProfitRatio": 0.1766649449,
    "researchAndDevelopmentExpenses": 0,
    "generalAndAdministrativeExpenses": 0,
    "sellingAndMarketingExpenses": 0,
    "sellingGeneralAndAdministrativeExpenses": 209300000,
    "otherExpenses": 0,
    "operatingExpenses": 209300000,
    "costAndExpenses": 5392922000,
    "interestIncome": 9179000,
    "interestExpense": 40948000,
    "depreciationAndAmortization": 178623000,
    "ebitda": 1096847000,
    "ebitdaratio": 0.1742165199,
    "operatingIncome": 902962000,
    "operatingIncomeRatio": 0.1434210033,
    "totalOtherIncomeExpensesNet": -25686000,
    "incomeBeforeTax": 877276000,
    "incomeBeforeTaxRatio": 0.139341195,
    "incomeTaxExpense": 196206000,
    "netIncome": 644142000,
    "netIncomeRatio": 0.1023116055,
    "eps": 2.08,
    "epsdiluted": 2.07,
    "weightedAverageShsOut": 309804000,
    "weightedAverageShsOutDil": 310447000,
    "link": "https://www.sec.gov/Archives/edgar/data/73309/000119312519057744/0001193125-19-057744-index.htm",
    "finalLink": "https://www.sec.gov/Archives/edgar/data/73309/000119312519057744/d691427d10k.htm"
  },
  {
    "date": "2018-09-29",
    "symbol": "NUE",
    "reportedCurrency": "USD",
    "cik": "0000073309",
    "fillingDate": "2018-11-07",
    "acceptedDate": "2018-11-07 14:56:06",
    "calendarYear": "2018",
    "period": "Q3",
    "revenue": 6742202000,
    "costOfRevenue": 5452052000,
    "grossProfit": 1290150000,
    "grossProfitRatio": 0.1913543973,
    "researchAndDevelopmentExpenses": 0,
    "generalAndAdministrativeExpenses": 0,
    "sellingAndMarketingExpenses": 234081000,
    "sellingGeneralAndAdministrativeExpenses": 234081000,
    "otherExpenses": 0,
    "operatingExpenses": 234081000,
    "costAndExpenses": 5686133000,
    "interestIncome": 7588000,
    "interestExpense": 44789000,
    "depreciationAndAmortization": 180039000,
    "ebitda": 1147330000,
    "ebitdaratio": 0.1701714069,
    "operatingIncome": 1056069000,
    "operatingIncomeRatio": 0.1566356214,
    "totalOtherIncomeExpensesNet": -133567000,
    "incomeBeforeTax": 922502000,
    "incomeBeforeTaxRatio": 0.1368250313,
    "incomeTaxExpense": 216215000,
    "netIncome": 673849000,
    "netIncomeRatio": 0.0999449438,
    "eps": 2.13,
    "epsdiluted": 2.13,
    "weightedAverageShsOut": 315913000,
    "weightedAverageShsOutDil": 316798000,
    "link": "https://www.sec.gov/Archives/edgar/data/73309/000119312518320749/0001193125-18-320749-index.htm",
    "finalLink": "https://www.sec.gov/Archives/edgar/data/73309/000119312518320749/d613951d10q.htm"
  },
  {
    "date": "2018-06-30",
    "symbol": "NUE",
    "reportedCurrency": "USD",
    "cik": "0000073309",
    "fillingDate": "2018-08-08",
    "acceptedDate": "2018-08-08 12:48:59",
    "calendarYear": "2018",
    "period": "Q2",
    "revenue": 6460774000,
    "costOfRevenue": 5294184000,
    "grossProfit": 1166590000,
    "grossProfitRatio": 0.180565053,
    "researchAndDevelopmentExpenses": 0,
    "generalAndAdministrativeExpenses": 0,
    "sellingAndMarketingExpenses": 0,
    "sellingGeneralAndAdministrativeExpenses": 234381000,
    "otherExpenses": 0,
    "operatingExpenses": 234381000,
    "costAndExpenses": 5528565000,
    "interestIncome": 5890000,
    "interestExpense": 35341000,
    "depreciationAndAmortization": 179857000,
    "ebitda": 1128899000,
    "ebitdaratio": 0.1747312319,
    "operatingIncome": 932209000,
    "operatingIncomeRatio": 0.1442875111,
    "totalOtherIncomeExpensesNet": -18508000,
    "incomeBeforeTax": 913701000,
    "incomeBeforeTaxRatio": 0.1414228388,
    "incomeTaxExpense": 200086000,
    "netIncome": 680234000,
    "netIncomeRatio": 0.105286766,
    "eps": 2.14,
    "epsdiluted": 2.13,
    "weightedAverageShsOut": 318467000,
    "weightedAverageShsOutDil": 319391000,
    "link": "https://www.sec.gov/Archives/edgar/data/73309/000119312518242368/0001193125-18-242368-index.htm",
    "finalLink": "https://www.sec.gov/Archives/edgar/data/73309/000119312518242368/d597161d10q.htm"
  },
  {
    "date": "2018-03-31",
    "symbol": "NUE",
    "reportedCurrency": "USD",
    "cik": "0000073309",
    "fillingDate": "2018-05-09",
    "acceptedDate": "2018-05-09 12:54:59",
    "calendarYear": "2018",
    "period": "Q1",
    "revenue": 5568419000,
    "costOfRevenue": 4842013000,
    "grossProfit": 726406000,
    "grossProfitRatio": 0.1304510311,
    "researchAndDevelopmentExpenses": 0,
    "generalAndAdministrativeExpenses": 0,
    "sellingAndMarketingExpenses": 0,
    "sellingGeneralAndAdministrativeExpenses": 182960000,
    "otherExpenses": 0,
    "operatingExpenses": 182960000,
    "costAndExpenses": 5024973000,
    "interestIncome": 3064000,
    "interestExpense": 40178000,
    "depreciationAndAmortization": 181118000,
    "ebitda": 737208000,
    "ebitdaratio": 0.1323908995,
    "operatingIncome": 543446000,
    "operatingIncomeRatio": 0.0975943082,
    "totalOtherIncomeExpensesNet": -27534000,
    "incomeBeforeTax": 515912000,
    "incomeBeforeTaxRatio": 0.0926496372,
    "incomeTaxExpense": 135800000,
    "netIncome": 352998000,
    "netIncomeRatio": 0.0633928589,
    "eps": 1.11,
    "epsdiluted": 1.1,
    "weightedAverageShsOut": 319421000,
    "weightedAverageShsOutDil": 320474000,
    "link": "https://www.sec.gov/Archives/edgar/data/73309/000119312518157220/0001193125-18-157220-index.htm",
    "finalLink": "https://www.sec.gov/Archives/edgar/data/73309/000119312518157220/d543006d10q.htm"
  },
  {
    "date": "2017-12-31",
    "symbol": "NUE",
    "reportedCurrency": "USD",
    "cik": "0000073309",
    "fillingDate": "2018-02-28",
    "acceptedDate": "2018-02-28 16:22:31",
    "calendarYear": "2017",
    "period": "Q4",
    "revenue": 5092328000,
    "costOfRevenue": 4571760000,
    "grossProfit": 520568000,
    "grossProfitRatio": 0.1022259367,
    "researchAndDevelopmentExpenses": 0,
    "generalAndAdministrativeExpenses": 0,
    "sellingAndMarketingExpenses": 0,
    "sellingGeneralAndAdministrativeExpenses": 168102000,
    "otherExpenses": 0,
    "operatingExpenses": 168102000,
    "costAndExpenses": 4739862000,
    "interestIncome": 3711000,
    "interestExpense": 45796000,
    "depreciationAndAmortization": 183845000,
    "ebitda": 551882000,
    "ebitdaratio": 0.1083751871,
    "operatingIncome": 352466000,
    "operatingIncomeRatio": 0.0692151016,
    "totalOtherIncomeExpensesNet": -30225000,
    "incomeBeforeTax": 322241000,
    "incomeBeforeTaxRatio": 0.0632797023,
    "incomeTaxExpense": -72853000,
    "netIncome": 382581000,
    "netIncomeRatio": 0.0751288998,
    "eps": 1.2,
    "epsdiluted": 1.2,
    "weightedAverageShsOut": 319210000,
    "weightedAverageShsOutDil": 319967000,
    "link": "https://www.sec.gov/Archives/edgar/data/73309/000119312518064018/0001193125-18-064018-index.htm",
    "finalLink": "https://www.sec.gov/Archives/edgar/data/73309/000119312518064018/d441208d10k.htm"
  },
  {
    "date": "2017-09-30",
    "symbol": "NUE",
    "reportedCurrency": "USD",
    "cik": "0000073309",
    "fillingDate": "2017-11-08",
    "acceptedDate": "2017-11-08 15:00:03",
    "calendarYear": "2017",
    "period": "Q3",
    "revenue": 5170117000,
    "costOfRevenue": 4591153000,
    "grossProfit": 578964000,
    "grossProfitRatio": 0.1119827656,
    "researchAndDevelopmentExpenses": 0,
    "generalAndAdministrativeExpenses": 0,
    "sellingAndMarketingExpenses": 0,
    "sellingGeneralAndAdministrativeExpenses": 172792000,
    "otherExpenses": 0,
    "operatingExpenses": 172792000,
    "costAndExpenses": 4763945000,
    "interestIncome": 4311000,
    "interestExpense": 47621000,
    "depreciationAndAmortization": 179495000,
    "ebitda": 597721000,
    "ebitdaratio": 0.1156107299,
    "operatingIncome": 406172000,
    "operatingIncomeRatio": 0.0785614716,
    "totalOtherIncomeExpensesNet": -35567000,
    "incomeBeforeTax": 370605000,
    "incomeBeforeTaxRatio": 0.0716821302,
    "incomeTaxExpense": 111100000,
    "netIncome": 253950000,
    "netIncomeRatio": 0.049118811,
    "eps": 0.84,
    "epsdiluted": 0.83,
    "weightedAverageShsOut": 320096000,
    "weightedAverageShsOutDil": 320763000,
    "link": "https://www.sec.gov/Archives/edgar/data/73309/000119312517337077/0001193125-17-337077-index.htm",
    "finalLink": "https://www.sec.gov/Archives/edgar/data/73309/000119312517337077/d447565d10q.htm"
  },
  {
    "date": "2017-07-01",
    "symbol": "NUE",
    "reportedCurrency": "USD",
    "cik": "0000073309",
    "fillingDate": "2017-08-09",
    "acceptedDate": "2017-08-09 14:53:17",
    "calendarYear": "2017",
    "period": "Q2",
    "revenue": 5174769000,
    "costOfRevenue": 4465144000,
    "grossProfit": 709625000,
    "grossProfitRatio": 0.1371317251,
    "researchAndDevelopmentExpenses": 0,
    "generalAndAdministrativeExpenses": 0,
    "sellingAndMarketingExpenses": 170211000,
    "sellingGeneralAndAdministrativeExpenses": 170211000,
    "otherExpenses": 0,
    "operatingExpenses": 170211000,
    "costAndExpenses": 4635355000,
    "interestIncome": 2985000,
    "interestExpense": 47565000,
    "depreciationAndAmortization": 182828000,
    "ebitda": 738529000,
    "ebitdaratio": 0.1427172884,
    "operatingIncome": 539414000,
    "operatingIncomeRatio": 0.1042392424,
    "totalOtherIncomeExpensesNet": -31278000,
    "incomeBeforeTax": 508136000,
    "incomeBeforeTaxRatio": 0.0981949146,
    "incomeTaxExpense": 166412000,
    "netIncome": 321910000,
    "netIncomeRatio": 0.0622076077,
    "eps": 1,
    "epsdiluted": 1,
    "weightedAverageShsOut": 320439000,
    "weightedAverageShsOutDil": 321226000,
    "link": "https://www.sec.gov/Archives/edgar/data/73309/000119312517252608/0001193125-17-252608-index.htm",
    "finalLink": "https://www.sec.gov/Archives/edgar/data/73309/000119312517252608/d413679d10q.htm"
  },
  {
    "date": "2017-04-01",
    "symbol": "NUE",
    "reportedCurrency": "USD",
    "cik": "0000073309",
    "fillingDate": "2017-05-10",
    "acceptedDate": "2017-05-10 15:06:00",
    "calendarYear": "2017",
    "period": "Q1",
    "revenue": 4815179000,
    "costOfRevenue": 4054929000,
    "grossProfit": 760250000,
    "grossProfitRatio": 0.1578861347,
    "researchAndDevelopmentExpenses": 0,
    "generalAndAdministrativeExpenses": 0,
    "sellingAndMarketingExpenses": 176426000,
    "sellingGeneralAndAdministrativeExpenses": 176426000,
    "otherExpenses": 0,
    "operatingExpenses": 176426000,
    "costAndExpenses": 4231355000,
    "interestIncome": 2695000,
    "interestExpense": 46300000,
    "depreciationAndAmortization": 180893000,
    "ebitda": 776168000,
    "ebitdaratio": 0.1611919308,
    "operatingIncome": 583824000,
    "operatingIncomeRatio": 0.1212465829,
    "totalOtherIncomeExpensesNet": -34849000,
    "incomeBeforeTax": 548975000,
    "incomeBeforeTaxRatio": 0.1140092611,
    "incomeTaxExpense": 171327000,
    "netIncome": 355707000,
    "netIncomeRatio": 0.0738720201,
    "eps": 1.11,
    "epsdiluted": 1.11,
    "weightedAverageShsOut": 320224000,
    "weightedAverageShsOutDil": 321146000,
    "link": "https://www.sec.gov/Archives/edgar/data/73309/000119312517165702/0001193125-17-165702-index.htm",
    "finalLink": "https://www.sec.gov/Archives/edgar/data/73309/000119312517165702/d369498d10q.htm"
  },
  {
    "date": "2016-12-31",
    "symbol": "NUE",
    "reportedCurrency": "USD",
    "cik": "0000073309",
    "fillingDate": "2017-02-28",
    "acceptedDate": "2017-02-28 15:38:21",
    "calendarYear": "2016",
    "period": "Q4",
    "revenue": 3956538000,
    "costOfRevenue": 3408175000,
    "grossProfit": 548363000,
    "grossProfitRatio": 0.1385966721,
    "researchAndDevelopmentExpenses": 0,
    "generalAndAdministrativeExpenses": 0,
    "sellingAndMarketingExpenses": 0,
    "sellingGeneralAndAdministrativeExpenses": 156082000,
    "otherExpenses": 0,
    "operatingExpenses": 156082000,
    "costAndExpenses": 3564257000,
    "interestIncome": 2980000,
    "interestExpense": 43809000,
    "depreciationAndAmortization": 173879000,
    "ebitda": 577665000,
    "ebitdaratio": 0.1460026417,
    "operatingIncome": 392281000,
    "operatingIncomeRatio": 0.0991475376,
    "totalOtherIncomeExpensesNet": -32304000,
    "incomeBeforeTax": 359977000,
    "incomeBeforeTaxRatio": 0.0909828239,
    "incomeTaxExpense": 79855000,
    "netIncome": 159639000,
    "netIncomeRatio": 0.0403481529,
    "eps": 0.5,
    "epsdiluted": 0.5,
    "weightedAverageShsOut": 319921000,
    "weightedAverageShsOutDil": 320396000,
    "link": "https://www.sec.gov/Archives/edgar/data/73309/000119312517062124/0001193125-17-062124-index.htm",
    "finalLink": "https://www.sec.gov/Archives/edgar/data/73309/000119312517062124/d298801d10k.htm"
  },
  {
    "date": "2016-10-01",
    "symbol": "NUE",
    "reportedCurrency": "USD",
    "cik": "0000073309",
    "fillingDate": "2016-11-09",
    "acceptedDate": "2016-11-09 13:15:34",
    "calendarYear": "2016",
    "period": "Q3",
    "revenue": 4290236000,
    "costOfRevenue": 3608000000,
    "grossProfit": 682236000,
    "grossProfitRatio": 0.1590206226,
    "researchAndDevelopmentExpenses": 0,
    "generalAndAdministrativeExpenses": 0,
    "sellingAndMarketingExpenses": 169223000,
    "sellingGeneralAndAdministrativeExpenses": 169223000,
    "otherExpenses": 0,
    "operatingExpenses": 169223000,
    "costAndExpenses": 3777223000,
    "interestIncome": 3510000,
    "interestExpense": 46519000,
    "depreciationAndAmortization": 171500000,
    "ebitda": 702191000,
    "ebitdaratio": 0.1636718819,
    "operatingIncome": 513013000,
    "operatingIncomeRatio": 0.1195768718,
    "totalOtherIncomeExpensesNet": -28841000,
    "incomeBeforeTax": 484172000,
    "incomeBeforeTaxRatio": 0.1128543978,
    "incomeTaxExpense": 131788000,
    "netIncome": 304413000,
    "netIncomeRatio": 0.0709548379,
    "eps": 0.84,
    "epsdiluted": 0.84,
    "weightedAverageShsOut": 319737000,
    "weightedAverageShsOutDil": 320028000,
    "link": "https://www.sec.gov/Archives/edgar/data/73309/000119312516764062/0001193125-16-764062-index.htm",
    "finalLink": "https://www.sec.gov/Archives/edgar/data/73309/000119312516764062/d252136d10q.htm"
  },
  {
    "date": "2016-07-02",
    "symbol": "NUE",
    "reportedCurrency": "USD",
    "cik": "0000073309",
    "fillingDate": "2016-08-10",
    "acceptedDate": "2016-08-10 14:16:33",
    "calendarYear": "2016",
    "period": "Q2",
    "revenue": 4245772000,
    "costOfRevenue": 3660512000,
    "grossProfit": 585260000,
    "grossProfitRatio": 0.1378453671,
    "researchAndDevelopmentExpenses": 0,
    "generalAndAdministrativeExpenses": 0,
    "sellingAndMarketingExpenses": 161711000,
    "sellingGeneralAndAdministrativeExpenses": 161711000,
    "otherExpenses": 0,
    "operatingExpenses": 161711000,
    "costAndExpenses": 3822223000,
    "interestIncome": 2993000,
    "interestExpense": 43477000,
    "depreciationAndAmortization": 171314000,
    "ebitda": 604675000,
    "ebitdaratio": 0.1424181515,
    "operatingIncome": 423549000,
    "operatingIncomeRatio": 0.0997578297,
    "totalOtherIncomeExpensesNet": -33665000,
    "incomeBeforeTax": 389884000,
    "incomeBeforeTaxRatio": 0.0918287652,
    "incomeTaxExpense": 112548000,
    "netIncome": 242768000,
    "netIncomeRatio": 0.0571787651,
    "eps": 0.73,
    "epsdiluted": 0.73,
    "weightedAverageShsOut": 319360000,
    "weightedAverageShsOutDil": 319578000,
    "link": "https://www.sec.gov/Archives/edgar/data/73309/000119312516677912/0001193125-16-677912-index.htm",
    "finalLink": "https://www.sec.gov/Archives/edgar/data/73309/000119312516677912/d183611d10q.htm"
  },
  {
    "date": "2016-04-02",
    "symbol": "NUE",
    "reportedCurrency": "USD",
    "cik": "0000073309",
    "fillingDate": "2016-05-11",
    "acceptedDate": "2016-05-11 14:27:10",
    "calendarYear": "2016",
    "period": "Q1",
    "revenue": 3715576000,
    "costOfRevenue": 3400591000,
    "grossProfit": 314985000,
    "grossProfitRatio": 0.0847742046,
    "researchAndDevelopmentExpenses": 0,
    "generalAndAdministrativeExpenses": 0,
    "sellingAndMarketingExpenses": 109745000,
    "sellingGeneralAndAdministrativeExpenses": 109745000,
    "otherExpenses": 0,
    "operatingExpenses": 109745000,
    "costAndExpenses": 3510336000,
    "interestIncome": 2452000,
    "interestExpense": 47374000,
    "depreciationAndAmortization": 170361000,
    "ebitda": 387298000,
    "ebitdaratio": 0.1042363284,
    "operatingIncome": 205240000,
    "operatingIncomeRatio": 0.0552377343,
    "totalOtherIncomeExpensesNet": -35677000,
    "incomeBeforeTax": 169563000,
    "incomeBeforeTaxRatio": 0.0456357238,
    "incomeTaxExpense": 37065000,
    "netIncome": 87196000,
    "netIncomeRatio": 0.0234676938,
    "eps": 0.22,
    "epsdiluted": 0.22,
    "weightedAverageShsOut": 319240000,
    "weightedAverageShsOutDil": 319294000,
    "link": "https://www.sec.gov/Archives/edgar/data/73309/000119312516586874/0001193125-16-586874-index.htm",
    "finalLink": "https://www.sec.gov/Archives/edgar/data/73309/000119312516586874/d152409d10q.htm"
  },
  {
    "date": "2015-12-31",
    "symbol": "NUE",
    "reportedCurrency": "USD",
    "cik": "0000073309",
    "fillingDate": "2016-02-26",
    "acceptedDate": "2016-02-26 13:50:27",
    "calendarYear": "2015",
    "period": "Q4",
    "revenue": 3456713000,
    "costOfRevenue": 3073875000,
    "grossProfit": 382838000,
    "grossProfitRatio": 0.1107520352,
    "researchAndDevelopmentExpenses": 0,
    "generalAndAdministrativeExpenses": 0,
    "sellingAndMarketingExpenses": 0,
    "sellingGeneralAndAdministrativeExpenses": 81497000,
    "otherExpenses": 0,
    "operatingExpenses": 81497000,
    "costAndExpenses": 3155372000,
    "interestIncome": 1332000,
    "interestExpense": 42919000,
    "depreciationAndAmortization": 175105000,
    "ebitda": 237724000,
    "ebitdaratio": 0.0687716915,
    "operatingIncome": 301341000,
    "operatingIncomeRatio": 0.0871755914,
    "totalOtherIncomeExpensesNet": -281641000,
    "incomeBeforeTax": 19700000,
    "incomeBeforeTaxRatio": 0.0056990557,
    "incomeTaxExpense": 34988000,
    "netIncome": -62022000,
    "netIncomeRatio": -0.0179424789,
    "eps": -0.19,
    "epsdiluted": -0.19,
    "weightedAverageShsOut": 320629000,
    "weightedAverageShsOutDil": 320687000,
    "link": "https://www.sec.gov/Archives/edgar/data/73309/000119312516481119/0001193125-16-481119-index.htm",
    "finalLink": "https://www.sec.gov/Archives/edgar/data/73309/000119312516481119/d71252d10k.htm"
  },
  {
    "date": "2015-10-03",
    "symbol": "NUE",
    "reportedCurrency": "USD",
    "cik": "0000073309",
    "fillingDate": "2015-11-12",
    "acceptedDate": "2015-11-12 09:15:42",
    "calendarYear": "2015",
    "period": "Q3",
    "revenue": 4225514000,
    "costOfRevenue": 3701678000,
    "grossProfit": 523836000,
    "grossProfitRatio": 0.1239697703,
    "researchAndDevelopmentExpenses": 0,
    "generalAndAdministrativeExpenses": 0,
    "sellingAndMarketingExpenses": 124339000,
    "sellingGeneralAndAdministrativeExpenses": 124339000,
    "otherExpenses": 0,
    "operatingExpenses": 124339000,
    "costAndExpenses": 3826017000,
    "interestIncome": 1065000,
    "interestExpense": 46406000,
    "depreciationAndAmortization": 173496000,
    "ebitda": 574173000,
    "ebitdaratio": 0.1358824039,
    "operatingIncome": 399497000,
    "operatingIncomeRatio": 0.094544001,
    "totalOtherIncomeExpensesNet": -45226000,
    "incomeBeforeTax": 354271000,
    "incomeBeforeTaxRatio": 0.0838409244,
    "incomeTaxExpense": 86535000,
    "netIncome": 226389000,
    "netIncomeRatio": 0.0535766773,
    "eps": 0.71,
    "epsdiluted": 0.71,
    "weightedAverageShsOut": 320819000,
    "weightedAverageShsOutDil": 320900000,
    "link": "https://www.sec.gov/Archives/edgar/data/73309/000119312515374781/0001193125-15-374781-index.htm",
    "finalLink": "https://www.sec.gov/Archives/edgar/data/73309/000119312515374781/d95367d10q.htm"
  },
  {
    "date": "2015-07-04",
    "symbol": "NUE",
    "reportedCurrency": "USD",
    "cik": "0000073309",
    "fillingDate": "2015-08-12",
    "acceptedDate": "2015-08-12 13:21:02",
    "calendarYear": "2015",
    "period": "Q2",
    "revenue": 4357609000,
    "costOfRevenue": 3971303000,
    "grossProfit": 386306000,
    "grossProfitRatio": 0.0886509092,
    "researchAndDevelopmentExpenses": 0,
    "generalAndAdministrativeExpenses": 0,
    "sellingAndMarketingExpenses": 128592000,
    "sellingGeneralAndAdministrativeExpenses": 128592000,
    "otherExpenses": 0,
    "operatingExpenses": 128592000,
    "costAndExpenses": 4099895000,
    "interestIncome": 964000,
    "interestExpense": 43150000,
    "depreciationAndAmortization": 174827000,
    "ebitda": 434199000,
    "ebitdaratio": 0.0996415695,
    "operatingIncome": 257714000,
    "operatingIncomeRatio": 0.0591411483,
    "totalOtherIncomeExpensesNet": -41492000,
    "incomeBeforeTax": 216222000,
    "incomeBeforeTaxRatio": 0.0496194128,
    "incomeTaxExpense": 56878000,
    "netIncome": 124344000,
    "netIncomeRatio": 0.0285349144,
    "eps": 0.39,
    "epsdiluted": 0.39,
    "weightedAverageShsOut": 320506000,
    "weightedAverageShsOutDil": 320708000,
    "link": "https://www.sec.gov/Archives/edgar/data/73309/000119312515287733/0001193125-15-287733-index.htm",
    "finalLink": "https://www.sec.gov/Archives/edgar/data/73309/000119312515287733/d943315d10q.htm"
  },
  {
    "date": "2015-04-04",
    "symbol": "NUE",
    "reportedCurrency": "USD",
    "cik": "0000073309",
    "fillingDate": "2015-05-13",
    "acceptedDate": "2015-05-13 15:03:16",
    "calendarYear": "2015",
    "period": "Q1",
    "revenue": 4399440000,
    "costOfRevenue": 4111158000,
    "grossProfit": 288282000,
    "grossProfitRatio": 0.0655269762,
    "researchAndDevelopmentExpenses": 0,
    "generalAndAdministrativeExpenses": 0,
    "sellingAndMarketingExpenses": 124561000,
    "sellingGeneralAndAdministrativeExpenses": 124561000,
    "otherExpenses": 0,
    "operatingExpenses": 124561000,
    "costAndExpenses": 4235719000,
    "interestIncome": 651000,
    "interestExpense": 45068000,
    "depreciationAndAmortization": 176589000,
    "ebitda": 340702000,
    "ebitdaratio": 0.077442129,
    "operatingIncome": 163721000,
    "operatingIncomeRatio": 0.0372140545,
    "totalOtherIncomeExpensesNet": -44676000,
    "incomeBeforeTax": 119045000,
    "incomeBeforeTaxRatio": 0.0270591257,
    "incomeTaxExpense": 34753000,
    "netIncome": 67450000,
    "netIncomeRatio": 0.0153314967,
    "eps": 0.21,
    "epsdiluted": 0.21,
    "weightedAverageShsOut": 320315000,
    "weightedAverageShsOutDil": 320483000,
    "link": "https://www.sec.gov/Archives/edgar/data/73309/000119312515185690/0001193125-15-185690-index.htm",
    "finalLink": "https://www.sec.gov/Archives/edgar/data/73309/000119312515185690/d892299d10q.htm"
  },
  {
    "date": "2014-12-31",
    "symbol": "NUE",
    "reportedCurrency": "USD",
    "cik": "0000073309",
    "fillingDate": "2015-02-27",
    "acceptedDate": "2015-02-27 14:16:11",
    "calendarYear": "2014",
    "period": "Q4",
    "revenue": 5003753000,
    "costOfRevenue": 4489882000,
    "grossProfit": 513871000,
    "grossProfitRatio": 0.1026971155,
    "researchAndDevelopmentExpenses": 0,
    "generalAndAdministrativeExpenses": 0,
    "sellingAndMarketingExpenses": 0,
    "sellingGeneralAndAdministrativeExpenses": 127347000,
    "otherExpenses": 0,
    "operatingExpenses": 127347000,
    "costAndExpenses": 4617229000,
    "interestIncome": 972000,
    "interestExpense": 39747000,
    "depreciationAndAmortization": 183612000,
    "ebitda": 574585000,
    "ebitdaratio": 0.114830808,
    "operatingIncome": 386524000,
    "operatingIncomeRatio": 0.0772468185,
    "totalOtherIncomeExpensesNet": -35298000,
    "incomeBeforeTax": 351226000,
    "incomeBeforeTaxRatio": 0.0701925135,
    "incomeTaxExpense": 106268000,
    "netIncome": 209765000,
    "netIncomeRatio": 0.0419215337,
    "eps": 0.66,
    "epsdiluted": 0.65,
    "weightedAverageShsOut": 320157000,
    "weightedAverageShsOutDil": 320449000,
    "link": "https://www.sec.gov/Archives/edgar/data/73309/000119312515068895/0001193125-15-068895-index.htm",
    "finalLink": "https://www.sec.gov/Archives/edgar/data/73309/000119312515068895/d823860d10k.htm"
  },
  {
    "date": "2014-10-04",
    "symbol": "NUE",
    "reportedCurrency": "USD",
    "cik": "0000073309",
    "fillingDate": "2014-11-12",
    "acceptedDate": "2014-11-12 13:26:03",
    "calendarYear": "2014",
    "period": "Q3",
    "revenue": 5701869000,
    "costOfRevenue": 5102283000,
    "grossProfit": 599586000,
    "grossProfitRatio": 0.1051560462,
    "researchAndDevelopmentExpenses": 0,
    "generalAndAdministrativeExpenses": 0,
    "sellingAndMarketingExpenses": 152604000,
    "sellingGeneralAndAdministrativeExpenses": 152604000,
    "otherExpenses": 0,
    "operatingExpenses": 152604000,
    "costAndExpenses": 5254887000,
    "interestIncome": 1275000,
    "interestExpense": 46624000,
    "depreciationAndAmortization": 178117000,
    "ebitda": 628726000,
    "ebitdaratio": 0.1102666512,
    "operatingIncome": 446982000,
    "operatingIncomeRatio": 0.0783921904,
    "totalOtherIncomeExpensesNet": -42997000,
    "incomeBeforeTax": 403985000,
    "incomeBeforeTaxRatio": 0.0708513296,
    "incomeTaxExpense": 129784000,
    "netIncome": 244666000,
    "netIncomeRatio": 0.0429097898,
    "eps": 0.76,
    "epsdiluted": 0.76,
    "weightedAverageShsOut": 320023000,
    "weightedAverageShsOutDil": 320337000,
    "link": "https://www.sec.gov/Archives/edgar/data/73309/000119312514408729/0001193125-14-408729-index.htm",
    "finalLink": "https://www.sec.gov/Archives/edgar/data/73309/000119312514408729/d785407d10q.htm"
  },
  {
    "date": "2014-07-05",
    "symbol": "NUE",
    "reportedCurrency": "USD",
    "cik": "0000073309",
    "fillingDate": "2014-08-13",
    "acceptedDate": "2014-08-13 11:35:11",
    "calendarYear": "2014",
    "period": "Q2",
    "revenue": 5291075000,
    "costOfRevenue": 4875208000,
    "grossProfit": 415867000,
    "grossProfitRatio": 0.0785978275,
    "researchAndDevelopmentExpenses": 0,
    "generalAndAdministrativeExpenses": 0,
    "sellingAndMarketingExpenses": 132813000,
    "sellingGeneralAndAdministrativeExpenses": 132813000,
    "otherExpenses": 0,
    "operatingExpenses": 132813000,
    "costAndExpenses": 5008021000,
    "interestIncome": 1487000,
    "interestExpense": 45878000,
    "depreciationAndAmortization": 182782000,
    "ebitda": 470525000,
    "ebitdaratio": 0.0889280534,
    "operatingIncome": 283054000,
    "operatingIncomeRatio": 0.0534965012,
    "totalOtherIncomeExpensesNet": -41189000,
    "incomeBeforeTax": 241865000,
    "incomeBeforeTaxRatio": 0.0457118827,
    "incomeTaxExpense": 74930000,
    "netIncome": 146554000,
    "netIncomeRatio": 0.0276983411,
    "eps": 0.46,
    "epsdiluted": 0.46,
    "weightedAverageShsOut": 319693000,
    "weightedAverageShsOutDil": 319981000,
    "link": "https://www.sec.gov/Archives/edgar/data/73309/000119312514307878/0001193125-14-307878-index.htm",
    "finalLink": "https://www.sec.gov/Archives/edgar/data/73309/000119312514307878/d732444d10q.htm"
  },
  {
    "date": "2014-04-05",
    "symbol": "NUE",
    "reportedCurrency": "USD",
    "cik": "0000073309",
    "fillingDate": "2014-05-14",
    "acceptedDate": "2014-05-14 16:15:26",
    "calendarYear": "2014",
    "period": "Q1",
    "revenue": 5108444000,
    "costOfRevenue": 4731242000,
    "grossProfit": 377202000,
    "grossProfitRatio": 0.0738389224,
    "researchAndDevelopmentExpenses": 0,
    "generalAndAdministrativeExpenses": 0,
    "sellingAndMarketingExpenses": 133434000,
    "sellingGeneralAndAdministrativeExpenses": 133434000,
    "otherExpenses": 0,
    "operatingExpenses": 133434000,
    "costAndExpenses": 4864676000,
    "interestIncome": 1152000,
    "interestExpense": 41893000,
    "depreciationAndAmortization": 179912000,
    "ebitda": 429306000,
    "ebitdaratio": 0.0840385057,
    "operatingIncome": 243768000,
    "operatingIncomeRatio": 0.04771864,
    "totalOtherIncomeExpensesNet": -36267000,
    "incomeBeforeTax": 207501000,
    "incomeBeforeTaxRatio": 0.0406192179,
    "incomeTaxExpense": 77805000,
    "netIncome": 110640000,
    "netIncomeRatio": 0.0216582584,
    "eps": 0.35,
    "epsdiluted": 0.35,
    "weightedAverageShsOut": 319505000,
    "weightedAverageShsOutDil": 319768000,
    "link": "https://www.sec.gov/Archives/edgar/data/73309/000119312514199077/0001193125-14-199077-index.htm",
    "finalLink": "https://www.sec.gov/Archives/edgar/data/73309/000119312514199077/d692015d10q.htm"
  },
  {
    "date": "2013-12-31",
    "symbol": "NUE",
    "reportedCurrency": "USD",
    "cik": "0000073309",
    "fillingDate": "2014-02-28",
    "acceptedDate": "2014-02-28 16:14:09",
    "calendarYear": "2013",
    "period": "Q4",
    "revenue": 4894750000,
    "costOfRevenue": 4509009000,
    "grossProfit": 385741000,
    "grossProfitRatio": 0.0788070892,
    "researchAndDevelopmentExpenses": 0,
    "generalAndAdministrativeExpenses": 0,
    "sellingAndMarketingExpenses": 0,
    "sellingGeneralAndAdministrativeExpenses": 117403000,
    "otherExpenses": 0,
    "operatingExpenses": 117403000,
    "costAndExpenses": 4626412000,
    "interestIncome": 1299000,
    "interestExpense": 39008000,
    "depreciationAndAmortization": 163662000,
    "ebitda": 439931000,
    "ebitdaratio": 0.0898781347,
    "operatingIncome": 268338000,
    "operatingIncomeRatio": 0.0548215946,
    "totalOtherIncomeExpensesNet": -31077000,
    "incomeBeforeTax": 237261000,
    "incomeBeforeTaxRatio": 0.0484725471,
    "incomeTaxExpense": 46845000,
    "netIncome": 169899000,
    "netIncomeRatio": 0.0347104551,
    "eps": 0.53,
    "epsdiluted": 0.53,
    "weightedAverageShsOut": 319361000,
    "weightedAverageShsOutDil": 319652000,
    "link": "https://www.sec.gov/Archives/edgar/data/73309/000119312514077349/0001193125-14-077349-index.htm",
    "finalLink": "https://www.sec.gov/Archives/edgar/data/73309/000119312514077349/d642821d10k.htm"
  },
  {
    "date": "2013-09-28",
    "symbol": "NUE",
    "reportedCurrency": "USD",
    "cik": "0000073309",
    "fillingDate": "2013-11-06",
    "acceptedDate": "2013-11-06 13:47:00",
    "calendarYear": "2013",
    "period": "Q3",
    "revenue": 4940936000,
    "costOfRevenue": 4532393000,
    "grossProfit": 408543000,
    "grossProfitRatio": 0.0826853454,
    "researchAndDevelopmentExpenses": 0,
    "generalAndAdministrativeExpenses": 0,
    "sellingAndMarketingExpenses": 125126000,
    "sellingGeneralAndAdministrativeExpenses": 125126000,
    "otherExpenses": 0,
    "operatingExpenses": 125126000,
    "costAndExpenses": 4657519000,
    "interestIncome": 1154000,
    "interestExpense": 38621000,
    "depreciationAndAmortization": 150581000,
    "ebitda": 437404000,
    "ebitdaratio": 0.0885265464,
    "operatingIncome": 283417000,
    "operatingIncomeRatio": 0.0573609939,
    "totalOtherIncomeExpensesNet": -35215000,
    "incomeBeforeTax": 248202000,
    "incomeBeforeTaxRatio": 0.0502338019,
    "incomeTaxExpense": 70087000,
    "netIncome": 147079000,
    "netIncomeRatio": 0.0297674368,
    "eps": 0.46,
    "epsdiluted": 0.46,
    "weightedAverageShsOut": 319341000,
    "weightedAverageShsOutDil": 319526000,
    "link": "https://www.sec.gov/Archives/edgar/data/73309/000119312513429733/0001193125-13-429733-index.htm",
    "finalLink": "https://www.sec.gov/Archives/edgar/data/73309/000119312513429733/d606820d10q.htm"
  },
  {
    "date": "2013-06-29",
    "symbol": "NUE",
    "reportedCurrency": "USD",
    "cik": "0000073309",
    "fillingDate": "2013-08-07",
    "acceptedDate": "2013-08-07 14:11:01",
    "calendarYear": "2013",
    "period": "Q2",
    "revenue": 4665588000,
    "costOfRevenue": 4352463000,
    "grossProfit": 313125000,
    "grossProfitRatio": 0.0671137271,
    "researchAndDevelopmentExpenses": 0,
    "generalAndAdministrativeExpenses": 0,
    "sellingAndMarketingExpenses": 123150000,
    "sellingGeneralAndAdministrativeExpenses": 123150000,
    "otherExpenses": 0,
    "operatingExpenses": 123150000,
    "costAndExpenses": 4475613000,
    "interestIncome": 1448000,
    "interestExpense": 40676000,
    "depreciationAndAmortization": 146492000,
    "ebitda": 339500000,
    "ebitdaratio": 0.0727668195,
    "operatingIncome": 189975000,
    "operatingIncomeRatio": 0.0407183403,
    "totalOtherIncomeExpensesNet": -37643000,
    "incomeBeforeTax": 152332000,
    "incomeBeforeTaxRatio": 0.0326501183,
    "incomeTaxExpense": 46062000,
    "netIncome": 84726000,
    "netIncomeRatio": 0.0181597689,
    "eps": 0.27,
    "epsdiluted": 0.27,
    "weightedAverageShsOut": 318903000,
    "weightedAverageShsOutDil": 319023000,
    "link": "https://www.sec.gov/Archives/edgar/data/73309/000119312513323814/0001193125-13-323814-index.htm",
    "finalLink": "https://www.sec.gov/Archives/edgar/data/73309/000119312513323814/d564555d10q.htm"
  },
  {
    "date": "2013-03-30",
    "symbol": "NUE",
    "reportedCurrency": "USD",
    "cik": "0000073309",
    "fillingDate": "2013-05-08",
    "acceptedDate": "2013-05-08 13:34:12",
    "calendarYear": "2013",
    "period": "Q1",
    "revenue": 4550772000,
    "costOfRevenue": 4247556000,
    "grossProfit": 303216000,
    "grossProfitRatio": 0.0666295741,
    "researchAndDevelopmentExpenses": 0,
    "generalAndAdministrativeExpenses": 0,
    "sellingAndMarketingExpenses": 116225000,
    "sellingGeneralAndAdministrativeExpenses": 116225000,
    "otherExpenses": 0,
    "operatingExpenses": 116225000,
    "costAndExpenses": 4363781000,
    "interestIncome": 1189000,
    "interestExpense": 33680000,
    "depreciationAndAmortization": 149473000,
    "ebitda": 336481000,
    "ebitdaratio": 0.0739393228,
    "operatingIncome": 186991000,
    "operatingIncomeRatio": 0.0410899513,
    "totalOtherIncomeExpensesNet": -33663000,
    "incomeBeforeTax": 153328000,
    "incomeBeforeTaxRatio": 0.0336927449,
    "incomeTaxExpense": 42600000,
    "netIncome": 84403000,
    "netIncomeRatio": 0.018546963,
    "eps": 0.26,
    "epsdiluted": 0.26,
    "weightedAverageShsOut": 318686000,
    "weightedAverageShsOutDil": 318842000,
    "link": "https://www.sec.gov/Archives/edgar/data/73309/000119312513206887/0001193125-13-206887-index.htm",
    "finalLink": "https://www.sec.gov/Archives/edgar/data/73309/000119312513206887/d516624d10q.htm"
  },
  {
    "date": "2012-12-31",
    "symbol": "NUE",
    "reportedCurrency": "USD",
    "cik": "0000073309",
    "fillingDate": "2013-02-28",
    "acceptedDate": "2013-02-28 16:41:59",
    "calendarYear": "2012",
    "period": "Q4",
    "revenue": 4451274000,
    "costOfRevenue": 4066926000,
    "grossProfit": 384348000,
    "grossProfitRatio": 0.086345617,
    "researchAndDevelopmentExpenses": 0,
    "generalAndAdministrativeExpenses": 0,
    "sellingAndMarketingExpenses": 0,
    "sellingGeneralAndAdministrativeExpenses": 120861000,
    "otherExpenses": -9093000,
    "operatingExpenses": 111768000,
    "costAndExpenses": 4178694000,
    "interestIncome": 1902000,
    "interestExpense": 41249000,
    "depreciationAndAmortization": 158813000,
    "ebitda": 419972000,
    "ebitdaratio": 0.094348719,
    "operatingIncome": 272580000,
    "operatingIncomeRatio": 0.0612364011,
    "totalOtherIncomeExpensesNet": -52670000,
    "incomeBeforeTax": 219910000,
    "incomeBeforeTaxRatio": 0.0494038336,
    "incomeTaxExpense": 59655000,
    "netIncome": 136908000,
    "netIncomeRatio": 0.0307570372,
    "eps": 0.43,
    "epsdiluted": 0.43,
    "weightedAverageShsOut": 318553000,
    "weightedAverageShsOutDil": 318613000,
    "link": "https://www.sec.gov/Archives/edgar/data/73309/000119312513084517/0001193125-13-084517-index.htm",
    "finalLink": "https://www.sec.gov/Archives/edgar/data/73309/000119312513084517/d453872d10k.htm"
  },
  {
    "date": "2012-09-29",
    "symbol": "NUE",
    "reportedCurrency": "USD",
    "cik": "0000073309",
    "fillingDate": "2012-11-07",
    "acceptedDate": "2012-11-07 11:30:56",
    "calendarYear": "2012",
    "period": "Q3",
    "revenue": 4801206000,
    "costOfRevenue": 4452473000,
    "grossProfit": 348733000,
    "grossProfitRatio": 0.0726344589,
    "researchAndDevelopmentExpenses": 0,
    "generalAndAdministrativeExpenses": 0,
    "sellingAndMarketingExpenses": 114392000,
    "sellingGeneralAndAdministrativeExpenses": 114392000,
    "otherExpenses": 0,
    "operatingExpenses": 114392000,
    "costAndExpenses": 4566865000,
    "interestIncome": 2649000,
    "interestExpense": 42954000,
    "depreciationAndAmortization": 154118000,
    "ebitda": 388847000,
    "ebitdaratio": 0.0809894431,
    "operatingIncome": 234341000,
    "operatingIncomeRatio": 0.0488087785,
    "totalOtherIncomeExpensesNet": -42566000,
    "incomeBeforeTax": 191775000,
    "incomeBeforeTaxRatio": 0.0399430893,
    "incomeTaxExpense": 61883000,
    "netIncome": 109896000,
    "netIncomeRatio": 0.0228892491,
    "eps": 0.35,
    "epsdiluted": 0.35,
    "weightedAverageShsOut": 318463000,
    "weightedAverageShsOutDil": 318520000,
    "link": "https://www.sec.gov/Archives/edgar/data/73309/000119312512456452/0001193125-12-456452-index.htm",
    "finalLink": "https://www.sec.gov/Archives/edgar/data/73309/000119312512456452/d398092d10q.htm"
  },
  {
    "date": "2012-06-30",
    "symbol": "NUE",
    "reportedCurrency": "USD",
    "cik": "0000073309",
    "fillingDate": "2012-08-08",
    "acceptedDate": "2012-08-08 14:22:46",
    "calendarYear": "2012",
    "period": "Q2",
    "revenue": 5104199000,
    "costOfRevenue": 4704269000,
    "grossProfit": 399930000,
    "grossProfitRatio": 0.0783531363,
    "researchAndDevelopmentExpenses": 0,
    "generalAndAdministrativeExpenses": 0,
    "sellingAndMarketingExpenses": 0,
    "sellingGeneralAndAdministrativeExpenses": 112528000,
    "otherExpenses": 0,
    "operatingExpenses": 112528000,
    "costAndExpenses": 4816797000,
    "interestIncome": 3267000,
    "interestExpense": 44318000,
    "depreciationAndAmortization": 146168000,
    "ebitda": 406679000,
    "ebitdaratio": 0.079675381,
    "operatingIncome": 287402000,
    "operatingIncomeRatio": 0.0563069739,
    "totalOtherIncomeExpensesNet": -71209000,
    "incomeBeforeTax": 216193000,
    "incomeBeforeTaxRatio": 0.0423559113,
    "incomeTaxExpense": 76626000,
    "netIncome": 111877000,
    "netIncomeRatio": 0.0219186203,
    "eps": 0.35,
    "epsdiluted": 0.35,
    "weightedAverageShsOut": 317975000,
    "weightedAverageShsOutDil": 318040000,
    "link": "https://www.sec.gov/Archives/edgar/data/73309/000119312512343602/0001193125-12-343602-index.htm",
    "finalLink": "https://www.sec.gov/Archives/edgar/data/73309/000119312512343602/d375370d10q.htm"
  },
  {
    "date": "2012-03-31",
    "symbol": "NUE",
    "reportedCurrency": "USD",
    "cik": "0000073309",
    "fillingDate": "2012-05-09",
    "acceptedDate": "2012-05-09 13:29:06",
    "calendarYear": "2012",
    "period": "Q1",
    "revenue": 5072594000,
    "costOfRevenue": 4692067000,
    "grossProfit": 380527000,
    "grossProfitRatio": 0.075016254,
    "researchAndDevelopmentExpenses": 0,
    "generalAndAdministrativeExpenses": 0,
    "sellingAndMarketingExpenses": 0,
    "sellingGeneralAndAdministrativeExpenses": 107119000,
    "otherExpenses": 0,
    "operatingExpenses": 107119000,
    "costAndExpenses": 4799186000,
    "interestIncome": 3310000,
    "interestExpense": 44982000,
    "depreciationAndAmortization": 147922000,
    "ebitda": 417966000,
    "ebitdaratio": 0.0823968959,
    "operatingIncome": 273408000,
    "operatingIncomeRatio": 0.0538990505,
    "totalOtherIncomeExpensesNet": -48346000,
    "incomeBeforeTax": 225062000,
    "incomeBeforeTaxRatio": 0.0443682266,
    "incomeTaxExpense": 61650000,
    "netIncome": 144695000,
    "netIncomeRatio": 0.0285248534,
    "eps": 0.46,
    "epsdiluted": 0.46,
    "weightedAverageShsOut": 317689000,
    "weightedAverageShsOutDil": 317779000,
    "link": "https://www.sec.gov/Archives/edgar/data/73309/000119312512221372/0001193125-12-221372-index.htm",
    "finalLink": "https://www.sec.gov/Archives/edgar/data/73309/000119312512221372/d329588d10q.htm"
  },
  {
    "date": "2011-12-31",
    "symbol": "NUE",
    "reportedCurrency": "USD",
    "cik": "0000073309",
    "fillingDate": "2012-02-28",
    "acceptedDate": "2012-02-28 11:36:31",
    "calendarYear": "2011",
    "period": "Q4",
    "revenue": 4829677000,
    "costOfRevenue": 4461568000,
    "grossProfit": 368109000,
    "grossProfitRatio": 0.0762181405,
    "researchAndDevelopmentExpenses": 0,
    "generalAndAdministrativeExpenses": 0,
    "sellingAndMarketingExpenses": 0,
    "sellingGeneralAndAdministrativeExpenses": 108050000,
    "otherExpenses": -14190000,
    "operatingExpenses": 93860000,
    "costAndExpenses": 4555428000,
    "interestIncome": 2385000,
    "interestExpense": 42536000,
    "depreciationAndAmortization": 146878000,
    "ebitda": 413469000,
    "ebitdaratio": 0.0856100729,
    "operatingIncome": 274249000,
    "operatingIncomeRatio": 0.0567841286,
    "totalOtherIncomeExpensesNet": -50194000,
    "incomeBeforeTax": 224055000,
    "incomeBeforeTaxRatio": 0.0463913011,
    "incomeTaxExpense": 65882000,
    "netIncome": 137056000,
    "netIncomeRatio": 0.0283778812,
    "eps": 0.43,
    "epsdiluted": 0.43,
    "weightedAverageShsOut": 317300000,
    "weightedAverageShsOutDil": 317300000,
    "link": "https://www.sec.gov/Archives/edgar/data/73309/000119312512083972/0001193125-12-083972-index.htm",
    "finalLink": "https://www.sec.gov/Archives/edgar/data/73309/000119312512083972/d264673d10k.htm"
  },
  {
    "date": "2011-10-01",
    "symbol": "NUE",
    "reportedCurrency": "USD",
    "cik": "0000073309",
    "fillingDate": "2011-11-09",
    "acceptedDate": "2011-11-09 13:28:10",
    "calendarYear": "2011",
    "period": "Q3",
    "revenue": 5252144000,
    "costOfRevenue": 4794014000,
    "grossProfit": 458130000,
    "grossProfitRatio": 0.0872272352,
    "researchAndDevelopmentExpenses": 0,
    "generalAndAdministrativeExpenses": 0,
    "sellingAndMarketingExpenses": 140206000,
    "sellingGeneralAndAdministrativeExpenses": 108532000,
    "otherExpenses": 11247000,
    "operatingExpenses": 119779000,
    "costAndExpenses": 4913793000,
    "interestIncome": 4291000,
    "interestExpense": 44484000,
    "depreciationAndAmortization": 152783000,
    "ebitda": 481482000,
    "ebitdaratio": 0.0916734195,
    "operatingIncome": 338351000,
    "operatingIncomeRatio": 0.064421501,
    "totalOtherIncomeExpensesNet": -54136000,
    "incomeBeforeTax": 284215000,
    "incomeBeforeTaxRatio": 0.0541140913,
    "incomeTaxExpense": 84104000,
    "netIncome": 181518000,
    "netIncomeRatio": 0.0345607432,
    "eps": 0.57,
    "epsdiluted": 0.57,
    "weightedAverageShsOut": 317194000,
    "weightedAverageShsOutDil": 317287000,
    "link": "https://www.sec.gov/Archives/edgar/data/73309/000119312511304091/0001193125-11-304091-index.htm",
    "finalLink": "https://www.sec.gov/Archives/edgar/data/73309/000119312511304091/d222653d10q.htm"
  },
  {
    "date": "2011-07-02",
    "symbol": "NUE",
    "reportedCurrency": "USD",
    "cik": "0000073309",
    "fillingDate": "2011-08-10",
    "acceptedDate": "2011-08-10 16:01:54",
    "calendarYear": "2011",
    "period": "Q2",
    "revenue": 5107809000,
    "costOfRevenue": 4458359000,
    "grossProfit": 649450000,
    "grossProfitRatio": 0.1271484505,
    "researchAndDevelopmentExpenses": 0,
    "generalAndAdministrativeExpenses": 0,
    "sellingAndMarketingExpenses": 147014000,
    "sellingGeneralAndAdministrativeExpenses": 130246000,
    "otherExpenses": -1267000,
    "operatingExpenses": 128979000,
    "costAndExpenses": 4587338000,
    "interestIncome": 2975000,
    "interestExpense": 43184000,
    "depreciationAndAmortization": 146073000,
    "ebitda": 666544000,
    "ebitdaratio": 0.1304950909,
    "operatingIncome": 520471000,
    "operatingIncomeRatio": 0.1018971148,
    "totalOtherIncomeExpensesNet": -43184000,
    "incomeBeforeTax": 477287000,
    "incomeBeforeTaxRatio": 0.0934426092,
    "incomeTaxExpense": 155709000,
    "netIncome": 299773000,
    "netIncomeRatio": 0.0586891562,
    "eps": 0.94,
    "epsdiluted": 0.94,
    "weightedAverageShsOut": 316811000,
    "weightedAverageShsOutDil": 317022000,
    "link": "https://www.sec.gov/Archives/edgar/data/73309/000119312511218094/0001193125-11-218094-index.htm",
    "finalLink": "https://www.sec.gov/Archives/edgar/data/73309/000119312511218094/d10q.htm"
  },
  {
    "date": "2011-04-02",
    "symbol": "NUE",
    "reportedCurrency": "USD",
    "cik": "0000073309",
    "fillingDate": "2011-05-11",
    "acceptedDate": "2011-05-11 11:42:01",
    "calendarYear": "2011",
    "period": "Q1",
    "revenue": 4833934000,
    "costOfRevenue": 4410199000,
    "grossProfit": 423735000,
    "grossProfitRatio": 0.0876584165,
    "researchAndDevelopmentExpenses": 0,
    "generalAndAdministrativeExpenses": 0,
    "sellingAndMarketingExpenses": 125378000,
    "sellingGeneralAndAdministrativeExpenses": 110704000,
    "otherExpenses": 0,
    "operatingExpenses": 110704000,
    "costAndExpenses": 4520903000,
    "interestIncome": 3067000,
    "interestExpense": 45633000,
    "depreciationAndAmortization": 144666000,
    "ebitda": 456554000,
    "ebitdaratio": 0.0944477107,
    "operatingIncome": 313031000,
    "operatingIncomeRatio": 0.0647569868,
    "totalOtherIncomeExpensesNet": -46776000,
    "incomeBeforeTax": 266255000,
    "incomeBeforeTaxRatio": 0.0550803962,
    "incomeTaxExpense": 85133000,
    "netIncome": 159841000,
    "netIncomeRatio": 0.0330664424,
    "eps": 0.5,
    "epsdiluted": 0.5,
    "weightedAverageShsOut": 316595000,
    "weightedAverageShsOutDil": 316874000,
    "link": "https://www.sec.gov/Archives/edgar/data/73309/000119312511135480/0001193125-11-135480-index.htm",
    "finalLink": "https://www.sec.gov/Archives/edgar/data/73309/000119312511135480/d10q.htm"
  },
  {
    "date": "2010-12-31",
    "symbol": "NUE",
    "reportedCurrency": "USD",
    "cik": "0000073309",
    "fillingDate": "2011-02-28",
    "acceptedDate": "2011-02-28 13:52:14",
    "calendarYear": "2010",
    "period": "Q4",
    "revenue": 3853750000,
    "costOfRevenue": 3721207000,
    "grossProfit": 132543000,
    "grossProfitRatio": 0.0343932533,
    "researchAndDevelopmentExpenses": 0,
    "generalAndAdministrativeExpenses": 0,
    "sellingAndMarketingExpenses": 0,
    "sellingGeneralAndAdministrativeExpenses": 102145000,
    "otherExpenses": -225592000,
    "operatingExpenses": -123447000,
    "costAndExpenses": 3597760000,
    "interestIncome": 0,
    "interestExpense": 35370000,
    "depreciationAndAmortization": 144117000,
    "ebitda": 168987000,
    "ebitdaratio": 0.0438500162,
    "operatingIncome": 255990000,
    "operatingIncomeRatio": 0.0664262082,
    "totalOtherIncomeExpensesNet": -266490000,
    "incomeBeforeTax": -10500000,
    "incomeBeforeTaxRatio": -0.0027246189,
    "incomeTaxExpense": -19387000,
    "netIncome": -11359000,
    "netIncomeRatio": -0.0029475187,
    "eps": -0.0359,
    "epsdiluted": -0.0359,
    "weightedAverageShsOut": 316322000,
    "weightedAverageShsOutDil": 316800000,
    "link": "https://www.sec.gov/Archives/edgar/data/73309/000119312511049351/0001193125-11-049351-index.htm",
    "finalLink": "https://www.sec.gov/Archives/edgar/data/73309/000119312511049351/d10k.htm"
  },
  {
    "date": "2010-10-02",
    "symbol": "NUE",
    "reportedCurrency": "USD",
    "cik": "0000073309",
    "fillingDate": "2010-11-10",
    "acceptedDate": "2010-11-10 08:28:17",
    "calendarYear": "2010",
    "period": "Q3",
    "revenue": 4140069000,
    "costOfRevenue": 3949779000,
    "grossProfit": 190290000,
    "grossProfitRatio": 0.0459630021,
    "researchAndDevelopmentExpenses": 0,
    "generalAndAdministrativeExpenses": -200330000,
    "sellingAndMarketingExpenses": 289230000,
    "sellingGeneralAndAdministrativeExpenses": 88866000,
    "otherExpenses": 5732000,
    "operatingExpenses": 94598000,
    "costAndExpenses": 4044377000,
    "interestIncome": 1932000,
    "interestExpense": 39618000,
    "depreciationAndAmortization": 147368000,
    "ebitda": 244992000,
    "ebitdaratio": 0.0591758253,
    "operatingIncome": 95692000,
    "operatingIncomeRatio": 0.0231136244,
    "totalOtherIncomeExpensesNet": -37686000,
    "incomeBeforeTax": 58006000,
    "incomeBeforeTaxRatio": 0.0140108776,
    "incomeTaxExpense": 7982000,
    "netIncome": 23495000,
    "netIncomeRatio": 0.0056750262,
    "eps": 0.07,
    "epsdiluted": 0.07,
    "weightedAverageShsOut": 316223000,
    "weightedAverageShsOutDil": 316756000,
    "link": "https://www.sec.gov/Archives/edgar/data/73309/000119312510255248/0001193125-10-255248-index.htm",
    "finalLink": "https://www.sec.gov/Archives/edgar/data/73309/000119312510255248/d10q.htm"
  },
  {
    "date": "2010-07-03",
    "symbol": "NUE",
    "reportedCurrency": "USD",
    "cik": "0000073309",
    "fillingDate": "2010-08-11",
    "acceptedDate": "2010-08-11 17:12:01",
    "calendarYear": "2010",
    "period": "Q2",
    "revenue": 4195966000,
    "costOfRevenue": 3887929000,
    "grossProfit": 308037000,
    "grossProfitRatio": 0.073412654,
    "researchAndDevelopmentExpenses": 0,
    "generalAndAdministrativeExpenses": 200394000,
    "sellingAndMarketingExpenses": -92594000,
    "sellingGeneralAndAdministrativeExpenses": 107770000,
    "otherExpenses": 7372000,
    "operatingExpenses": 115142000,
    "costAndExpenses": 4003071000,
    "interestIncome": 1448000,
    "interestExpense": 38770000,
    "depreciationAndAmortization": 145013000,
    "ebitda": 339356000,
    "ebitdaratio": 0.0808767278,
    "operatingIncome": 192895000,
    "operatingIncomeRatio": 0.0459715355,
    "totalOtherIncomeExpensesNet": -37322000,
    "incomeBeforeTax": 155573000,
    "incomeBeforeTaxRatio": 0.0370768019,
    "incomeTaxExpense": 49355000,
    "netIncome": 90992000,
    "netIncomeRatio": 0.0216855904,
    "eps": 0.29,
    "epsdiluted": 0.29,
    "weightedAverageShsOut": 315849000,
    "weightedAverageShsOutDil": 316472000,
    "link": "https://www.sec.gov/Archives/edgar/data/73309/000119312510186127/0001193125-10-186127-index.htm",
    "finalLink": "https://www.sec.gov/Archives/edgar/data/73309/000119312510186127/d10q.htm"
  },
  {
    "date": "2010-04-03",
    "symbol": "NUE",
    "reportedCurrency": "USD",
    "cik": "0000073309",
    "fillingDate": "2010-05-11",
    "acceptedDate": "2010-05-11 15:13:07",
    "calendarYear": "2010",
    "period": "Q1",
    "revenue": 3654842000,
    "costOfRevenue": 3442047000,
    "grossProfit": 212795000,
    "grossProfitRatio": 0.0582227631,
    "researchAndDevelopmentExpenses": 0,
    "generalAndAdministrativeExpenses": 0,
    "sellingAndMarketingExpenses": 92594000,
    "sellingGeneralAndAdministrativeExpenses": 92594000,
    "otherExpenses": 18377000,
    "operatingExpenses": 110971000,
    "costAndExpenses": 3553018000,
    "interestIncome": 1547000,
    "interestExpense": 37788000,
    "depreciationAndAmortization": 146104000,
    "ebitda": 247928000,
    "ebitdaratio": 0.0678354906,
    "operatingIncome": 101824000,
    "operatingIncomeRatio": 0.0278600279,
    "totalOtherIncomeExpensesNet": -37788000,
    "incomeBeforeTax": 64036000,
    "incomeBeforeTaxRatio": 0.0175208668,
    "incomeTaxExpense": 22842000,
    "netIncome": 30964000,
    "netIncomeRatio": 0.0084720489,
    "eps": 0.1,
    "epsdiluted": 0.1,
    "weightedAverageShsOut": 315461000,
    "weightedAverageShsOutDil": 316228000,
    "link": "https://www.sec.gov/Archives/edgar/data/73309/000119312510116028/0001193125-10-116028-index.htm",
    "finalLink": "https://www.sec.gov/Archives/edgar/data/73309/000119312510116028/d10q.htm"
  },
  {
    "date": "2009-12-31",
    "symbol": "NUE",
    "reportedCurrency": "USD",
    "cik": "0000073309",
    "fillingDate": "2010-02-25",
    "acceptedDate": "2010-02-25 16:15:59",
    "calendarYear": "2009",
    "period": "Q4",
    "revenue": 2937944000,
    "costOfRevenue": 2716824000,
    "grossProfit": 221120000,
    "grossProfitRatio": 0.0752635176,
    "researchAndDevelopmentExpenses": 0,
    "generalAndAdministrativeExpenses": 0,
    "sellingAndMarketingExpenses": 0,
    "sellingGeneralAndAdministrativeExpenses": 10264000,
    "otherExpenses": 82341000,
    "operatingExpenses": 92605000,
    "costAndExpenses": 2809429000,
    "interestIncome": 1890000,
    "interestExpense": 37595000,
    "depreciationAndAmortization": 144319000,
    "ebitda": 271924000,
    "ebitdaratio": 0.0925558826,
    "operatingIncome": 128515000,
    "operatingIncomeRatio": 0.0437431755,
    "totalOtherIncomeExpensesNet": -38505000,
    "incomeBeforeTax": 90010000,
    "incomeBeforeTaxRatio": 0.0306370714,
    "incomeTaxExpense": 3583000,
    "netIncome": 58907000,
    "netIncomeRatio": 0.0200504162,
    "eps": 0.19,
    "epsdiluted": 0.19,
    "weightedAverageShsOut": 315200000,
    "weightedAverageShsOutDil": 315200000,
    "link": "https://www.sec.gov/Archives/edgar/data/73309/000119312510040686/0001193125-10-040686-index.htm",
    "finalLink": "https://www.sec.gov/Archives/edgar/data/73309/000119312510040686/d10k.htm"
  },
  {
    "date": "2009-10-03",
    "symbol": "NUE",
    "reportedCurrency": "USD",
    "cik": "0000073309",
    "fillingDate": "2009-11-10",
    "acceptedDate": "2009-11-10 10:52:03",
    "calendarYear": "2009",
    "period": "Q3",
    "revenue": 3120005000,
    "costOfRevenue": 3000851000,
    "grossProfit": 119154000,
    "grossProfitRatio": 0.0381903234,
    "researchAndDevelopmentExpenses": 0,
    "generalAndAdministrativeExpenses": 0,
    "sellingAndMarketingExpenses": 105913000,
    "sellingGeneralAndAdministrativeExpenses": 96280000,
    "otherExpenses": 69450000,
    "operatingExpenses": 165730000,
    "costAndExpenses": 3166581000,
    "interestIncome": 71893000,
    "interestExpense": 37168000,
    "depreciationAndAmortization": 143628000,
    "ebitda": 159312000,
    "ebitdaratio": 0.0510614566,
    "operatingIncome": -46576000,
    "operatingIncomeRatio": -0.0149281812,
    "totalOtherIncomeExpensesNet": 25092000,
    "incomeBeforeTax": -21484000,
    "incomeBeforeTaxRatio": -0.0068858864,
    "incomeTaxExpense": -16173000,
    "netIncome": -29538000,
    "netIncomeRatio": -0.0094672925,
    "eps": -0.0937,
    "epsdiluted": -0.0937,
    "weightedAverageShsOut": 315173000,
    "weightedAverageShsOutDil": 315173000,
    "link": "https://www.sec.gov/Archives/edgar/data/73309/000119312509230306/0001193125-09-230306-index.htm",
    "finalLink": "https://www.sec.gov/Archives/edgar/data/73309/000119312509230306/d10q.htm"
  },
  {
    "date": "2009-07-04",
    "symbol": "NUE",
    "reportedCurrency": "USD",
    "cik": "0000073309",
    "fillingDate": "2009-08-11",
    "acceptedDate": "2009-08-11 11:16:49",
    "calendarYear": "2009",
    "period": "Q2",
    "revenue": 2478028000,
    "costOfRevenue": 2539904000,
    "grossProfit": -61876000,
    "grossProfitRatio": -0.0249698551,
    "researchAndDevelopmentExpenses": 0,
    "generalAndAdministrativeExpenses": 0,
    "sellingAndMarketingExpenses": 106925000,
    "sellingGeneralAndAdministrativeExpenses": 85124000,
    "otherExpenses": 21801000,
    "operatingExpenses": 106925000,
    "costAndExpenses": 2646829000,
    "interestIncome": 3520000,
    "interestExpense": 35477000,
    "depreciationAndAmortization": 140635000,
    "ebitda": -24646000,
    "ebitdaratio": -0.0099458118,
    "operatingIncome": -168801000,
    "operatingIncomeRatio": -0.068119085,
    "totalOtherIncomeExpensesNet": -31957000,
    "incomeBeforeTax": -200758000,
    "incomeBeforeTaxRatio": -0.0810152266,
    "incomeTaxExpense": -72989000,
    "netIncome": -127769000,
    "netIncomeRatio": -0.0515607572,
    "eps": -0.41,
    "epsdiluted": -0.41,
    "weightedAverageShsOut": 314752000,
    "weightedAverageShsOutDil": 314752000,
    "link": "https://www.sec.gov/Archives/edgar/data/73309/000119312509171521/0001193125-09-171521-index.htm",
    "finalLink": "https://www.sec.gov/Archives/edgar/data/73309/000119312509171521/d10q.htm"
  },
  {
    "date": "2009-04-04",
    "symbol": "NUE",
    "reportedCurrency": "USD",
    "cik": "0000073309",
    "fillingDate": "2009-05-12",
    "acceptedDate": "2009-05-12 11:17:19",
    "calendarYear": "2009",
    "period": "Q1",
    "revenue": 2654319000,
    "costOfRevenue": 2778324000,
    "grossProfit": -124005000,
    "grossProfitRatio": -0.0467181978,
    "researchAndDevelopmentExpenses": 0,
    "generalAndAdministrativeExpenses": 0,
    "sellingAndMarketingExpenses": 125376000,
    "sellingGeneralAndAdministrativeExpenses": 87379000,
    "otherExpenses": 0,
    "operatingExpenses": 87379000,
    "costAndExpenses": 2865703000,
    "interestIncome": 7317000,
    "interestExpense": 39682000,
    "depreciationAndAmortization": 137841000,
    "ebitda": -104223000,
    "ebitdaratio": -0.0392654387,
    "operatingIncome": -211384000,
    "operatingIncomeRatio": -0.0796377527,
    "totalOtherIncomeExpensesNet": -70362000,
    "incomeBeforeTax": -281746000,
    "incomeBeforeTaxRatio": -0.1061462469,
    "incomeTaxExpense": -91221000,
    "netIncome": -189645000,
    "netIncomeRatio": -0.0714477047,
    "eps": -0.6,
    "epsdiluted": -0.6,
    "weightedAverageShsOut": 314319000,
    "weightedAverageShsOutDil": 314319000,
    "link": "https://www.sec.gov/Archives/edgar/data/73309/000119312509108168/0001193125-09-108168-index.htm",
    "finalLink": "https://www.sec.gov/Archives/edgar/data/73309/000119312509108168/d10q.htm"
  },
  {
    "date": "2008-12-31",
    "symbol": "NUE",
    "reportedCurrency": "USD",
    "cik": "0000073309",
    "fillingDate": "2009-02-26",
    "acceptedDate": "2009-02-26 13:12:43",
    "calendarYear": "2008",
    "period": "Q4",
    "revenue": 4150936000,
    "costOfRevenue": 3670629000,
    "grossProfit": 480307000,
    "grossProfitRatio": 0.1157105289,
    "researchAndDevelopmentExpenses": 0,
    "generalAndAdministrativeExpenses": 59000,
    "sellingAndMarketingExpenses": -605641000,
    "sellingGeneralAndAdministrativeExpenses": 145343000,
    "otherExpenses": 0,
    "operatingExpenses": 145343000,
    "costAndExpenses": 3815972000,
    "interestIncome": 0,
    "interestExpense": 0,
    "depreciationAndAmortization": 143560000,
    "ebitda": 103491000,
    "ebitdaratio": 0.0249319672,
    "operatingIncome": 334964000,
    "operatingIncomeRatio": 0.0806960165,
    "totalOtherIncomeExpensesNet": -185558000,
    "incomeBeforeTax": 149406000,
    "incomeBeforeTaxRatio": 0.0359933278,
    "incomeTaxExpense": 43514000,
    "netIncome": 105892000,
    "netIncomeRatio": 0.0255103909,
    "eps": 0.33,
    "epsdiluted": 0.33,
    "weightedAverageShsOut": 314632000,
    "weightedAverageShsOutDil": 317000000,
    "link": "https://www.sec.gov/Archives/edgar/data/73309/000119312509038676/0001193125-09-038676-index.htm",
    "finalLink": "https://www.sec.gov/Archives/edgar/data/73309/000119312509038676/d10k.htm"
  },
  {
    "date": "2008-09-27",
    "symbol": "NUE",
    "reportedCurrency": "USD",
    "cik": "0000073309",
    "fillingDate": "2008-11-04",
    "acceptedDate": "2008-11-04 11:31:48",
    "calendarYear": "2008",
    "period": "Q3",
    "revenue": 7447520000,
    "costOfRevenue": 5990407000,
    "grossProfit": 1457113000,
    "grossProfitRatio": 0.195650767,
    "researchAndDevelopmentExpenses": 0,
    "generalAndAdministrativeExpenses": -389841000,
    "sellingAndMarketingExpenses": 605641000,
    "sellingGeneralAndAdministrativeExpenses": 215755000,
    "otherExpenses": 0,
    "operatingExpenses": 215755000,
    "costAndExpenses": 6206162000,
    "interestIncome": 13966000,
    "interestExpense": 36996000,
    "depreciationAndAmortization": 142049000,
    "ebitda": 1397373000,
    "ebitdaratio": 0.1876293048,
    "operatingIncome": 1241358000,
    "operatingIncomeRatio": 0.1666807206,
    "totalOtherIncomeExpensesNet": -23030000,
    "incomeBeforeTax": 1218328000,
    "incomeBeforeTaxRatio": 0.163588416,
    "incomeTaxExpense": 407525000,
    "netIncome": 734590000,
    "netIncomeRatio": 0.0986355189,
    "eps": 2.31,
    "epsdiluted": 2.31,
    "weightedAverageShsOut": 316713000,
    "weightedAverageShsOutDil": 317013000,
    "link": "https://www.sec.gov/Archives/edgar/data/73309/000119312508223943/0001193125-08-223943-index.htm",
    "finalLink": "https://www.sec.gov/Archives/edgar/data/73309/000119312508223943/d10q.htm"
  },
  {
    "date": "2008-06-28",
    "symbol": "NUE",
    "reportedCurrency": "USD",
    "cik": "0000073309",
    "fillingDate": "2008-08-05",
    "acceptedDate": "2008-08-05 14:43:40",
    "calendarYear": "2008",
    "period": "Q2",
    "revenue": 7090599000,
    "costOfRevenue": 5879655000,
    "grossProfit": 1210944000,
    "grossProfitRatio": 0.1707816223,
    "researchAndDevelopmentExpenses": 0,
    "generalAndAdministrativeExpenses": 389914000,
    "sellingAndMarketingExpenses": -169714000,
    "sellingGeneralAndAdministrativeExpenses": 220172000,
    "otherExpenses": 0,
    "operatingExpenses": 220172000,
    "costAndExpenses": 6099827000,
    "interestIncome": 7554000,
    "interestExpense": 34288000,
    "depreciationAndAmortization": 140225000,
    "ebitda": 1138551000,
    "ebitdaratio": 0.1605719065,
    "operatingIncome": 990772000,
    "operatingIncomeRatio": 0.1397303669,
    "totalOtherIncomeExpensesNet": -26734000,
    "incomeBeforeTax": 964038000,
    "incomeBeforeTaxRatio": 0.1359600226,
    "incomeTaxExpense": 295348000,
    "netIncome": 580754000,
    "netIncomeRatio": 0.0819047869,
    "eps": 1.94,
    "epsdiluted": 1.94,
    "weightedAverageShsOut": 298262000,
    "weightedAverageShsOutDil": 298668000,
    "link": "https://www.sec.gov/Archives/edgar/data/73309/000114420408043869/0001144204-08-043869-index.htm",
    "finalLink": "https://www.sec.gov/Archives/edgar/data/73309/000114420408043869/v121769_10-q.htm"
  },
  {
    "date": "2008-03-29",
    "symbol": "NUE",
    "reportedCurrency": "USD",
    "cik": "0000073309",
    "fillingDate": "2008-05-07",
    "acceptedDate": "2008-05-07 14:46:17",
    "calendarYear": "2008",
    "period": "Q1",
    "revenue": 4974269000,
    "costOfRevenue": 4071592000,
    "grossProfit": 902677000,
    "grossProfitRatio": 0.1814692772,
    "researchAndDevelopmentExpenses": 0,
    "generalAndAdministrativeExpenses": 0,
    "sellingAndMarketingExpenses": 169714000,
    "sellingGeneralAndAdministrativeExpenses": 169714000,
    "otherExpenses": 0,
    "operatingExpenses": 169714000,
    "costAndExpenses": 4241306000,
    "interestIncome": 11439000,
    "interestExpense": 29784000,
    "depreciationAndAmortization": 123073000,
    "ebitda": 867475000,
    "ebitdaratio": 0.1743924585,
    "operatingIncome": 732963000,
    "operatingIncomeRatio": 0.1473508972,
    "totalOtherIncomeExpensesNet": -18345000,
    "incomeBeforeTax": 714618000,
    "incomeBeforeTaxRatio": 0.1436629181,
    "incomeTaxExpense": 213093000,
    "netIncome": 409754000,
    "netIncomeRatio": 0.0823747168,
    "eps": 1.42,
    "epsdiluted": 1.41,
    "weightedAverageShsOut": 288208000,
    "weightedAverageShsOutDil": 289305000,
    "link": "https://www.sec.gov/Archives/edgar/data/73309/000114420408026541/0001144204-08-026541-index.htm",
    "finalLink": "https://www.sec.gov/Archives/edgar/data/73309/000114420408026541/v112868_10-q.htm"
  },
  {
    "date": "2007-12-31",
    "symbol": "NUE",
    "reportedCurrency": "USD",
    "cik": "0000073309",
    "fillingDate": "2008-02-27",
    "acceptedDate": "2008-02-27 11:32:24",
    "calendarYear": "2007",
    "period": "Q4",
    "revenue": 4396760000,
    "costOfRevenue": 3618164000,
    "grossProfit": 778596000,
    "grossProfitRatio": 0.1770840346,
    "researchAndDevelopmentExpenses": 0,
    "generalAndAdministrativeExpenses": 30000,
    "sellingAndMarketingExpenses": -145470000,
    "sellingGeneralAndAdministrativeExpenses": 147159000,
    "otherExpenses": 0,
    "operatingExpenses": 147159000,
    "costAndExpenses": 3765323000,
    "interestIncome": 0,
    "interestExpense": 0,
    "depreciationAndAmortization": 113839000,
    "ebitda": 745276000,
    "ebitdaratio": 0.1695057269,
    "operatingIncome": 631437000,
    "operatingIncomeRatio": 0.1436141613,
    "totalOtherIncomeExpensesNet": -84924000,
    "incomeBeforeTax": 546513000,
    "incomeBeforeTaxRatio": 0.1242990293,
    "incomeTaxExpense": 181667000,
    "netIncome": 364846000,
    "netIncomeRatio": 0.0829806494,
    "eps": 1.26,
    "epsdiluted": 1.26,
    "weightedAverageShsOut": 286882747,
    "weightedAverageShsOutDil": 289300000,
    "link": "https://www.sec.gov/Archives/edgar/data/73309/000119312508039702/0001193125-08-039702-index.htm",
    "finalLink": "https://www.sec.gov/Archives/edgar/data/73309/000119312508039702/d10k.htm"
  },
  {
    "date": "2007-09-29",
    "symbol": "NUE",
    "reportedCurrency": "USD",
    "cik": "0000073309",
    "fillingDate": "2007-11-06",
    "acceptedDate": "2007-11-06 11:38:23",
    "calendarYear": "2007",
    "period": "Q3",
    "revenue": 4259221000,
    "costOfRevenue": 3449260000,
    "grossProfit": 809961000,
    "grossProfitRatio": 0.1901664647,
    "researchAndDevelopmentExpenses": 0,
    "generalAndAdministrativeExpenses": 0,
    "sellingAndMarketingExpenses": 145470000,
    "sellingGeneralAndAdministrativeExpenses": 145470000,
    "otherExpenses": 0,
    "operatingExpenses": 145470000,
    "costAndExpenses": 3594730000,
    "interestIncome": 0,
    "interestExpense": 0,
    "depreciationAndAmortization": 117568000,
    "ebitda": 782059000,
    "ebitdaratio": 0.1836155015,
    "operatingIncome": 664491000,
    "operatingIncomeRatio": 0.1560123318,
    "totalOtherIncomeExpensesNet": -80070000,
    "incomeBeforeTax": 584421000,
    "incomeBeforeTaxRatio": 0.1372131195,
    "incomeTaxExpense": 203199000,
    "netIncome": 381222000,
    "netIncomeRatio": 0.0895050996,
    "eps": 1.3,
    "epsdiluted": 1.29,
    "weightedAverageShsOut": 293096000,
    "weightedAverageShsOutDil": 295019000,
    "link": "https://www.sec.gov/Archives/edgar/data/73309/000114420407058382/0001144204-07-058382-index.htm",
    "finalLink": "https://www.sec.gov/Archives/edgar/data/73309/000114420407058382/v092455_10q.htm"
  },
  {
    "date": "2007-06-30",
    "symbol": "NUE",
    "reportedCurrency": "USD",
    "cik": "0000073309",
    "fillingDate": "2007-08-07",
    "acceptedDate": "2007-08-07 10:07:48",
    "calendarYear": "2007",
    "period": "Q2",
    "revenue": 4168110000,
    "costOfRevenue": 3403905000,
    "grossProfit": 764205000,
    "grossProfitRatio": 0.1833456891,
    "researchAndDevelopmentExpenses": 0,
    "generalAndAdministrativeExpenses": 0,
    "sellingAndMarketingExpenses": 0,
    "sellingGeneralAndAdministrativeExpenses": 148925000,
    "otherExpenses": 0,
    "operatingExpenses": 148925000,
    "costAndExpenses": 3552830000,
    "interestIncome": 0,
    "interestExpense": 0,
    "depreciationAndAmortization": 97747000,
    "ebitda": 713027000,
    "ebitdaratio": 0.1710672223,
    "operatingIncome": 615280000,
    "operatingIncomeRatio": 0.1476160658,
    "totalOtherIncomeExpensesNet": -82566000,
    "incomeBeforeTax": 532714000,
    "incomeBeforeTaxRatio": 0.1278070876,
    "incomeTaxExpense": 187864000,
    "netIncome": 344850000,
    "netIncomeRatio": 0.0827353405,
    "eps": 1.14,
    "epsdiluted": 1.14,
    "weightedAverageShsOut": 301302000,
    "weightedAverageShsOutDil": 303330000,
    "link": "https://www.sec.gov/Archives/edgar/data/73309/000119312507173136/0001193125-07-173136-index.htm",
    "finalLink": "https://www.sec.gov/Archives/edgar/data/73309/000119312507173136/d10q.htm"
  },
  {
    "date": "2007-03-31",
    "symbol": "NUE",
    "reportedCurrency": "USD",
    "cik": "0000073309",
    "fillingDate": "2007-05-08",
    "acceptedDate": "2007-05-08 13:53:44",
    "calendarYear": "2007",
    "period": "Q1",
    "revenue": 3768885000,
    "costOfRevenue": 2991598000,
    "grossProfit": 777287000,
    "grossProfitRatio": 0.2062379192,
    "researchAndDevelopmentExpenses": 0,
    "generalAndAdministrativeExpenses": 0,
    "sellingAndMarketingExpenses": 0,
    "sellingGeneralAndAdministrativeExpenses": 136210000,
    "otherExpenses": 0,
    "operatingExpenses": 136210000,
    "costAndExpenses": 3127808000,
    "interestIncome": 0,
    "interestExpense": 0,
    "depreciationAndAmortization": 98402000,
    "ebitda": 739479000,
    "ebitdaratio": 0.196206305,
    "operatingIncome": 641077000,
    "operatingIncomeRatio": 0.1700972569,
    "totalOtherIncomeExpensesNet": -51410000,
    "incomeBeforeTax": 589667000,
    "incomeBeforeTaxRatio": 0.1564566178,
    "incomeTaxExpense": 208638000,
    "netIncome": 381029000,
    "netIncomeRatio": 0.1010986008,
    "eps": 1.27,
    "epsdiluted": 1.26,
    "weightedAverageShsOut": 301034000,
    "weightedAverageShsOutDil": 303482000,
    "link": "https://www.sec.gov/Archives/edgar/data/73309/000119312507105752/0001193125-07-105752-index.htm",
    "finalLink": "https://www.sec.gov/Archives/edgar/data/73309/000119312507105752/d10q.htm"
  },
  {
    "date": "2006-12-31",
    "symbol": "NUE",
    "reportedCurrency": "USD",
    "cik": "0000073309",
    "fillingDate": "2007-02-28",
    "acceptedDate": "2007-02-28 09:48:37",
    "calendarYear": "2006",
    "period": "Q4",
    "revenue": 3468590000,
    "costOfRevenue": 2651525000,
    "grossProfit": 817065000,
    "grossProfitRatio": 0.2355611358,
    "researchAndDevelopmentExpenses": 0,
    "generalAndAdministrativeExpenses": 2000,
    "sellingAndMarketingExpenses": -289802000,
    "sellingGeneralAndAdministrativeExpenses": 142207000,
    "otherExpenses": 0,
    "operatingExpenses": 142207000,
    "costAndExpenses": 2793732000,
    "interestIncome": 0,
    "interestExpense": 0,
    "depreciationAndAmortization": 90258000,
    "ebitda": 765116000,
    "ebitdaratio": 0.2205841567,
    "operatingIncome": 674858000,
    "operatingIncomeRatio": 0.1945626321,
    "totalOtherIncomeExpensesNet": -59573000,
    "incomeBeforeTax": 615285000,
    "incomeBeforeTaxRatio": 0.1773876417,
    "incomeTaxExpense": 207126000,
    "netIncome": 408159000,
    "netIncomeRatio": 0.1176728873,
    "eps": 1.36,
    "epsdiluted": 1.36,
    "weightedAverageShsOut": 300667869,
    "weightedAverageShsOutDil": 301034000,
    "link": "https://www.sec.gov/Archives/edgar/data/73309/000119312507041965/0001193125-07-041965-index.htm",
    "finalLink": "https://www.sec.gov/Archives/edgar/data/73309/000119312507041965/d10k.htm"
  },
  {
    "date": "2006-09-30",
    "symbol": "NUE",
    "reportedCurrency": "USD",
    "cik": "0000073309",
    "fillingDate": "2006-11-03",
    "acceptedDate": "2006-11-03 14:50:31",
    "calendarYear": "2006",
    "period": "Q3",
    "revenue": 3931233000,
    "costOfRevenue": 2920782000,
    "grossProfit": 1010451000,
    "grossProfitRatio": 0.2570315725,
    "researchAndDevelopmentExpenses": 0,
    "generalAndAdministrativeExpenses": 0,
    "sellingAndMarketingExpenses": 0,
    "sellingGeneralAndAdministrativeExpenses": 160464000,
    "otherExpenses": 0,
    "operatingExpenses": 160464000,
    "costAndExpenses": 3081246000,
    "interestIncome": 0,
    "interestExpense": 0,
    "depreciationAndAmortization": 91190000,
    "ebitda": 941177000,
    "ebitdaratio": 0.2394101291,
    "operatingIncome": 849987000,
    "operatingIncomeRatio": 0.2162138444,
    "totalOtherIncomeExpensesNet": -48227000,
    "incomeBeforeTax": 801760000,
    "incomeBeforeTaxRatio": 0.2039461919,
    "incomeTaxExpense": 277939000,
    "netIncome": 521636000,
    "netIncomeRatio": 0.1326901763,
    "eps": 1.71,
    "epsdiluted": 1.7,
    "weightedAverageShsOut": 304835000,
    "weightedAverageShsOutDil": 307553000,
    "link": "https://www.sec.gov/Archives/edgar/data/73309/000119312506223533/0001193125-06-223533-index.htm",
    "finalLink": "https://www.sec.gov/Archives/edgar/data/73309/000119312506223533/d10q.htm"
  },
  {
    "date": "2006-07-01",
    "symbol": "NUE",
    "reportedCurrency": "USD",
    "cik": "0000073309",
    "fillingDate": "2006-08-07",
    "acceptedDate": "2006-08-07 15:55:13",
    "calendarYear": "2006",
    "period": "Q2",
    "revenue": 3806350000,
    "costOfRevenue": 2929795000,
    "grossProfit": 876555000,
    "grossProfitRatio": 0.2302875458,
    "researchAndDevelopmentExpenses": 0,
    "generalAndAdministrativeExpenses": 10898000,
    "sellingAndMarketingExpenses": 135702000,
    "sellingGeneralAndAdministrativeExpenses": 146602000,
    "otherExpenses": 0,
    "operatingExpenses": 146602000,
    "costAndExpenses": 3076397000,
    "interestIncome": 0,
    "interestExpense": 0,
    "depreciationAndAmortization": 91663000,
    "ebitda": 821616000,
    "ebitdaratio": 0.2158540334,
    "operatingIncome": 729953000,
    "operatingIncomeRatio": 0.1917724329,
    "totalOtherIncomeExpensesNet": -39462000,
    "incomeBeforeTax": 690491000,
    "incomeBeforeTaxRatio": 0.1814050206,
    "incomeTaxExpense": 241972000,
    "netIncome": 450011000,
    "netIncomeRatio": 0.1182263849,
    "eps": 1.45,
    "epsdiluted": 1.44,
    "weightedAverageShsOut": 310243000,
    "weightedAverageShsOutDil": 312955000,
    "link": "https://www.sec.gov/Archives/edgar/data/73309/000119312506163739/0001193125-06-163739-index.htm",
    "finalLink": "https://www.sec.gov/Archives/edgar/data/73309/000119312506163739/d10q.htm"
  },
  {
    "date": "2006-04-01",
    "symbol": "NUE",
    "reportedCurrency": "USD",
    "cik": "0000073309",
    "fillingDate": "2006-05-04",
    "acceptedDate": "2006-05-04 13:40:52",
    "calendarYear": "2006",
    "period": "Q1",
    "revenue": 3545097000,
    "costOfRevenue": 2778171000,
    "grossProfit": 766926000,
    "grossProfitRatio": 0.216334278,
    "researchAndDevelopmentExpenses": 0,
    "generalAndAdministrativeExpenses": 0,
    "sellingAndMarketingExpenses": 154100000,
    "sellingGeneralAndAdministrativeExpenses": 143200000,
    "otherExpenses": 0,
    "operatingExpenses": 143200000,
    "costAndExpenses": 2921371000,
    "interestIncome": 0,
    "interestExpense": 0,
    "depreciationAndAmortization": 90825000,
    "ebitda": 714551000,
    "ebitdaratio": 0.2015603522,
    "operatingIncome": 623726000,
    "operatingIncomeRatio": 0.1759404609,
    "totalOtherIncomeExpensesNet": -34126000,
    "incomeBeforeTax": 589600000,
    "incomeBeforeTaxRatio": 0.166314208,
    "incomeTaxExpense": 209100000,
    "netIncome": 380031000,
    "netIncomeRatio": 0.1071990414,
    "eps": 1.22,
    "epsdiluted": 1.21,
    "weightedAverageShsOut": 310626000,
    "weightedAverageShsOutDil": 313748000,
    "link": "https://www.sec.gov/Archives/edgar/data/73309/000119312506100013/0001193125-06-100013-index.htm",
    "finalLink": "https://www.sec.gov/Archives/edgar/data/73309/000119312506100013/d10q.htm"
  },
  {
    "date": "2005-12-31",
    "symbol": "NUE",
    "reportedCurrency": "USD",
    "cik": "0000073309",
    "fillingDate": "2006-03-07",
    "acceptedDate": "2006-03-07 13:59:50",
    "calendarYear": "2005",
    "period": "Q4",
    "revenue": 3207464000,
    "costOfRevenue": 2509400000,
    "grossProfit": 698064000,
    "grossProfitRatio": 0.2176373609,
    "researchAndDevelopmentExpenses": 0,
    "generalAndAdministrativeExpenses": 0,
    "sellingAndMarketingExpenses": 0,
    "sellingGeneralAndAdministrativeExpenses": 147382000,
    "otherExpenses": 0,
    "operatingExpenses": 147382000,
    "costAndExpenses": 2656782000,
    "interestIncome": 0,
    "interestExpense": 0,
    "depreciationAndAmortization": 93555000,
    "ebitda": 644237000,
    "ebitdaratio": 0.2008555669,
    "operatingIncome": 550682000,
    "operatingIncomeRatio": 0.1716876635,
    "totalOtherIncomeExpensesNet": -30884000,
    "incomeBeforeTax": 519798000,
    "incomeBeforeTaxRatio": 0.1620588727,
    "incomeTaxExpense": 178764000,
    "netIncome": 341034000,
    "netIncomeRatio": 0.1063251217,
    "eps": 1.08,
    "epsdiluted": 1.08,
    "weightedAverageShsOut": 310326945,
    "weightedAverageShsOutDil": 314500000,
    "link": "https://www.sec.gov/Archives/edgar/data/73309/000119312506047010/0001193125-06-047010-index.htm",
    "finalLink": "https://www.sec.gov/Archives/edgar/data/73309/000119312506047010/d10k.htm"
  },
  {
    "date": "2005-10-01",
    "symbol": "NUE",
    "reportedCurrency": "USD",
    "cik": "0000073309",
    "fillingDate": "2005-11-03",
    "acceptedDate": "2005-11-03 09:11:02",
    "calendarYear": "2005",
    "period": "Q3",
    "revenue": 3025911000,
    "costOfRevenue": 2435276000,
    "grossProfit": 590635000,
    "grossProfitRatio": 0.1951924561,
    "researchAndDevelopmentExpenses": 0,
    "generalAndAdministrativeExpenses": 0,
    "sellingAndMarketingExpenses": 118130000,
    "sellingGeneralAndAdministrativeExpenses": 118130000,
    "otherExpenses": 0,
    "operatingExpenses": 118130000,
    "costAndExpenses": 2553406000,
    "interestIncome": 0,
    "interestExpense": 0,
    "depreciationAndAmortization": 96228000,
    "ebitda": 568733000,
    "ebitdaratio": 0.1879543053,
    "operatingIncome": 472505000,
    "operatingIncomeRatio": 0.1561529734,
    "totalOtherIncomeExpensesNet": -25837000,
    "incomeBeforeTax": 446668000,
    "incomeBeforeTaxRatio": 0.1476143879,
    "incomeTaxExpense": 154791000,
    "netIncome": 291877000,
    "netIncomeRatio": 0.0964592151,
    "eps": 0.94,
    "epsdiluted": 0.93,
    "weightedAverageShsOut": 311665000,
    "weightedAverageShsOutDil": 314471000,
    "link": "https://www.sec.gov/Archives/edgar/data/73309/000119312505215058/0001193125-05-215058-index.htm",
    "finalLink": "https://www.sec.gov/Archives/edgar/data/73309/000119312505215058/d10q.htm"
  },
  {
    "date": "2005-07-02",
    "symbol": "NUE",
    "reportedCurrency": "USD",
    "cik": "0000073309",
    "fillingDate": "2005-08-04",
    "acceptedDate": "2005-08-04 13:46:08",
    "calendarYear": "2005",
    "period": "Q2",
    "revenue": 3145003000,
    "costOfRevenue": 2524892000,
    "grossProfit": 620111000,
    "grossProfitRatio": 0.1971734208,
    "researchAndDevelopmentExpenses": 0,
    "generalAndAdministrativeExpenses": 0,
    "sellingAndMarketingExpenses": 102619000,
    "sellingGeneralAndAdministrativeExpenses": 97819000,
    "otherExpenses": 0,
    "operatingExpenses": 97819000,
    "costAndExpenses": 2622711000,
    "interestIncome": 0,
    "interestExpense": 0,
    "depreciationAndAmortization": 93981000,
    "ebitda": 616273000,
    "ebitdaratio": 0.1959530722,
    "operatingIncome": 522292000,
    "operatingIncomeRatio": 0.1660704298,
    "totalOtherIncomeExpensesNet": -22856000,
    "incomeBeforeTax": 499436000,
    "incomeBeforeTaxRatio": 0.1588030282,
    "incomeTaxExpense": 176729000,
    "netIncome": 322707000,
    "netIncomeRatio": 0.1026094411,
    "eps": 1.02,
    "epsdiluted": 1.01,
    "weightedAverageShsOut": 316000000,
    "weightedAverageShsOutDil": 318634000,
    "link": "https://www.sec.gov/Archives/edgar/data/73309/000119312505157491/0001193125-05-157491-index.htm",
    "finalLink": "https://www.sec.gov/Archives/edgar/data/73309/000119312505157491/d10q.htm"
  },
  {
    "date": "2005-04-02",
    "symbol": "NUE",
    "reportedCurrency": "USD",
    "cik": "0000073309",
    "fillingDate": "2005-05-05",
    "acceptedDate": "2005-05-05 13:25:09",
    "calendarYear": "2005",
    "period": "Q1",
    "revenue": 3322621000,
    "costOfRevenue": 2620628000,
    "grossProfit": 701993000,
    "grossProfitRatio": 0.2112768805,
    "researchAndDevelopmentExpenses": 0,
    "generalAndAdministrativeExpenses": 0,
    "sellingAndMarketingExpenses": 125429000,
    "sellingGeneralAndAdministrativeExpenses": 125429000,
    "otherExpenses": 0,
    "operatingExpenses": 125429000,
    "costAndExpenses": 2746057000,
    "interestIncome": 0,
    "interestExpense": 0,
    "depreciationAndAmortization": 91290000,
    "ebitda": 667854000,
    "ebitdaratio": 0.2010021606,
    "operatingIncome": 576564000,
    "operatingIncomeRatio": 0.1735268633,
    "totalOtherIncomeExpensesNet": -26098000,
    "incomeBeforeTax": 550466000,
    "incomeBeforeTaxRatio": 0.1656722208,
    "incomeTaxExpense": 195800000,
    "netIncome": 354666000,
    "netIncomeRatio": 0.1067428395,
    "eps": 1.11,
    "epsdiluted": 1.1,
    "weightedAverageShsOut": 319416000,
    "weightedAverageShsOutDil": 322492000,
    "link": "https://www.sec.gov/Archives/edgar/data/73309/000119312505097119/0001193125-05-097119-index.htm",
    "finalLink": "https://www.sec.gov/Archives/edgar/data/73309/000119312505097119/d10q.htm"
  },
  {
    "date": "2004-12-31",
    "symbol": "NUE",
    "reportedCurrency": "USD",
    "cik": "0000073309",
    "fillingDate": "2005-03-08",
    "acceptedDate": "2005-03-08 17:32:02",
    "calendarYear": "2004",
    "period": "Q4",
    "revenue": 3088998000,
    "costOfRevenue": 2445069000,
    "grossProfit": 643929000,
    "grossProfitRatio": 0.2084588595,
    "researchAndDevelopmentExpenses": 0,
    "generalAndAdministrativeExpenses": 0,
    "sellingAndMarketingExpenses": 0,
    "sellingGeneralAndAdministrativeExpenses": 96052000,
    "otherExpenses": 0,
    "operatingExpenses": 96052000,
    "costAndExpenses": 2541121000,
    "interestIncome": 0,
    "interestExpense": 0,
    "depreciationAndAmortization": 91500000,
    "ebitda": 639377000,
    "ebitdaratio": 0.2069852425,
    "operatingIncome": 547877000,
    "operatingIncomeRatio": 0.1773639866,
    "totalOtherIncomeExpensesNet": -25068000,
    "incomeBeforeTax": 522809000,
    "incomeBeforeTaxRatio": 0.1692487337,
    "incomeTaxExpense": 181391000,
    "netIncome": 341418000,
    "netIncomeRatio": 0.110527103,
    "eps": 1.07,
    "epsdiluted": 1.07,
    "weightedAverageShsOut": 320500000,
    "weightedAverageShsOutDil": 320500000,
    "link": "https://www.sec.gov/Archives/edgar/data/73309/000119312505044753/0001193125-05-044753-index.htm",
    "finalLink": "https://www.sec.gov/Archives/edgar/data/73309/000119312505044753/d10k.htm"
  },
  {
    "date": "2004-10-02",
    "symbol": "NUE",
    "reportedCurrency": "USD",
    "cik": "0000073309",
    "fillingDate": "2004-11-03",
    "acceptedDate": "2004-11-03 16:36:54",
    "calendarYear": "2004",
    "period": "Q3",
    "revenue": 3239592000,
    "costOfRevenue": 2433518000,
    "grossProfit": 806074000,
    "grossProfitRatio": 0.2488196044,
    "researchAndDevelopmentExpenses": 0,
    "generalAndAdministrativeExpenses": 0,
    "sellingAndMarketingExpenses": 131573000,
    "sellingGeneralAndAdministrativeExpenses": 131573000,
    "otherExpenses": 0,
    "operatingExpenses": 131573000,
    "costAndExpenses": 2565091000,
    "interestIncome": 0,
    "interestExpense": 0,
    "depreciationAndAmortization": 98126000,
    "ebitda": 772627000,
    "ebitdaratio": 0.2384951562,
    "operatingIncome": 674501000,
    "operatingIncomeRatio": 0.2082055395,
    "totalOtherIncomeExpensesNet": -39114000,
    "incomeBeforeTax": 635387000,
    "incomeBeforeTaxRatio": 0.1961317968,
    "incomeTaxExpense": 220000000,
    "netIncome": 415387000,
    "netIncomeRatio": 0.1282220107,
    "eps": 1.31,
    "epsdiluted": 1.3,
    "weightedAverageShsOut": 317592000,
    "weightedAverageShsOutDil": 320458000,
    "link": "https://www.sec.gov/Archives/edgar/data/73309/000119312504184870/0001193125-04-184870-index.htm",
    "finalLink": "https://www.sec.gov/Archives/edgar/data/73309/000119312504184870/d10q.htm"
  },
  {
    "date": "2004-07-03",
    "symbol": "NUE",
    "reportedCurrency": "USD",
    "cik": "0000073309",
    "fillingDate": "2004-08-04",
    "acceptedDate": "2004-08-04 09:37:37",
    "calendarYear": "2004",
    "period": "Q2",
    "revenue": 2761822000,
    "costOfRevenue": 2233916000,
    "grossProfit": 527906000,
    "grossProfitRatio": 0.191144107,
    "researchAndDevelopmentExpenses": 0,
    "generalAndAdministrativeExpenses": 0,
    "sellingAndMarketingExpenses": 110006000,
    "sellingGeneralAndAdministrativeExpenses": 110006000,
    "otherExpenses": 0,
    "operatingExpenses": 110006000,
    "costAndExpenses": 2343922000,
    "interestIncome": 0,
    "interestExpense": 0,
    "depreciationAndAmortization": 97381000,
    "ebitda": 515281000,
    "ebitdaratio": 0.1865728494,
    "operatingIncome": 417900000,
    "operatingIncomeRatio": 0.1513131549,
    "totalOtherIncomeExpensesNet": -21604000,
    "incomeBeforeTax": 396296000,
    "incomeBeforeTaxRatio": 0.1434907825,
    "incomeTaxExpense": 144854000,
    "netIncome": 251442000,
    "netIncomeRatio": 0.091042073,
    "eps": 0.8,
    "epsdiluted": 0.79,
    "weightedAverageShsOut": 316024000,
    "weightedAverageShsOutDil": 317744000,
    "link": "https://www.sec.gov/Archives/edgar/data/73309/000119312504130831/0001193125-04-130831-index.htm",
    "finalLink": "https://www.sec.gov/Archives/edgar/data/73309/000119312504130831/d10q.htm"
  },
  {
    "date": "2004-04-03",
    "symbol": "NUE",
    "reportedCurrency": "USD",
    "cik": "0000073309",
    "fillingDate": "2004-05-05",
    "acceptedDate": "2004-05-05 14:52:24",
    "calendarYear": "2004",
    "period": "Q1",
    "revenue": 2286416000,
    "costOfRevenue": 2016369000,
    "grossProfit": 270047000,
    "grossProfitRatio": 0.1181093029,
    "researchAndDevelopmentExpenses": 0,
    "generalAndAdministrativeExpenses": 0,
    "sellingAndMarketingExpenses": 77399000,
    "sellingGeneralAndAdministrativeExpenses": 77399000,
    "otherExpenses": 0,
    "operatingExpenses": 77399000,
    "costAndExpenses": 2093768000,
    "interestIncome": 0,
    "interestExpense": 0,
    "depreciationAndAmortization": 96298000,
    "ebitda": 288946000,
    "ebitdaratio": 0.1263750779,
    "operatingIncome": 192648000,
    "operatingIncomeRatio": 0.0842576329,
    "totalOtherIncomeExpensesNet": -15864000,
    "incomeBeforeTax": 176784000,
    "incomeBeforeTaxRatio": 0.077319263,
    "incomeTaxExpense": 63546000,
    "netIncome": 113238000,
    "netIncomeRatio": 0.0495264204,
    "eps": 0.36,
    "epsdiluted": 0.36,
    "weightedAverageShsOut": 314992000,
    "weightedAverageShsOutDil": 316744000,
    "link": "https://www.sec.gov/Archives/edgar/data/73309/000119312504079154/0001193125-04-079154-index.htm",
    "finalLink": "https://www.sec.gov/Archives/edgar/data/73309/000119312504079154/d10q.htm"
  },
  {
    "date": "2003-12-31",
    "symbol": "NUE",
    "reportedCurrency": "USD",
    "cik": "0000073309",
    "fillingDate": "2004-03-12",
    "acceptedDate": "2004-03-12 17:28:28",
    "calendarYear": "2003",
    "period": "Q4",
    "revenue": 1661080252,
    "costOfRevenue": 1603119456,
    "grossProfit": 57960796,
    "grossProfitRatio": 0.0348934351,
    "researchAndDevelopmentExpenses": 0,
    "generalAndAdministrativeExpenses": 0,
    "sellingAndMarketingExpenses": 0,
    "sellingGeneralAndAdministrativeExpenses": 34742869,
    "otherExpenses": 0,
    "operatingExpenses": 34742869,
    "costAndExpenses": 1637862325,
    "interestIncome": 0,
    "interestExpense": 0,
    "depreciationAndAmortization": 90208445,
    "ebitda": 113426372,
    "ebitdaratio": 0.0682847032,
    "operatingIncome": 23217927,
    "operatingIncomeRatio": 0.013977607,
    "totalOtherIncomeExpensesNet": -7398332,
    "incomeBeforeTax": 15819595,
    "incomeBeforeTaxRatio": 0.0095236789,
    "incomeTaxExpense": -4733000,
    "netIncome": 20552595,
    "netIncomeRatio": 0.0123730295,
    "eps": 0.0656,
    "epsdiluted": 0.0656,
    "weightedAverageShsOut": 313500000,
    "weightedAverageShsOutDil": 313500000,
    "link": "https://www.sec.gov/Archives/edgar/data/73309/000119312504040741/0001193125-04-040741-index.htm",
    "finalLink": "https://www.sec.gov/Archives/edgar/data/73309/000119312504040741/d10k.htm"
  },
  {
    "date": "2003-10-04",
    "symbol": "NUE",
    "reportedCurrency": "USD",
    "cik": "0000073309",
    "fillingDate": "2003-11-05",
    "acceptedDate": "2003-11-05 15:59:01",
    "calendarYear": "2003",
    "period": "Q3",
    "revenue": 1604011344,
    "costOfRevenue": 1532857367,
    "grossProfit": 71153977,
    "grossProfitRatio": 0.0443600211,
    "researchAndDevelopmentExpenses": 0,
    "generalAndAdministrativeExpenses": -44452717000,
    "sellingAndMarketingExpenses": 44497217000,
    "sellingGeneralAndAdministrativeExpenses": 44497217,
    "otherExpenses": 0,
    "operatingExpenses": 44497217,
    "costAndExpenses": 1577354584,
    "interestIncome": 0,
    "interestExpense": 0,
    "depreciationAndAmortization": 90864866,
    "ebitda": 117521626,
    "ebitdaratio": 0.0732673285,
    "operatingIncome": 26656760,
    "operatingIncomeRatio": 0.0166188101,
    "totalOtherIncomeExpensesNet": -7732981,
    "incomeBeforeTax": 18923779,
    "incomeBeforeTaxRatio": 0.0117977838,
    "incomeTaxExpense": 2902000,
    "netIncome": 16021779,
    "netIncomeRatio": 0.0099885696,
    "eps": 0.05,
    "epsdiluted": 0.05,
    "weightedAverageShsOut": 312976120,
    "weightedAverageShsOutDil": 313492868,
    "link": "https://www.sec.gov/Archives/edgar/data/73309/000119312503073399/0001193125-03-073399-index.htm",
    "finalLink": "https://www.sec.gov/Archives/edgar/data/73309/000119312503073399/d10q.htm"
  },
  {
    "date": "2003-07-05",
    "symbol": "NUE",
    "reportedCurrency": "USD",
    "cik": "0000073309",
    "fillingDate": "2003-08-07",
    "acceptedDate": "2003-08-07 16:12:51",
    "calendarYear": "2003",
    "period": "Q2",
    "revenue": 1520460884,
    "costOfRevenue": 1454145488,
    "grossProfit": 66315396,
    "grossProfitRatio": 0.0436153253,
    "researchAndDevelopmentExpenses": 0,
    "generalAndAdministrativeExpenses": -45892217000,
    "sellingAndMarketingExpenses": 45938117000,
    "sellingGeneralAndAdministrativeExpenses": 45938117,
    "otherExpenses": 0,
    "operatingExpenses": 45938117,
    "costAndExpenses": 1500083605,
    "interestIncome": 0,
    "interestExpense": 0,
    "depreciationAndAmortization": 91578920,
    "ebitda": 111956199,
    "ebitdaratio": 0.0736330676,
    "operatingIncome": 20377279,
    "operatingIncomeRatio": 0.0134020409,
    "totalOtherIncomeExpensesNet": -10893189,
    "incomeBeforeTax": 9484090,
    "incomeBeforeTaxRatio": 0.0062376416,
    "incomeTaxExpense": 1059000,
    "netIncome": 8425090,
    "netIncomeRatio": 0.0055411422,
    "eps": 0.0275,
    "epsdiluted": 0.0275,
    "weightedAverageShsOut": 312771696,
    "weightedAverageShsOutDil": 313265652,
    "link": "https://www.sec.gov/Archives/edgar/data/73309/000119312503030866/0001193125-03-030866-index.htm",
    "finalLink": "https://www.sec.gov/Archives/edgar/data/73309/000119312503030866/d10q.htm"
  },
  {
    "date": "2003-04-05",
    "symbol": "NUE",
    "reportedCurrency": "USD",
    "cik": "0000073309",
    "fillingDate": "2003-05-07",
    "acceptedDate": "2003-05-07 15:43:10",
    "calendarYear": "2003",
    "period": "Q1",
    "revenue": 1480270987,
    "costOfRevenue": 1406424888,
    "grossProfit": 73846099,
    "grossProfitRatio": 0.0498868786,
    "researchAndDevelopmentExpenses": 0,
    "generalAndAdministrativeExpenses": -40150632000,
    "sellingAndMarketingExpenses": 40190832000,
    "sellingGeneralAndAdministrativeExpenses": 40190832,
    "otherExpenses": 0,
    "operatingExpenses": 40190832,
    "costAndExpenses": 1446615720,
    "interestIncome": 0,
    "interestExpense": 0,
    "depreciationAndAmortization": 91459693,
    "ebitda": 125114960,
    "ebitdaratio": 0.0845216593,
    "operatingIncome": 33655267,
    "operatingIncomeRatio": 0.0227358823,
    "totalOtherIncomeExpensesNet": -11005508,
    "incomeBeforeTax": 22649759,
    "incomeBeforeTaxRatio": 0.0153010896,
    "incomeTaxExpense": 4868000,
    "netIncome": 17781759,
    "netIncomeRatio": 0.0120125025,
    "eps": 0.0575,
    "epsdiluted": 0.0575,
    "weightedAverageShsOut": 312728800,
    "weightedAverageShsOutDil": 312789684,
    "link": "https://www.sec.gov/Archives/edgar/data/73309/000102140803007167/0001021408-03-007167-index.htm",
    "finalLink": "https://www.sec.gov/Archives/edgar/data/73309/000102140803007167/d10q.htm"
  },
  {
    "date": "2002-12-31",
    "symbol": "NUE",
    "reportedCurrency": "USD",
    "cik": "0000073309",
    "fillingDate": "2003-03-25",
    "acceptedDate": "2003-03-25 13:57:01",
    "calendarYear": "2002",
    "period": "Q4",
    "revenue": 1466293136,
    "costOfRevenue": 1349837046,
    "grossProfit": 116456090,
    "grossProfitRatio": 0.0794221068,
    "researchAndDevelopmentExpenses": 0,
    "generalAndAdministrativeExpenses": 126200000,
    "sellingAndMarketingExpenses": -76765262,
    "sellingGeneralAndAdministrativeExpenses": 49434738,
    "otherExpenses": 0,
    "operatingExpenses": 49434738,
    "costAndExpenses": 1399271784,
    "interestIncome": 0,
    "interestExpense": 0,
    "depreciationAndAmortization": 78915235,
    "ebitda": 145936587,
    "ebitdaratio": 0.0995275661,
    "operatingIncome": 67021352,
    "operatingIncomeRatio": 0.0457080173,
    "totalOtherIncomeExpensesNet": -18957734,
    "incomeBeforeTax": 48063618,
    "incomeBeforeTaxRatio": 0.0327789968,
    "incomeTaxExpense": 5173000,
    "netIncome": 42890618,
    "netIncomeRatio": 0.0292510528,
    "eps": 0.14,
    "epsdiluted": 0.14,
    "weightedAverageShsOut": 310057686,
    "weightedAverageShsOutDil": 313200000,
    "link": "https://www.sec.gov/Archives/edgar/data/73309/000102140803004888/0001021408-03-004888-index.htm",
    "finalLink": "https://www.sec.gov/Archives/edgar/data/73309/000102140803004888/d10k.htm"
  },
  {
    "date": "2002-09-28",
    "symbol": "NUE",
    "reportedCurrency": "USD",
    "cik": "0000073309",
    "fillingDate": "2002-11-08",
    "acceptedDate": "2002-11-08 14:03:55",
    "calendarYear": "2002",
    "period": "Q3",
    "revenue": 1228529423,
    "costOfRevenue": 1106599016,
    "grossProfit": 121930407,
    "grossProfitRatio": 0.0992490735,
    "researchAndDevelopmentExpenses": 0,
    "generalAndAdministrativeExpenses": 47700000,
    "sellingAndMarketingExpenses": -26685,
    "sellingGeneralAndAdministrativeExpenses": 47673315,
    "otherExpenses": 0,
    "operatingExpenses": 47673315,
    "costAndExpenses": 1154272331,
    "interestIncome": 0,
    "interestExpense": 0,
    "depreciationAndAmortization": 76166070,
    "ebitda": 150423162,
    "ebitdaratio": 0.1224416438,
    "operatingIncome": 74257092,
    "operatingIncomeRatio": 0.0604438857,
    "totalOtherIncomeExpensesNet": -14378292,
    "incomeBeforeTax": 59878800,
    "incomeBeforeTaxRatio": 0.0487402246,
    "incomeTaxExpense": 20700000,
    "netIncome": 39178800,
    "netIncomeRatio": 0.0318908113,
    "eps": 0.13,
    "epsdiluted": 0.13,
    "weightedAverageShsOut": 312688252,
    "weightedAverageShsOutDil": 313230068,
    "link": "https://www.sec.gov/Archives/edgar/data/73309/000102140802013484/0001021408-02-013484-index.htm",
    "finalLink": "https://www.sec.gov/Archives/edgar/data/73309/000102140802013484/d10q.txt"
  },
  {
    "date": "2002-06-29",
    "symbol": "NUE",
    "reportedCurrency": "USD",
    "cik": "0000073309",
    "fillingDate": "2002-08-08",
    "acceptedDate": "2002-08-08 13:05:11",
    "calendarYear": "2002",
    "period": "Q2",
    "revenue": 1198032206,
    "costOfRevenue": 1069645860,
    "grossProfit": 128386346,
    "grossProfitRatio": 0.1071643528,
    "researchAndDevelopmentExpenses": 0,
    "generalAndAdministrativeExpenses": 41200000,
    "sellingAndMarketingExpenses": 6520,
    "sellingGeneralAndAdministrativeExpenses": 41206520,
    "otherExpenses": 0,
    "operatingExpenses": 41206520,
    "costAndExpenses": 1110852380,
    "interestIncome": 0,
    "interestExpense": 0,
    "depreciationAndAmortization": 76304456,
    "ebitda": 163484282,
    "ebitdaratio": 0.1364606737,
    "operatingIncome": 87179826,
    "operatingIncomeRatio": 0.072769184,
    "totalOtherIncomeExpensesNet": 2427476,
    "incomeBeforeTax": 89607302,
    "incomeBeforeTaxRatio": 0.0747954033,
    "incomeTaxExpense": 31400000,
    "netIncome": 59748302,
    "netIncomeRatio": 0.0498720332,
    "eps": 0.19,
    "epsdiluted": 0.19,
    "weightedAverageShsOut": 312339516,
    "weightedAverageShsOutDil": 313433744,
    "link": "https://www.sec.gov/Archives/edgar/data/73309/000102140802010275/0001021408-02-010275-index.htm",
    "finalLink": "https://www.sec.gov/Archives/edgar/data/73309/000102140802010275/d10q.txt"
  },
  {
    "date": "2002-03-30",
    "symbol": "NUE",
    "reportedCurrency": "USD",
    "cik": "0000073309",
    "fillingDate": "2002-05-07",
    "acceptedDate": "2002-05-07 12:07:48",
    "calendarYear": "2002",
    "period": "Q1",
    "revenue": 1080636981,
    "costOfRevenue": 979737617,
    "grossProfit": 100899364,
    "grossProfitRatio": 0.0933702675,
    "researchAndDevelopmentExpenses": 0,
    "generalAndAdministrativeExpenses": 37300000,
    "sellingAndMarketingExpenses": -26226,
    "sellingGeneralAndAdministrativeExpenses": 37273774,
    "otherExpenses": 0,
    "operatingExpenses": 37273774,
    "costAndExpenses": 1017011391,
    "interestIncome": 0,
    "interestExpense": 0,
    "depreciationAndAmortization": 75715271,
    "ebitda": 139340861,
    "ebitdaratio": 0.1289432654,
    "operatingIncome": 63625590,
    "operatingIncomeRatio": 0.0588778573,
    "totalOtherIncomeExpensesNet": -32662295,
    "incomeBeforeTax": 30963295,
    "incomeBeforeTaxRatio": 0.0286528182,
    "incomeTaxExpense": 10700000,
    "netIncome": 20262295,
    "netIncomeRatio": 0.0187503254,
    "eps": 0.065,
    "epsdiluted": 0.065,
    "weightedAverageShsOut": 311671456,
    "weightedAverageShsOutDil": 312515096,
    "link": "https://www.sec.gov/Archives/edgar/data/73309/000095016802001260/0000950168-02-001260-index.htm",
    "finalLink": "https://www.sec.gov/Archives/edgar/data/73309/000095016802001260/d10q.txt"
  },
  {
    "date": "2001-12-31",
    "symbol": "NUE",
    "reportedCurrency": "USD",
    "cik": "0000073309",
    "fillingDate": "2002-03-22",
    "acceptedDate": "2002-03-22 00:00:00",
    "calendarYear": "2001",
    "period": "Q4",
    "revenue": 979567947,
    "costOfRevenue": 919791304,
    "grossProfit": 59776643,
    "grossProfitRatio": 0.0610234779,
    "researchAndDevelopmentExpenses": 0,
    "generalAndAdministrativeExpenses": 16764027,
    "sellingAndMarketingExpenses": 0,
    "sellingGeneralAndAdministrativeExpenses": 16764027,
    "otherExpenses": 0,
    "operatingExpenses": 16764027,
    "costAndExpenses": 936555331,
    "interestIncome": 0,
    "interestExpense": 0,
    "depreciationAndAmortization": 69442281,
    "ebitda": 112454897,
    "ebitdaratio": 0.114800507,
    "operatingIncome": 43012616,
    "operatingIncomeRatio": 0.043909783,
    "totalOtherIncomeExpensesNet": -2146725,
    "incomeBeforeTax": 40865891,
    "incomeBeforeTaxRatio": 0.0417182811,
    "incomeTaxExpense": 14400000,
    "netIncome": 26465891,
    "netIncomeRatio": 0.0270179226,
    "eps": 0.0849,
    "epsdiluted": 0.0849,
    "weightedAverageShsOut": 311175500,
    "weightedAverageShsOutDil": 311700000,
    "link": "https://www.sec.gov/Archives/edgar/data/73309/000095016802000432/0000950168-02-000432-index.htm",
    "finalLink": "https://www.sec.gov/Archives/edgar/data/73309/000095016802000432/d10k.txt"
  },
  {
    "date": "2001-09-29",
    "symbol": "NUE",
    "reportedCurrency": "USD",
    "cik": "0000073309",
    "fillingDate": "2001-11-09",
    "acceptedDate": "2001-11-09 00:00:00",
    "calendarYear": "2001",
    "period": "Q3",
    "revenue": 1053088039,
    "costOfRevenue": 978176197,
    "grossProfit": 74911842,
    "grossProfitRatio": 0.071135403,
    "researchAndDevelopmentExpenses": 0,
    "generalAndAdministrativeExpenses": 41600000,
    "sellingAndMarketingExpenses": -24693,
    "sellingGeneralAndAdministrativeExpenses": 41575307,
    "otherExpenses": 0,
    "operatingExpenses": 41575307,
    "costAndExpenses": 1019751504,
    "interestIncome": 0,
    "interestExpense": 0,
    "depreciationAndAmortization": 75821112,
    "ebitda": 109157647,
    "ebitdaratio": 0.1036548161,
    "operatingIncome": 33336535,
    "operatingIncomeRatio": 0.031655981,
    "totalOtherIncomeExpensesNet": -1973258,
    "incomeBeforeTax": 31363277,
    "incomeBeforeTaxRatio": 0.0297821985,
    "incomeTaxExpense": 10900000,
    "netIncome": 20463277,
    "netIncomeRatio": 0.0194316869,
    "eps": 0.065,
    "epsdiluted": 0.065,
    "weightedAverageShsOut": 311099152,
    "weightedAverageShsOutDil": 311099152,
    "link": "https://www.sec.gov/Archives/edgar/data/73309/000095016801501087/0000950168-01-501087-index.htm",
    "finalLink": "https://www.sec.gov/Archives/edgar/data/73309/000095016801501087/d10q.txt"
  },
  {
    "date": "2001-06-30",
    "symbol": "NUE",
    "reportedCurrency": "USD",
    "cik": "0000073309",
    "fillingDate": "2001-08-10",
    "acceptedDate": "2001-08-10 00:00:00",
    "calendarYear": "2001",
    "period": "Q2",
    "revenue": 1078574872,
    "costOfRevenue": 978563139,
    "grossProfit": 100011733,
    "grossProfitRatio": 0.092725814,
    "researchAndDevelopmentExpenses": 0,
    "generalAndAdministrativeExpenses": 45540252,
    "sellingAndMarketingExpenses": 0,
    "sellingGeneralAndAdministrativeExpenses": 45540252,
    "otherExpenses": 0,
    "operatingExpenses": 45540252,
    "costAndExpenses": 1024103391,
    "interestIncome": 0,
    "interestExpense": 0,
    "depreciationAndAmortization": 74712008,
    "ebitda": 129183489,
    "ebitdaratio": 0.1197723889,
    "operatingIncome": 54471481,
    "operatingIncomeRatio": 0.0505031986,
    "totalOtherIncomeExpensesNet": -3178618,
    "incomeBeforeTax": 51292863,
    "incomeBeforeTaxRatio": 0.047556145,
    "incomeTaxExpense": 18000000,
    "netIncome": 33292863,
    "netIncomeRatio": 0.0308674566,
    "eps": 0.11,
    "epsdiluted": 0.11,
    "weightedAverageShsOut": 310699224,
    "weightedAverageShsOutDil": 310699224,
    "link": "https://www.sec.gov/Archives/edgar/data/73309/000102140801504829/0001021408-01-504829-index.htm",
    "finalLink": "https://www.sec.gov/Archives/edgar/data/73309/000102140801504829/d10q.txt"
  },
  {
    "date": "2001-03-31",
    "symbol": "NUE",
    "reportedCurrency": "USD",
    "cik": "0000073309",
    "fillingDate": "2001-05-08",
    "acceptedDate": "2001-05-08 00:00:00",
    "calendarYear": "2001",
    "period": "Q1",
    "revenue": 1028017720,
    "costOfRevenue": 943772386,
    "grossProfit": 84245334,
    "grossProfitRatio": 0.0819493014,
    "researchAndDevelopmentExpenses": 0,
    "generalAndAdministrativeExpenses": 34679902,
    "sellingAndMarketingExpenses": 0,
    "sellingGeneralAndAdministrativeExpenses": 34679902,
    "otherExpenses": 0,
    "operatingExpenses": 34679902,
    "costAndExpenses": 978452288,
    "interestIncome": 0,
    "interestExpense": 0,
    "depreciationAndAmortization": 69087812,
    "ebitda": 118653244,
    "ebitdaratio": 0.1154194541,
    "operatingIncome": 49565432,
    "operatingIncomeRatio": 0.0482145697,
    "totalOtherIncomeExpensesNet": 773544,
    "incomeBeforeTax": 50338976,
    "incomeBeforeTaxRatio": 0.0489670314,
    "incomeTaxExpense": 17600000,
    "netIncome": 32738976,
    "netIncomeRatio": 0.031846704,
    "eps": 0.11,
    "epsdiluted": 0.11,
    "weightedAverageShsOut": 310347372,
    "weightedAverageShsOutDil": 310347372,
    "link": "https://www.sec.gov/Archives/edgar/data/73309/000095016801500272/0000950168-01-500272-index.htm",
    "finalLink": "https://www.sec.gov/Archives/edgar/data/73309/000095016801500272/form10q_56090.txt"
  },
  {
    "date": "2000-12-31",
    "symbol": "NUE",
    "reportedCurrency": "USD",
    "cik": "0000073309",
    "fillingDate": "2001-03-28",
    "acceptedDate": "2001-03-28 00:00:00",
    "calendarYear": "2000",
    "period": "Q4",
    "revenue": 1009477761,
    "costOfRevenue": 1050194578,
    "grossProfit": -40716817,
    "grossProfitRatio": -0.0403345359,
    "researchAndDevelopmentExpenses": 0,
    "generalAndAdministrativeExpenses": 41716987,
    "sellingAndMarketingExpenses": 0,
    "sellingGeneralAndAdministrativeExpenses": 41716987,
    "otherExpenses": -202271229,
    "operatingExpenses": -160554242,
    "costAndExpenses": 889640336,
    "interestIncome": 0,
    "interestExpense": 0,
    "depreciationAndAmortization": 57093944,
    "ebitda": 176931369,
    "ebitdaratio": 0.1752701999,
    "operatingIncome": 119837425,
    "operatingIncomeRatio": 0.1187122982,
    "totalOtherIncomeExpensesNet": 182553,
    "incomeBeforeTax": 120019978,
    "incomeBeforeTaxRatio": 0.1188931373,
    "incomeTaxExpense": 40200000,
    "netIncome": 79819978,
    "netIncomeRatio": 0.0790705661,
    "eps": 0.26,
    "epsdiluted": 0.26,
    "weightedAverageShsOut": 310347372,
    "weightedAverageShsOutDil": 310347372,
    "link": "https://www.sec.gov/Archives/edgar/data/73309/000095016801000600/0000950168-01-000600-index.htm",
    "finalLink": "https://www.sec.gov/Archives/edgar/data/73309/000095016801000600/0000950168-01-000600-0001.txt"
  },
  {
    "date": "2000-09-30",
    "symbol": "NUE",
    "reportedCurrency": "USD",
    "cik": "0000073309",
    "fillingDate": "2000-11-09",
    "acceptedDate": "2000-11-09 00:00:00",
    "calendarYear": "2000",
    "period": "Q3",
    "revenue": 1163088140,
    "costOfRevenue": 941346754,
    "grossProfit": 221741386,
    "grossProfitRatio": 0.1906488239,
    "researchAndDevelopmentExpenses": 0,
    "generalAndAdministrativeExpenses": 47950645,
    "sellingAndMarketingExpenses": 0,
    "sellingGeneralAndAdministrativeExpenses": 47950645,
    "otherExpenses": 67387512,
    "operatingExpenses": 115338157,
    "costAndExpenses": 1056684911,
    "interestIncome": 0,
    "interestExpense": 0,
    "depreciationAndAmortization": 67387512,
    "ebitda": 173790741,
    "ebitdaratio": 0.1494218151,
    "operatingIncome": 106403229,
    "operatingIncomeRatio": 0.0914833755,
    "totalOtherIncomeExpensesNet": -1208757,
    "incomeBeforeTax": 105194472,
    "incomeBeforeTaxRatio": 0.0904441103,
    "incomeTaxExpense": 37400000,
    "netIncome": 67794472,
    "netIncomeRatio": 0.0582883357,
    "eps": 0.21,
    "epsdiluted": 0.21,
    "weightedAverageShsOut": 318744004,
    "weightedAverageShsOutDil": 346286340,
    "link": "https://www.sec.gov/Archives/edgar/data/73309/000095016800002313/0000950168-00-002313-index.htm",
    "finalLink": "https://www.sec.gov/Archives/edgar/data/73309/000095016800002313/0000950168-00-002313-0001.txt"
  },
  {
    "date": "2000-07-01",
    "symbol": "NUE",
    "reportedCurrency": "USD",
    "cik": "0000073309",
    "fillingDate": "2000-08-11",
    "acceptedDate": "2000-08-11 00:00:00",
    "calendarYear": "2000",
    "period": "Q2",
    "revenue": 1213945302,
    "costOfRevenue": 970739610,
    "grossProfit": 243205692,
    "grossProfitRatio": 0.2003432046,
    "researchAndDevelopmentExpenses": 0,
    "generalAndAdministrativeExpenses": 49200000,
    "sellingAndMarketingExpenses": -7481,
    "sellingGeneralAndAdministrativeExpenses": 49192519,
    "otherExpenses": 66331314,
    "operatingExpenses": 115523833,
    "costAndExpenses": 1086263443,
    "interestIncome": 0,
    "interestExpense": 0,
    "depreciationAndAmortization": 66331314,
    "ebitda": 194013173,
    "ebitdaratio": 0.1598203582,
    "operatingIncome": 127681859,
    "operatingIncomeRatio": 0.1051792521,
    "totalOtherIncomeExpensesNet": -878166,
    "incomeBeforeTax": 126803693,
    "incomeBeforeTaxRatio": 0.1044558538,
    "incomeTaxExpense": 45000000,
    "netIncome": 81803693,
    "netIncomeRatio": 0.0673866383,
    "eps": 0.25,
    "epsdiluted": 0.25,
    "weightedAverageShsOut": 332610356,
    "weightedAverageShsOutDil": 346286340,
    "link": "https://www.sec.gov/Archives/edgar/data/73309/000095016800001838/0000950168-00-001838-index.htm",
    "finalLink": "https://www.sec.gov/Archives/edgar/data/73309/000095016800001838/0000950168-00-001838-0001.txt"
  },
  {
    "date": "2000-04-01",
    "symbol": "NUE",
    "reportedCurrency": "USD",
    "cik": "0000073309",
    "fillingDate": "2000-05-08",
    "acceptedDate": "2000-05-08 00:00:00",
    "calendarYear": "2000",
    "period": "Q1",
    "revenue": 1199634778,
    "costOfRevenue": 963197598,
    "grossProfit": 236437180,
    "grossProfitRatio": 0.1970909683,
    "researchAndDevelopmentExpenses": 0,
    "generalAndAdministrativeExpenses": 44300000,
    "sellingAndMarketingExpenses": 15406,
    "sellingGeneralAndAdministrativeExpenses": 44315406,
    "otherExpenses": 68552403,
    "operatingExpenses": 112867809,
    "costAndExpenses": 1076065407,
    "interestIncome": 0,
    "interestExpense": 0,
    "depreciationAndAmortization": 68552403,
    "ebitda": 192121774,
    "ebitdaratio": 0.1601502203,
    "operatingIncome": 123569371,
    "operatingIncomeRatio": 0.1030058258,
    "totalOtherIncomeExpensesNet": 2720474,
    "incomeBeforeTax": 126289845,
    "incomeBeforeTaxRatio": 0.1052735777,
    "incomeTaxExpense": 44800000,
    "netIncome": 81489845,
    "netIncomeRatio": 0.0679288784,
    "eps": 0.24,
    "epsdiluted": 0.24,
    "weightedAverageShsOut": 346286340,
    "weightedAverageShsOutDil": 346286340,
    "link": "https://www.sec.gov/Archives/edgar/data/73309/000095010900001980/0000950109-00-001980-index.html",
    "finalLink": "https://www.sec.gov/Archives/edgar/data/73309/000095010900001980/"
  },
  {
    "date": "1999-12-31",
    "symbol": "NUE",
    "reportedCurrency": "USD",
    "cik": "0000073309",
    "fillingDate": "2000-03-23",
    "acceptedDate": "2000-03-23 00:00:00",
    "calendarYear": "1999",
    "period": "Q4",
    "revenue": 1091600000,
    "costOfRevenue": 835900000,
    "grossProfit": 255700000,
    "grossProfitRatio": 0.2342433126,
    "researchAndDevelopmentExpenses": 0,
    "generalAndAdministrativeExpenses": 44100000,
    "sellingAndMarketingExpenses": 0,
    "sellingGeneralAndAdministrativeExpenses": 44100000,
    "otherExpenses": 65000000,
    "operatingExpenses": 109100000,
    "costAndExpenses": 945000000,
    "interestIncome": 0,
    "interestExpense": 0,
    "depreciationAndAmortization": 65000000,
    "ebitda": 211600000,
    "ebitdaratio": 0.1938438989,
    "operatingIncome": 146600000,
    "operatingIncomeRatio": 0.1342982778,
    "totalOtherIncomeExpensesNet": 3000000,
    "incomeBeforeTax": 149600000,
    "incomeBeforeTaxRatio": 0.1370465372,
    "incomeTaxExpense": 52000000,
    "netIncome": 97600000,
    "netIncomeRatio": 0.0894100403,
    "eps": 0.28,
    "epsdiluted": 0.28,
    "weightedAverageShsOut": 347714286,
    "weightedAverageShsOutDil": 349300000,
    "link": "https://www.sec.gov/Archives/edgar/data/73309/000095016800000669/0000950168-00-000669-index.html",
    "finalLink": "https://www.sec.gov/Archives/edgar/data/73309/000095016800000669/"
  },
  {
    "date": "1999-10-02",
    "symbol": "NUE",
    "reportedCurrency": "USD",
    "cik": "0000073309",
    "fillingDate": "1999-11-10",
    "acceptedDate": "1999-11-10 00:00:00",
    "calendarYear": "1999",
    "period": "Q3",
    "revenue": 1026700000,
    "costOfRevenue": 810600000,
    "grossProfit": 216100000,
    "grossProfitRatio": 0.2104801792,
    "researchAndDevelopmentExpenses": 0,
    "generalAndAdministrativeExpenses": 45600000,
    "sellingAndMarketingExpenses": 0,
    "sellingGeneralAndAdministrativeExpenses": 45600000,
    "otherExpenses": 65700000,
    "operatingExpenses": 111300000,
    "costAndExpenses": 921900000,
    "interestIncome": 0,
    "interestExpense": 0,
    "depreciationAndAmortization": 65700000,
    "ebitda": 170500000,
    "ebitdaratio": 0.1660660368,
    "operatingIncome": 104800000,
    "operatingIncomeRatio": 0.102074608,
    "totalOtherIncomeExpensesNet": 1700000,
    "incomeBeforeTax": 106500000,
    "incomeBeforeTaxRatio": 0.1037303984,
    "incomeTaxExpense": 38300000,
    "netIncome": 68200000,
    "netIncomeRatio": 0.0664264147,
    "eps": 0.2,
    "epsdiluted": 0.2,
    "weightedAverageShsOut": 349743590,
    "weightedAverageShsOutDil": 349743590,
    "link": "https://www.sec.gov/Archives/edgar/data/73309/000095016899002815/0000950168-99-002815-index.html",
    "finalLink": "https://www.sec.gov/Archives/edgar/data/73309/000095016899002815/"
  },
  {
    "date": "1999-07-03",
    "symbol": "NUE",
    "reportedCurrency": "USD",
    "cik": "0000073309",
    "fillingDate": "1999-08-10",
    "acceptedDate": "1999-08-10 00:00:00",
    "calendarYear": "1999",
    "period": "Q2",
    "revenue": 997200000,
    "costOfRevenue": 820200000,
    "grossProfit": 177000000,
    "grossProfitRatio": 0.1774969916,
    "researchAndDevelopmentExpenses": 0,
    "generalAndAdministrativeExpenses": 33700000,
    "sellingAndMarketingExpenses": 0,
    "sellingGeneralAndAdministrativeExpenses": 33700000,
    "otherExpenses": 64200000,
    "operatingExpenses": 97900000,
    "costAndExpenses": 918100000,
    "interestIncome": 0,
    "interestExpense": 0,
    "depreciationAndAmortization": 64200000,
    "ebitda": 143300000,
    "ebitdaratio": 0.1437023666,
    "operatingIncome": 79100000,
    "operatingIncomeRatio": 0.0793221019,
    "totalOtherIncomeExpensesNet": 0,
    "incomeBeforeTax": 79100000,
    "incomeBeforeTaxRatio": 0.0793221019,
    "incomeTaxExpense": 28500000,
    "netIncome": 50600000,
    "netIncomeRatio": 0.0507420778,
    "eps": 0.14,
    "epsdiluted": 0.14,
    "weightedAverageShsOut": 348965517,
    "weightedAverageShsOutDil": 348965517,
    "link": "https://www.sec.gov/Archives/edgar/data/73309/000095016899002094/0000950168-99-002094-index.html",
    "finalLink": "https://www.sec.gov/Archives/edgar/data/73309/000095016899002094/"
  },
  {
    "date": "1999-04-03",
    "symbol": "NUE",
    "reportedCurrency": "USD",
    "cik": "0000073309",
    "fillingDate": "1999-05-11",
    "acceptedDate": "1999-05-11 00:00:00",
    "calendarYear": "1999",
    "period": "Q1",
    "revenue": 893800000,
    "costOfRevenue": 757200000,
    "grossProfit": 136600000,
    "grossProfitRatio": 0.1528306109,
    "researchAndDevelopmentExpenses": 0,
    "generalAndAdministrativeExpenses": 31400000,
    "sellingAndMarketingExpenses": 0,
    "sellingGeneralAndAdministrativeExpenses": 31400000,
    "otherExpenses": 61700000,
    "operatingExpenses": 93100000,
    "costAndExpenses": 850300000,
    "interestIncome": 0,
    "interestExpense": 0,
    "depreciationAndAmortization": 61700000,
    "ebitda": 105200000,
    "ebitdaratio": 0.1176997091,
    "operatingIncome": 43500000,
    "operatingIncomeRatio": 0.048668606,
    "totalOtherIncomeExpensesNet": 500000,
    "incomeBeforeTax": 44000000,
    "incomeBeforeTaxRatio": 0.0492280152,
    "incomeTaxExpense": 15800000,
    "netIncome": 28200000,
    "netIncomeRatio": 0.0315506825,
    "eps": 0.08,
    "epsdiluted": 0.08,
    "weightedAverageShsOut": 352500000,
    "weightedAverageShsOutDil": 352500000,
    "link": "https://www.sec.gov/Archives/edgar/data/73309/000095016899001469/0000950168-99-001469-index.html",
    "finalLink": "https://www.sec.gov/Archives/edgar/data/73309/"
  },
  {
    "date": "1998-12-31",
    "symbol": "NUE",
    "reportedCurrency": "USD",
    "cik": "0000073309",
    "fillingDate": "1999-03-24",
    "acceptedDate": "1999-03-24 00:00:00",
    "calendarYear": "1998",
    "period": "Q4",
    "revenue": 873000000,
    "costOfRevenue": 671900000,
    "grossProfit": 201100000,
    "grossProfitRatio": 0.2303550974,
    "researchAndDevelopmentExpenses": 0,
    "generalAndAdministrativeExpenses": 28400000,
    "sellingAndMarketingExpenses": 0,
    "sellingGeneralAndAdministrativeExpenses": 28400000,
    "otherExpenses": 74600000,
    "operatingExpenses": 103000000,
    "costAndExpenses": 774900000,
    "interestIncome": 0,
    "interestExpense": 0,
    "depreciationAndAmortization": 74600000,
    "ebitda": 172700000,
    "ebitdaratio": 0.1978235968,
    "operatingIncome": 98100000,
    "operatingIncomeRatio": 0.112371134,
    "totalOtherIncomeExpensesNet": 800000,
    "incomeBeforeTax": 98900000,
    "incomeBeforeTaxRatio": 0.1132875143,
    "incomeTaxExpense": 37700000,
    "netIncome": 61200000,
    "netIncomeRatio": 0.0701030928,
    "eps": 0.17,
    "epsdiluted": 0.17,
    "weightedAverageShsOut": 349878261,
    "weightedAverageShsOutDil": 351700000,
    "link": "https://www.sec.gov/Archives/edgar/data/73309/000095016899000808/0000950168-99-000808-index.html",
    "finalLink": "https://www.sec.gov/Archives/edgar/data/73309/"
  },
  {
    "date": "1998-10-03",
    "symbol": "NUE",
    "reportedCurrency": "USD",
    "cik": "0000073309",
    "fillingDate": "1998-11-10",
    "acceptedDate": "1998-11-10 00:00:00",
    "calendarYear": "1998",
    "period": "Q3",
    "revenue": 1011000000,
    "costOfRevenue": 809700000,
    "grossProfit": 201300000,
    "grossProfitRatio": 0.1991097923,
    "researchAndDevelopmentExpenses": 0,
    "generalAndAdministrativeExpenses": 40600000,
    "sellingAndMarketingExpenses": 0,
    "sellingGeneralAndAdministrativeExpenses": 40600000,
    "otherExpenses": 59800000,
    "operatingExpenses": 100400000,
    "costAndExpenses": 910100000,
    "interestIncome": 0,
    "interestExpense": 0,
    "depreciationAndAmortization": 59800000,
    "ebitda": 160700000,
    "ebitdaratio": 0.1589515331,
    "operatingIncome": 100900000,
    "operatingIncomeRatio": 0.0998021761,
    "totalOtherIncomeExpensesNet": 900000,
    "incomeBeforeTax": 101800000,
    "incomeBeforeTaxRatio": 0.1006923838,
    "incomeTaxExpense": 36700000,
    "netIncome": 65100000,
    "netIncomeRatio": 0.0643916914,
    "eps": 0.19,
    "epsdiluted": 0.19,
    "weightedAverageShsOut": 351891892,
    "weightedAverageShsOutDil": 351891892,
    "link": "https://www.sec.gov/Archives/edgar/data/73309/000095016898003455/0000950168-98-003455-index.html",
    "finalLink": "https://www.sec.gov/Archives/edgar/data/73309/"
  },
  {
    "date": "1998-07-04",
    "symbol": "NUE",
    "reportedCurrency": "USD",
    "cik": "0000073309",
    "fillingDate": "1998-08-07",
    "acceptedDate": "1998-08-07 00:00:00",
    "calendarYear": "1998",
    "period": "Q2",
    "revenue": 1128400000,
    "costOfRevenue": 916500000,
    "grossProfit": 211900000,
    "grossProfitRatio": 0.1877880184,
    "researchAndDevelopmentExpenses": 0,
    "generalAndAdministrativeExpenses": 40100000,
    "sellingAndMarketingExpenses": 0,
    "sellingGeneralAndAdministrativeExpenses": 40100000,
    "otherExpenses": 59800000,
    "operatingExpenses": 99900000,
    "costAndExpenses": 1016400000,
    "interestIncome": 0,
    "interestExpense": 0,
    "depreciationAndAmortization": 59800000,
    "ebitda": 171800000,
    "ebitdaratio": 0.1522509748,
    "operatingIncome": 112000000,
    "operatingIncomeRatio": 0.0992555831,
    "totalOtherIncomeExpensesNet": 700000,
    "incomeBeforeTax": 112700000,
    "incomeBeforeTaxRatio": 0.0998759305,
    "incomeTaxExpense": 40500000,
    "netIncome": 72200000,
    "netIncomeRatio": 0.0639844027,
    "eps": 0.21,
    "epsdiluted": 0.21,
    "weightedAverageShsOut": 352195122,
    "weightedAverageShsOutDil": 352195122,
    "link": "https://www.sec.gov/Archives/edgar/data/73309/000095016898002514/0000950168-98-002514-index.html",
    "finalLink": "https://www.sec.gov/Archives/edgar/data/73309/"
  },
  {
    "date": "1998-04-04",
    "symbol": "NUE",
    "reportedCurrency": "USD",
    "cik": "0000073309",
    "fillingDate": "1998-05-12",
    "acceptedDate": "1998-05-12 00:00:00",
    "calendarYear": "1998",
    "period": "Q1",
    "revenue": 1138900000,
    "costOfRevenue": 940600000,
    "grossProfit": 198300000,
    "grossProfitRatio": 0.1741153745,
    "researchAndDevelopmentExpenses": 0,
    "generalAndAdministrativeExpenses": 38900000,
    "sellingAndMarketingExpenses": 0,
    "sellingGeneralAndAdministrativeExpenses": 38900000,
    "otherExpenses": 58900000,
    "operatingExpenses": 97800000,
    "costAndExpenses": 1038400000,
    "interestIncome": 0,
    "interestExpense": 0,
    "depreciationAndAmortization": 58900000,
    "ebitda": 159400000,
    "ebitdaratio": 0.1399596102,
    "operatingIncome": 100500000,
    "operatingIncomeRatio": 0.0882430415,
    "totalOtherIncomeExpensesNet": 1300000,
    "incomeBeforeTax": 101800000,
    "incomeBeforeTaxRatio": 0.0893844938,
    "incomeTaxExpense": 36700000,
    "netIncome": 65100000,
    "netIncomeRatio": 0.0571604179,
    "eps": 0.19,
    "epsdiluted": 0.19,
    "weightedAverageShsOut": 351891892,
    "weightedAverageShsOutDil": 351891892,
    "link": "https://www.sec.gov/Archives/edgar/data/73309/000095016898001548/0000950168-98-001548-index.html",
    "finalLink": "https://www.sec.gov/Archives/edgar/data/73309/"
  },
  {
    "date": "1997-12-31",
    "symbol": "NUE",
    "reportedCurrency": "USD",
    "cik": "0000073309",
    "fillingDate": "1998-03-26",
    "acceptedDate": "1998-03-26 00:00:00",
    "calendarYear": "1997",
    "period": "Q4",
    "revenue": 1037300000,
    "costOfRevenue": 826900000,
    "grossProfit": 210400000,
    "grossProfitRatio": 0.2028342813,
    "researchAndDevelopmentExpenses": 0,
    "generalAndAdministrativeExpenses": 32600000,
    "sellingAndMarketingExpenses": 0,
    "sellingGeneralAndAdministrativeExpenses": 32600000,
    "otherExpenses": 59400000,
    "operatingExpenses": 92000000,
    "costAndExpenses": 918900000,
    "interestIncome": 0,
    "interestExpense": 0,
    "depreciationAndAmortization": 59400000,
    "ebitda": 177800000,
    "ebitdaratio": 0.1714065362,
    "operatingIncome": 118400000,
    "operatingIncomeRatio": 0.1141424853,
    "totalOtherIncomeExpensesNet": 1200000,
    "incomeBeforeTax": 119600000,
    "incomeBeforeTaxRatio": 0.1152993348,
    "incomeTaxExpense": 43100000,
    "netIncome": 76500000,
    "netIncomeRatio": 0.0737491565,
    "eps": 0.22,
    "epsdiluted": 0.22,
    "weightedAverageShsOut": 351728455,
    "weightedAverageShsOutDil": 351900000,
    "link": "https://www.sec.gov/Archives/edgar/data/73309/000095016898000864/0000950168-98-000864-index.html",
    "finalLink": "https://www.sec.gov/Archives/edgar/data/73309/"
  },
  {
    "date": "1997-10-04",
    "symbol": "NUE",
    "reportedCurrency": "USD",
    "cik": "0000073309",
    "fillingDate": "1997-11-10",
    "acceptedDate": "1997-11-10 00:00:00",
    "calendarYear": "1997",
    "period": "Q3",
    "revenue": 1101600000,
    "costOfRevenue": 882000000,
    "grossProfit": 219600000,
    "grossProfitRatio": 0.1993464052,
    "researchAndDevelopmentExpenses": 0,
    "generalAndAdministrativeExpenses": 40500000,
    "sellingAndMarketingExpenses": 0,
    "sellingGeneralAndAdministrativeExpenses": 40500000,
    "otherExpenses": 54200000,
    "operatingExpenses": 94700000,
    "costAndExpenses": 976700000,
    "interestIncome": 0,
    "interestExpense": 0,
    "depreciationAndAmortization": 54200000,
    "ebitda": 179100000,
    "ebitdaratio": 0.1625816993,
    "operatingIncome": 124900000,
    "operatingIncomeRatio": 0.1133805374,
    "totalOtherIncomeExpensesNet": 100000,
    "incomeBeforeTax": 125000000,
    "incomeBeforeTaxRatio": 0.1134713145,
    "incomeTaxExpense": 45000000,
    "netIncome": 80000000,
    "netIncomeRatio": 0.0726216412,
    "eps": 0.23,
    "epsdiluted": 0.23,
    "weightedAverageShsOut": 351648352,
    "weightedAverageShsOutDil": 351648352,
    "link": "https://www.sec.gov/Archives/edgar/data/73309/000095016897003212/0000950168-97-003212-index.html",
    "finalLink": "https://www.sec.gov/Archives/edgar/data/73309/"
  },
  {
    "date": "1997-07-05",
    "symbol": "NUE",
    "reportedCurrency": "USD",
    "cik": "0000073309",
    "fillingDate": "1997-08-11",
    "acceptedDate": "1997-08-11 00:00:00",
    "calendarYear": "1997",
    "period": "Q2",
    "revenue": 1035100000,
    "costOfRevenue": 830000000,
    "grossProfit": 205100000,
    "grossProfitRatio": 0.1981451068,
    "researchAndDevelopmentExpenses": 0,
    "generalAndAdministrativeExpenses": 38100000,
    "sellingAndMarketingExpenses": 0,
    "sellingGeneralAndAdministrativeExpenses": 38100000,
    "otherExpenses": 52200000,
    "operatingExpenses": 90300000,
    "costAndExpenses": 920300000,
    "interestIncome": 0,
    "interestExpense": 0,
    "depreciationAndAmortization": 52200000,
    "ebitda": 167000000,
    "ebitdaratio": 0.1613370689,
    "operatingIncome": 114800000,
    "operatingIncomeRatio": 0.1109071587,
    "totalOtherIncomeExpensesNet": -800000,
    "incomeBeforeTax": 114000000,
    "incomeBeforeTaxRatio": 0.1101342865,
    "incomeTaxExpense": 41000000,
    "netIncome": 73000000,
    "netIncomeRatio": 0.070524587,
    "eps": 0.21,
    "epsdiluted": 0.21,
    "weightedAverageShsOut": 351807229,
    "weightedAverageShsOutDil": 351807229,
    "link": "https://www.sec.gov/Archives/edgar/data/73309/000095016897002141/0000950168-97-002141-index.html",
    "finalLink": "https://www.sec.gov/Archives/edgar/data/73309/"
  },
  {
    "date": "1997-04-05",
    "symbol": "NUE",
    "reportedCurrency": "USD",
    "cik": "0000073309",
    "fillingDate": "1997-05-12",
    "acceptedDate": "1997-05-12 00:00:00",
    "calendarYear": "1997",
    "period": "Q1",
    "revenue": 1010500000,
    "costOfRevenue": 821100000,
    "grossProfit": 189400000,
    "grossProfitRatio": 0.1874319644,
    "researchAndDevelopmentExpenses": 0,
    "generalAndAdministrativeExpenses": 34100000,
    "sellingAndMarketingExpenses": 0,
    "sellingGeneralAndAdministrativeExpenses": 34100000,
    "otherExpenses": 53000000,
    "operatingExpenses": 87100000,
    "costAndExpenses": 908200000,
    "interestIncome": 0,
    "interestExpense": 0,
    "depreciationAndAmortization": 53000000,
    "ebitda": 155300000,
    "ebitdaratio": 0.1536862939,
    "operatingIncome": 102300000,
    "operatingIncomeRatio": 0.1012370114,
    "totalOtherIncomeExpensesNet": -700000,
    "incomeBeforeTax": 101600000,
    "incomeBeforeTaxRatio": 0.100544285,
    "incomeTaxExpense": 36600000,
    "netIncome": 65000000,
    "netIncomeRatio": 0.0643245918,
    "eps": 0.19,
    "epsdiluted": 0.19,
    "weightedAverageShsOut": 351351351,
    "weightedAverageShsOutDil": 351351351,
    "link": "https://www.sec.gov/Archives/edgar/data/73309/000095016897001214/0000950168-97-001214-index.html",
    "finalLink": "https://www.sec.gov/Archives/edgar/data/73309/"
  },
  {
    "date": "1996-12-31",
    "symbol": "NUE",
    "reportedCurrency": "USD",
    "cik": "0000073309",
    "fillingDate": "1997-03-26",
    "acceptedDate": "1997-03-26 00:00:00",
    "calendarYear": "1996",
    "period": "Q4",
    "revenue": 922300000,
    "costOfRevenue": 712600000,
    "grossProfit": 209700000,
    "grossProfitRatio": 0.2273663667,
    "researchAndDevelopmentExpenses": 0,
    "generalAndAdministrativeExpenses": 27000000,
    "sellingAndMarketingExpenses": 0,
    "sellingGeneralAndAdministrativeExpenses": 27000000,
    "otherExpenses": 51700000,
    "operatingExpenses": 78700000,
    "costAndExpenses": 791300000,
    "interestIncome": 0,
    "interestExpense": 0,
    "depreciationAndAmortization": 51700000,
    "ebitda": 182700000,
    "ebitdaratio": 0.1980917272,
    "operatingIncome": 131000000,
    "operatingIncomeRatio": 0.1420362138,
    "totalOtherIncomeExpensesNet": -100000,
    "incomeBeforeTax": 130900000,
    "incomeBeforeTaxRatio": 0.1419277892,
    "incomeTaxExpense": 48400000,
    "netIncome": 82500000,
    "netIncomeRatio": 0.0894502873,
    "eps": 0.23,
    "epsdiluted": 0.23,
    "weightedAverageShsOut": 351100000,
    "weightedAverageShsOutDil": 351100000,
    "link": "https://www.sec.gov/Archives/edgar/data/73309/000095016897000699/0000950168-97-000699-index.html",
    "finalLink": "https://www.sec.gov/Archives/edgar/data/73309/"
  },
  {
    "date": "1996-09-28",
    "symbol": "NUE",
    "reportedCurrency": "USD",
    "cik": "0000073309",
    "fillingDate": "1996-11-08",
    "acceptedDate": "1996-11-08 00:00:00",
    "calendarYear": "1996",
    "period": "Q3",
    "revenue": 937400000,
    "costOfRevenue": 769400000,
    "grossProfit": 168000000,
    "grossProfitRatio": 0.1792191167,
    "researchAndDevelopmentExpenses": 0,
    "generalAndAdministrativeExpenses": 32500000,
    "sellingAndMarketingExpenses": 0,
    "sellingGeneralAndAdministrativeExpenses": 32500000,
    "otherExpenses": 45600000,
    "operatingExpenses": 78100000,
    "costAndExpenses": 847500000,
    "interestIncome": 0,
    "interestExpense": 0,
    "depreciationAndAmortization": 45600000,
    "ebitda": 135500000,
    "ebitdaratio": 0.1445487519,
    "operatingIncome": 89900000,
    "operatingIncomeRatio": 0.095903563,
    "totalOtherIncomeExpensesNet": -200000,
    "incomeBeforeTax": 89700000,
    "incomeBeforeTaxRatio": 0.095690207,
    "incomeTaxExpense": 31800000,
    "netIncome": 57900000,
    "netIncomeRatio": 0.0617665884,
    "eps": 0.17,
    "epsdiluted": 0.17,
    "weightedAverageShsOut": 350909091,
    "weightedAverageShsOutDil": 350909091,
    "link": "https://www.sec.gov/Archives/edgar/data/73309/000095016896002052/0000950168-96-002052-index.html",
    "finalLink": "https://www.sec.gov/Archives/edgar/data/73309/"
  },
  {
    "date": "1996-06-29",
    "symbol": "NUE",
    "reportedCurrency": "USD",
    "cik": "0000073309",
    "fillingDate": "1996-08-07",
    "acceptedDate": "1996-08-07 00:00:00",
    "calendarYear": "1996",
    "period": "Q2",
    "revenue": 911100000,
    "costOfRevenue": 750600000,
    "grossProfit": 160500000,
    "grossProfitRatio": 0.1761606849,
    "researchAndDevelopmentExpenses": 0,
    "generalAndAdministrativeExpenses": 31900000,
    "sellingAndMarketingExpenses": 0,
    "sellingGeneralAndAdministrativeExpenses": 31900000,
    "otherExpenses": 42700000,
    "operatingExpenses": 74600000,
    "costAndExpenses": 825200000,
    "interestIncome": 0,
    "interestExpense": 0,
    "depreciationAndAmortization": 42700000,
    "ebitda": 128600000,
    "ebitdaratio": 0.1411480628,
    "operatingIncome": 85900000,
    "operatingIncomeRatio": 0.0942816376,
    "totalOtherIncomeExpensesNet": -200000,
    "incomeBeforeTax": 85700000,
    "incomeBeforeTaxRatio": 0.0940621227,
    "incomeTaxExpense": 30500000,
    "netIncome": 55200000,
    "netIncomeRatio": 0.0605861047,
    "eps": 0.16,
    "epsdiluted": 0.16,
    "weightedAverageShsOut": 350476190,
    "weightedAverageShsOutDil": 350476190,
    "link": "https://www.sec.gov/Archives/edgar/data/73309/000095016896001385/0000950168-96-001385-index.html",
    "finalLink": "https://www.sec.gov/Archives/edgar/data/73309/"
  },
  {
    "date": "1996-03-30",
    "symbol": "NUE",
    "reportedCurrency": "USD",
    "cik": "0000073309",
    "fillingDate": "1996-05-09",
    "acceptedDate": "1996-05-09 00:00:00",
    "calendarYear": "1996",
    "period": "Q1",
    "revenue": 876100000,
    "costOfRevenue": 724400000,
    "grossProfit": 151700000,
    "grossProfitRatio": 0.1731537496,
    "researchAndDevelopmentExpenses": 0,
    "generalAndAdministrativeExpenses": 29000000,
    "sellingAndMarketingExpenses": 0,
    "sellingGeneralAndAdministrativeExpenses": 29000000,
    "otherExpenses": 42200000,
    "operatingExpenses": 71200000,
    "costAndExpenses": 795600000,
    "interestIncome": 0,
    "interestExpense": 0,
    "depreciationAndAmortization": 42200000,
    "ebitda": 122700000,
    "ebitdaratio": 0.1400525054,
    "operatingIncome": 80500000,
    "operatingIncomeRatio": 0.0918844881,
    "totalOtherIncomeExpensesNet": 1000000,
    "incomeBeforeTax": 81500000,
    "incomeBeforeTaxRatio": 0.0930259103,
    "incomeTaxExpense": 28900000,
    "netIncome": 52600000,
    "netIncomeRatio": 0.0600388084,
    "eps": 0.15,
    "epsdiluted": 0.15,
    "weightedAverageShsOut": 350666667,
    "weightedAverageShsOutDil": 350666667,
    "link": "https://www.sec.gov/Archives/edgar/data/73309/000095016896000742/0000950168-96-000742-index.html",
    "finalLink": "https://www.sec.gov/Archives/edgar/data/73309/"
  },
  {
    "date": "1995-12-31",
    "symbol": "NUE",
    "reportedCurrency": "USD",
    "cik": "0000073309",
    "fillingDate": "1996-03-29",
    "acceptedDate": "1996-03-29 00:00:00",
    "calendarYear": "1995",
    "period": "Q4",
    "revenue": 879600000,
    "costOfRevenue": 683400000,
    "grossProfit": 196200000,
    "grossProfitRatio": 0.2230559345,
    "researchAndDevelopmentExpenses": 0,
    "generalAndAdministrativeExpenses": 27600000,
    "sellingAndMarketingExpenses": 0,
    "sellingGeneralAndAdministrativeExpenses": 27600000,
    "otherExpenses": 49800000,
    "operatingExpenses": 77400000,
    "costAndExpenses": 760800000,
    "interestIncome": 0,
    "interestExpense": 0,
    "depreciationAndAmortization": 49800000,
    "ebitda": 168600000,
    "ebitdaratio": 0.1916780355,
    "operatingIncome": 118800000,
    "operatingIncomeRatio": 0.1350613915,
    "totalOtherIncomeExpensesNet": 1900000,
    "incomeBeforeTax": 120700000,
    "incomeBeforeTaxRatio": 0.1372214643,
    "incomeTaxExpense": 46400000,
    "netIncome": 74300000,
    "netIncomeRatio": 0.0844702137,
    "eps": 0.21,
    "epsdiluted": 0.21,
    "weightedAverageShsOut": 349643145,
    "weightedAverageShsOutDil": 351100000,
    "link": "https://www.sec.gov/Archives/edgar/data/73309/000095016896000539/0000950168-96-000539-index.html",
    "finalLink": "https://www.sec.gov/Archives/edgar/data/73309/"
  },
  {
    "date": "1995-09-30",
    "symbol": "NUE",
    "reportedCurrency": "USD",
    "cik": "0000073309",
    "fillingDate": "1995-11-09",
    "acceptedDate": "1995-11-09 00:00:00",
    "calendarYear": "1995",
    "period": "Q3",
    "revenue": 860500000,
    "costOfRevenue": 688500000,
    "grossProfit": 172000000,
    "grossProfitRatio": 0.1998837885,
    "researchAndDevelopmentExpenses": 0,
    "generalAndAdministrativeExpenses": 33500000,
    "sellingAndMarketingExpenses": 0,
    "sellingGeneralAndAdministrativeExpenses": 33500000,
    "otherExpenses": 41400000,
    "operatingExpenses": 74900000,
    "costAndExpenses": 763400000,
    "interestIncome": 0,
    "interestExpense": 0,
    "depreciationAndAmortization": 41400000,
    "ebitda": 138500000,
    "ebitdaratio": 0.1609529343,
    "operatingIncome": 97100000,
    "operatingIncomeRatio": 0.1128413713,
    "totalOtherIncomeExpensesNet": 900000,
    "incomeBeforeTax": 98000000,
    "incomeBeforeTaxRatio": 0.1138872748,
    "incomeTaxExpense": 35000000,
    "netIncome": 63000000,
    "netIncomeRatio": 0.0732132481,
    "eps": 0.18,
    "epsdiluted": 0.18,
    "weightedAverageShsOut": 350000000,
    "weightedAverageShsOutDil": 350000000,
    "link": "https://www.sec.gov/Archives/edgar/data/73309/000095016895000979/0000950168-95-000979-index.html",
    "finalLink": "https://www.sec.gov/Archives/edgar/data/73309/"
  }
]