[
  {
    "date": "2024-12-31",
    "symbol": "NUE",
    "reportedCurrency": "USD",
    "cik": "0000073309",
    "fillingDate": "2025-02-27",
    "acceptedDate": "2025-02-27 09:17:32",
    "calendarYear": "2024",
    "period": "FY",
    "revenue": 30734000000,
    "costOfRevenue": 26632000000,
    "grossProfit": 4102000000,
    "grossProfitRatio": 0.1334678207,
    "researchAndDevelopmentExpenses": 0,
    "generalAndAdministrativeExpenses": 0,
    "sellingAndMarketingExpenses": 0,
    "sellingGeneralAndAdministrativeExpenses": 1123000000,
    "otherExpenses": 0,
    "operatingExpenses": 1123000000,
    "costAndExpenses": 27755000000,
    "interestIncome": 258000000,
    "interestExpense": 228000000,
    "depreciationAndAmortization": 1356000000,
    "ebitda": 4486000000,
    "ebitdaratio": 0.1459621266,
    "operatingIncome": 2979000000,
    "operatingIncomeRatio": 0.0969284831,
    "totalOtherIncomeExpensesNet": -77000000,
    "incomeBeforeTax": 2902000000,
    "incomeBeforeTaxRatio": 0.0944231145,
    "incomeTaxExpense": 583000000,
    "netIncome": 2027000000,
    "netIncomeRatio": 0.0659530162,
    "eps": 8.47,
    "epsdiluted": 8.46,
    "weightedAverageShsOut": 238300000,
    "weightedAverageShsOutDil": 238500000,
    "link": "https://www.sec.gov/Archives/edgar/data/73309/000095017025028427/0000950170-25-028427-index.htm",
    "finalLink": "https://www.sec.gov/Archives/edgar/data/73309/000095017025028427/nue-20241231.htm"
  },
  {
    "date": "2023-12-31",
    "symbol": "NUE",
    "reportedCurrency": "USD",
    "cik": "0000073309",
    "fillingDate": "2024-02-27",
    "acceptedDate": "2024-02-27 16:21:09",
    "calendarYear": "2023",
    "period": "FY",
    "revenue": 34714000000,
    "costOfRevenue": 26899000000,
    "grossProfit": 7815000000,
    "grossProfitRatio": 0.2251253097,
    "researchAndDevelopmentExpenses": 0,
    "generalAndAdministrativeExpenses": 0,
    "sellingAndMarketingExpenses": 0,
    "sellingGeneralAndAdministrativeExpenses": 1585000000,
    "otherExpenses": 0,
    "operatingExpenses": 1585000000,
    "costAndExpenses": 28484000000,
    "interestIncome": 276000000,
    "interestExpense": 246000000,
    "depreciationAndAmortization": 1169000000,
    "ebitda": 7688000000,
    "ebitdaratio": 0.2214668433,
    "operatingIncome": 6230000000,
    "operatingIncomeRatio": 0.1794664977,
    "totalOtherIncomeExpensesNet": 43000000,
    "incomeBeforeTax": 6273000000,
    "incomeBeforeTaxRatio": 0.180705191,
    "incomeTaxExpense": 1359966000,
    "netIncome": 4524801000,
    "netIncomeRatio": 0.1303451345,
    "eps": 18.05,
    "epsdiluted": 18,
    "weightedAverageShsOut": 249773000,
    "weightedAverageShsOutDil": 250412000,
    "link": "https://www.sec.gov/Archives/edgar/data/73309/000095017024021195/0000950170-24-021195-index.htm",
    "finalLink": "https://www.sec.gov/Archives/edgar/data/73309/000095017024021195/nue-20231231.htm"
  },
  {
    "date": "2022-12-31",
    "symbol": "NUE",
    "reportedCurrency": "USD",
    "cik": "0000073309",
    "fillingDate": "2023-03-01",
    "acceptedDate": "2023-02-28 19:41:43",
    "calendarYear": "2022",
    "period": "FY",
    "revenue": 41512000000,
    "costOfRevenue": 29009000000,
    "grossProfit": 12503000000,
    "grossProfitRatio": 0.3011900173,
    "researchAndDevelopmentExpenses": 0,
    "generalAndAdministrativeExpenses": 0,
    "sellingAndMarketingExpenses": 0,
    "sellingGeneralAndAdministrativeExpenses": 1997000000,
    "otherExpenses": 0,
    "operatingExpenses": 1997000000,
    "costAndExpenses": 31006000000,
    "interestIncome": 48695000,
    "interestExpense": 218911000,
    "depreciationAndAmortization": 1062000000,
    "ebitda": 11568000000,
    "ebitdaratio": 0.2786664097,
    "operatingIncome": 10506000000,
    "operatingIncomeRatio": 0.2530834458,
    "totalOtherIncomeExpensesNet": -261000000,
    "incomeBeforeTax": 10245000000,
    "incomeBeforeTaxRatio": 0.2467961071,
    "incomeTaxExpense": 2165204000,
    "netIncome": 7607337000,
    "netIncomeRatio": 0.1832563355,
    "eps": 28.88,
    "epsdiluted": 28.79,
    "weightedAverageShsOut": 262348000,
    "weightedAverageShsOutDil": 263176000,
    "link": "https://www.sec.gov/Archives/edgar/data/73309/000156459023002793/0001564590-23-002793-index.htm",
    "finalLink": "https://www.sec.gov/Archives/edgar/data/73309/000156459023002793/nue-10k_20221231.htm"
  },
  {
    "date": "2021-12-31",
    "symbol": "NUE",
    "reportedCurrency": "USD",
    "cik": "0000073309",
    "fillingDate": "2022-02-28",
    "acceptedDate": "2022-02-28 17:13:52",
    "calendarYear": "2021",
    "period": "FY",
    "revenue": 36483939000,
    "costOfRevenue": 25458525000,
    "grossProfit": 11025414000,
    "grossProfitRatio": 0.3021991129,
    "researchAndDevelopmentExpenses": 0,
    "generalAndAdministrativeExpenses": 0,
    "sellingAndMarketingExpenses": 0,
    "sellingGeneralAndAdministrativeExpenses": 1706609000,
    "otherExpenses": 0,
    "operatingExpenses": 1706609000,
    "costAndExpenses": 27165134000,
    "interestIncome": 4267000,
    "interestExpense": 163121000,
    "depreciationAndAmortization": 864563000,
    "ebitda": 10228542000,
    "ebitdaratio": 0.2803573923,
    "operatingIncome": 9318805000,
    "operatingIncomeRatio": 0.2554221188,
    "totalOtherIncomeExpensesNet": -117947000,
    "incomeBeforeTax": 9200858000,
    "incomeBeforeTaxRatio": 0.2521892716,
    "incomeTaxExpense": 2078488000,
    "netIncome": 6827461000,
    "netIncomeRatio": 0.187136071,
    "eps": 23.23,
    "epsdiluted": 23.16,
    "weightedAverageShsOut": 292491000,
    "weightedAverageShsOutDil": 293390000,
    "link": "https://www.sec.gov/Archives/edgar/data/73309/000156459022007679/0001564590-22-007679-index.htm",
    "finalLink": "https://www.sec.gov/Archives/edgar/data/73309/000156459022007679/nue-10k_20211231.htm"
  },
  {
    "date": "2020-12-31",
    "symbol": "NUE",
    "reportedCurrency": "USD",
    "cik": "0000073309",
    "fillingDate": "2021-02-26",
    "acceptedDate": "2021-02-26 17:17:27",
    "calendarYear": "2020",
    "period": "FY",
    "revenue": 20139658000,
    "costOfRevenue": 17911708000,
    "grossProfit": 2227950000,
    "grossProfitRatio": 0.1106250166,
    "researchAndDevelopmentExpenses": 0,
    "generalAndAdministrativeExpenses": 0,
    "sellingAndMarketingExpenses": 0,
    "sellingGeneralAndAdministrativeExpenses": 615041000,
    "otherExpenses": 1612909000,
    "operatingExpenses": 2227950000,
    "costAndExpenses": 20139658000,
    "interestIncome": 13415000,
    "interestExpense": 166613000,
    "depreciationAndAmortization": 785466000,
    "ebitda": 1787617000,
    "ebitdaratio": 0.0887610405,
    "operatingIncome": 0,
    "operatingIncomeRatio": 0,
    "totalOtherIncomeExpensesNet": 835538000,
    "incomeBeforeTax": 835538000,
    "incomeBeforeTaxRatio": 0.041487199,
    "incomeTaxExpense": -490000,
    "netIncome": 721470000,
    "netIncomeRatio": 0.0358233491,
    "eps": 2.37,
    "epsdiluted": 2.36,
    "weightedAverageShsOut": 303168000,
    "weightedAverageShsOutDil": 303271000,
    "link": "https://www.sec.gov/Archives/edgar/data/73309/000156459021009503/0001564590-21-009503-index.htm",
    "finalLink": "https://www.sec.gov/Archives/edgar/data/73309/000156459021009503/nue-10k_20201231.htm"
  },
  {
    "date": "2019-12-31",
    "symbol": "NUE",
    "reportedCurrency": "USD",
    "cik": "0000073309",
    "fillingDate": "2020-02-28",
    "acceptedDate": "2020-02-28 16:09:21",
    "calendarYear": "2019",
    "period": "FY",
    "revenue": 22588858000,
    "costOfRevenue": 19909773000,
    "grossProfit": 2679085000,
    "grossProfitRatio": 0.1186020559,
    "researchAndDevelopmentExpenses": 0,
    "generalAndAdministrativeExpenses": 0,
    "sellingAndMarketingExpenses": 0,
    "sellingGeneralAndAdministrativeExpenses": 711248000,
    "otherExpenses": 0,
    "operatingExpenses": 711248000,
    "costAndExpenses": 20621021000,
    "interestIncome": 39831000,
    "interestExpense": 161256000,
    "depreciationAndAmortization": 734653000,
    "ebitda": 2678716000,
    "ebitdaratio": 0.1185857204,
    "operatingIncome": 1967837000,
    "operatingIncomeRatio": 0.0871153823,
    "totalOtherIncomeExpensesNet": -185030000,
    "incomeBeforeTax": 1782807000,
    "incomeBeforeTaxRatio": 0.0789241758,
    "incomeTaxExpense": 411897000,
    "netIncome": 1271143000,
    "netIncomeRatio": 0.0562730086,
    "eps": 4.14,
    "epsdiluted": 4.14,
    "weightedAverageShsOut": 305040000,
    "weightedAverageShsOutDil": 305503000,
    "link": "https://www.sec.gov/Archives/edgar/data/73309/000156459020007794/0001564590-20-007794-index.htm",
    "finalLink": "https://www.sec.gov/Archives/edgar/data/73309/000156459020007794/nue-10k_20191231.htm"
  },
  {
    "date": "2018-12-31",
    "symbol": "NUE",
    "reportedCurrency": "USD",
    "cik": "0000073309",
    "fillingDate": "2019-02-28",
    "acceptedDate": "2019-02-28 16:42:26",
    "calendarYear": "2018",
    "period": "FY",
    "revenue": 25067279000,
    "costOfRevenue": 20771871000,
    "grossProfit": 4295408000,
    "grossProfitRatio": 0.1713551758,
    "researchAndDevelopmentExpenses": 0,
    "generalAndAdministrativeExpenses": 0,
    "sellingAndMarketingExpenses": 0,
    "sellingGeneralAndAdministrativeExpenses": 860722000,
    "otherExpenses": 0,
    "operatingExpenses": 860722000,
    "costAndExpenses": 21632593000,
    "interestIncome": 25721000,
    "interestExpense": 161256000,
    "depreciationAndAmortization": 719637000,
    "ebitda": 4110284000,
    "ebitdaratio": 0.1639700903,
    "operatingIncome": 3434686000,
    "operatingIncomeRatio": 0.1370187008,
    "totalOtherIncomeExpensesNet": -205295000,
    "incomeBeforeTax": 3229391000,
    "incomeBeforeTaxRatio": 0.1288289407,
    "incomeTaxExpense": 748307000,
    "netIncome": 2360767000,
    "netIncomeRatio": 0.094177234,
    "eps": 7.47,
    "epsdiluted": 7.45,
    "weightedAverageShsOut": 315858000,
    "weightedAverageShsOutDil": 316733000,
    "link": "https://www.sec.gov/Archives/edgar/data/73309/000119312519057744/0001193125-19-057744-index.htm",
    "finalLink": "https://www.sec.gov/Archives/edgar/data/73309/000119312519057744/d691427d10k.htm"
  },
  {
    "date": "2017-12-31",
    "symbol": "NUE",
    "reportedCurrency": "USD",
    "cik": "0000073309",
    "fillingDate": "2018-02-28",
    "acceptedDate": "2018-02-28 16:22:31",
    "calendarYear": "2017",
    "period": "FY",
    "revenue": 20252393000,
    "costOfRevenue": 17682986000,
    "grossProfit": 2569407000,
    "grossProfitRatio": 0.1268693038,
    "researchAndDevelopmentExpenses": 0,
    "generalAndAdministrativeExpenses": 0,
    "sellingAndMarketingExpenses": 0,
    "sellingGeneralAndAdministrativeExpenses": 687531000,
    "otherExpenses": 0,
    "operatingExpenses": 687531000,
    "costAndExpenses": 18370517000,
    "interestIncome": 13702000,
    "interestExpense": 187282000,
    "depreciationAndAmortization": 727061000,
    "ebitda": 2664300000,
    "ebitdaratio": 0.1315548242,
    "operatingIncome": 1881876000,
    "operatingIncomeRatio": 0.0929211674,
    "totalOtherIncomeExpensesNet": -131919000,
    "incomeBeforeTax": 1749957000,
    "incomeBeforeTaxRatio": 0.0864074186,
    "incomeTaxExpense": 369386000,
    "netIncome": 1318688000,
    "netIncomeRatio": 0.0651127005,
    "eps": 4.11,
    "epsdiluted": 4.1,
    "weightedAverageShsOut": 319990000,
    "weightedAverageShsOutDil": 320773000,
    "link": "https://www.sec.gov/Archives/edgar/data/73309/000119312518064018/0001193125-18-064018-index.htm",
    "finalLink": "https://www.sec.gov/Archives/edgar/data/73309/000119312518064018/d441208d10k.htm"
  },
  {
    "date": "2016-12-31",
    "symbol": "NUE",
    "reportedCurrency": "USD",
    "cik": "0000073309",
    "fillingDate": "2017-02-28",
    "acceptedDate": "2017-02-28 15:38:21",
    "calendarYear": "2016",
    "period": "FY",
    "revenue": 16208122000,
    "costOfRevenue": 14182215000,
    "grossProfit": 2025907000,
    "grossProfitRatio": 0.1249933212,
    "researchAndDevelopmentExpenses": 0,
    "generalAndAdministrativeExpenses": 0,
    "sellingAndMarketingExpenses": 0,
    "sellingGeneralAndAdministrativeExpenses": 596761000,
    "otherExpenses": 0,
    "operatingExpenses": 596761000,
    "costAndExpenses": 14778976000,
    "interestIncome": 11935000,
    "interestExpense": 181179000,
    "depreciationAndAmortization": 687054000,
    "ebitda": 2166892000,
    "ebitdaratio": 0.133691738,
    "operatingIncome": 1429146000,
    "operatingIncomeRatio": 0.0881746818,
    "totalOtherIncomeExpensesNet": -130487000,
    "incomeBeforeTax": 1298659000,
    "incomeBeforeTaxRatio": 0.080123965,
    "incomeTaxExpense": 398243000,
    "netIncome": 796271000,
    "netIncomeRatio": 0.0491279002,
    "eps": 2.48,
    "epsdiluted": 2.48,
    "weightedAverageShsOut": 319563000,
    "weightedAverageShsOutDil": 319822000,
    "link": "https://www.sec.gov/Archives/edgar/data/73309/000119312517062124/0001193125-17-062124-index.htm",
    "finalLink": "https://www.sec.gov/Archives/edgar/data/73309/000119312517062124/d298801d10k.htm"
  },
  {
    "date": "2015-12-31",
    "symbol": "NUE",
    "reportedCurrency": "USD",
    "cik": "0000073309",
    "fillingDate": "2016-02-26",
    "acceptedDate": "2016-02-26 13:50:27",
    "calendarYear": "2015",
    "period": "FY",
    "revenue": 16439276000,
    "costOfRevenue": 15325386000,
    "grossProfit": 1113890000,
    "grossProfitRatio": 0.0677578502,
    "researchAndDevelopmentExpenses": 0,
    "generalAndAdministrativeExpenses": 0,
    "sellingAndMarketingExpenses": 0,
    "sellingGeneralAndAdministrativeExpenses": 458989000,
    "otherExpenses": 0,
    "operatingExpenses": 458989000,
    "costAndExpenses": 15784375000,
    "interestIncome": 4012000,
    "interestExpense": 177543000,
    "depreciationAndAmortization": 700017000,
    "ebitda": 1119426000,
    "ebitdaratio": 0.0680946047,
    "operatingIncome": 654901000,
    "operatingIncomeRatio": 0.0398375817,
    "totalOtherIncomeExpensesNet": -413035000,
    "incomeBeforeTax": 241866000,
    "incomeBeforeTaxRatio": 0.0147126917,
    "incomeTaxExpense": 213154000,
    "netIncome": 357659000,
    "netIncomeRatio": 0.0217563718,
    "eps": 1.11,
    "epsdiluted": 1.11,
    "weightedAverageShsOut": 320565000,
    "weightedAverageShsOutDil": 320693000,
    "link": "https://www.sec.gov/Archives/edgar/data/73309/000119312516481119/0001193125-16-481119-index.htm",
    "finalLink": "https://www.sec.gov/Archives/edgar/data/73309/000119312516481119/d71252d10k.htm"
  },
  {
    "date": "2014-12-31",
    "symbol": "NUE",
    "reportedCurrency": "USD",
    "cik": "0000073309",
    "fillingDate": "2015-02-27",
    "acceptedDate": "2015-02-27 14:16:11",
    "calendarYear": "2014",
    "period": "FY",
    "revenue": 21105141000,
    "costOfRevenue": 19255904000,
    "grossProfit": 1849237000,
    "grossProfitRatio": 0.0876202154,
    "researchAndDevelopmentExpenses": 0,
    "generalAndAdministrativeExpenses": 0,
    "sellingAndMarketingExpenses": 0,
    "sellingGeneralAndAdministrativeExpenses": 520805000,
    "otherExpenses": 0,
    "operatingExpenses": 520805000,
    "costAndExpenses": 19776709000,
    "interestIncome": 4886000,
    "interestExpense": 174142000,
    "depreciationAndAmortization": 724423000,
    "ebitda": 2045853000,
    "ebitdaratio": 0.0969362394,
    "operatingIncome": 1328432000,
    "operatingIncomeRatio": 0.0629435264,
    "totalOtherIncomeExpensesNet": -181144000,
    "incomeBeforeTax": 1147288000,
    "incomeBeforeTaxRatio": 0.0543605939,
    "incomeTaxExpense": 388787000,
    "netIncome": 713946000,
    "netIncomeRatio": 0.0338280611,
    "eps": 2.22,
    "epsdiluted": 2.22,
    "weightedAverageShsOut": 319838000,
    "weightedAverageShsOutDil": 320127000,
    "link": "https://www.sec.gov/Archives/edgar/data/73309/000119312515068895/0001193125-15-068895-index.htm",
    "finalLink": "https://www.sec.gov/Archives/edgar/data/73309/000119312515068895/d823860d10k.htm"
  },
  {
    "date": "2013-12-31",
    "symbol": "NUE",
    "reportedCurrency": "USD",
    "cik": "0000073309",
    "fillingDate": "2014-02-28",
    "acceptedDate": "2014-02-28 16:14:09",
    "calendarYear": "2013",
    "period": "FY",
    "revenue": 19052046000,
    "costOfRevenue": 17641421000,
    "grossProfit": 1410625000,
    "grossProfitRatio": 0.0740406044,
    "researchAndDevelopmentExpenses": 0,
    "generalAndAdministrativeExpenses": 0,
    "sellingAndMarketingExpenses": 0,
    "sellingGeneralAndAdministrativeExpenses": 467904000,
    "otherExpenses": 0,
    "operatingExpenses": 467904000,
    "costAndExpenses": 18109325000,
    "interestIncome": 5091000,
    "interestExpense": 151986000,
    "depreciationAndAmortization": 610208000,
    "ebitda": 1553317000,
    "ebitdaratio": 0.0815301937,
    "operatingIncome": 942721000,
    "operatingIncomeRatio": 0.0494813523,
    "totalOtherIncomeExpensesNet": -151598000,
    "incomeBeforeTax": 791123000,
    "incomeBeforeTaxRatio": 0.0415243066,
    "incomeTaxExpense": 205594000,
    "netIncome": 488025000,
    "netIncomeRatio": 0.0256153591,
    "eps": 1.52,
    "epsdiluted": 1.52,
    "weightedAverageShsOut": 319077000,
    "weightedAverageShsOutDil": 319266000,
    "link": "https://www.sec.gov/Archives/edgar/data/73309/000119312514077349/0001193125-14-077349-index.htm",
    "finalLink": "https://www.sec.gov/Archives/edgar/data/73309/000119312514077349/d642821d10k.htm"
  },
  {
    "date": "2012-12-31",
    "symbol": "NUE",
    "reportedCurrency": "USD",
    "cik": "0000073309",
    "fillingDate": "2013-02-28",
    "acceptedDate": "2013-02-28 16:41:59",
    "calendarYear": "2012",
    "period": "FY",
    "revenue": 19429273000,
    "costOfRevenue": 17915735000,
    "grossProfit": 1513538000,
    "grossProfitRatio": 0.0778998782,
    "researchAndDevelopmentExpenses": 0,
    "generalAndAdministrativeExpenses": 0,
    "sellingAndMarketingExpenses": 0,
    "sellingGeneralAndAdministrativeExpenses": 454900000,
    "otherExpenses": 0,
    "operatingExpenses": 454900000,
    "costAndExpenses": 18370635000,
    "interestIncome": 11128000,
    "interestExpense": 173503000,
    "depreciationAndAmortization": 607021000,
    "ebitda": 1633464000,
    "ebitdaratio": 0.0840723171,
    "operatingIncome": 1058638000,
    "operatingIncomeRatio": 0.0544867531,
    "totalOtherIncomeExpensesNet": -205698000,
    "incomeBeforeTax": 852940000,
    "incomeBeforeTaxRatio": 0.0438997383,
    "incomeTaxExpense": 259814000,
    "netIncome": 504619000,
    "netIncomeRatio": 0.0259720989,
    "eps": 1.58,
    "epsdiluted": 1.58,
    "weightedAverageShsOut": 318172000,
    "weightedAverageShsOutDil": 318240000,
    "link": "https://www.sec.gov/Archives/edgar/data/73309/000119312513084517/0001193125-13-084517-index.htm",
    "finalLink": "https://www.sec.gov/Archives/edgar/data/73309/000119312513084517/d453872d10k.htm"
  },
  {
    "date": "2011-12-31",
    "symbol": "NUE",
    "reportedCurrency": "USD",
    "cik": "0000073309",
    "fillingDate": "2012-02-28",
    "acceptedDate": "2012-02-28 11:36:31",
    "calendarYear": "2011",
    "period": "FY",
    "revenue": 20023564000,
    "costOfRevenue": 18142144000,
    "grossProfit": 1881420000,
    "grossProfitRatio": 0.093960296,
    "researchAndDevelopmentExpenses": 0,
    "generalAndAdministrativeExpenses": 0,
    "sellingAndMarketingExpenses": 0,
    "sellingGeneralAndAdministrativeExpenses": 439528000,
    "otherExpenses": 0,
    "operatingExpenses": 439528000,
    "costAndExpenses": 18581672000,
    "interestIncome": 12718000,
    "interestExpense": 178812000,
    "depreciationAndAmortization": 590400000,
    "ebitda": 2021024000,
    "ebitdaratio": 0.1009322816,
    "operatingIncome": 1441892000,
    "operatingIncomeRatio": 0.0720097581,
    "totalOtherIncomeExpensesNet": -190080000,
    "incomeBeforeTax": 1251812000,
    "incomeBeforeTaxRatio": 0.0625169425,
    "incomeTaxExpense": 390828000,
    "netIncome": 778188000,
    "netIncomeRatio": 0.0388636109,
    "eps": 2.45,
    "epsdiluted": 2.45,
    "weightedAverageShsOut": 316997000,
    "weightedAverageShsOutDil": 317161000,
    "link": "https://www.sec.gov/Archives/edgar/data/73309/000119312512083972/0001193125-12-083972-index.htm",
    "finalLink": "https://www.sec.gov/Archives/edgar/data/73309/000119312512083972/d264673d10k.htm"
  },
  {
    "date": "2010-12-31",
    "symbol": "NUE",
    "reportedCurrency": "USD",
    "cik": "0000073309",
    "fillingDate": "2011-02-28",
    "acceptedDate": "2011-02-28 13:52:14",
    "calendarYear": "2010",
    "period": "FY",
    "revenue": 15844627000,
    "costOfRevenue": 15060882000,
    "grossProfit": 783745000,
    "grossProfitRatio": 0.049464402,
    "researchAndDevelopmentExpenses": 0,
    "generalAndAdministrativeExpenses": 0,
    "sellingAndMarketingExpenses": 0,
    "sellingGeneralAndAdministrativeExpenses": 331455000,
    "otherExpenses": 0,
    "operatingExpenses": 331455000,
    "costAndExpenses": 15392337000,
    "interestIncome": 8047000,
    "interestExpense": 161140000,
    "depreciationAndAmortization": 582602000,
    "ebitda": 1010857000,
    "ebitdaratio": 0.0637980938,
    "operatingIncome": 452290000,
    "operatingIncomeRatio": 0.0285453233,
    "totalOtherIncomeExpensesNet": -185175000,
    "incomeBeforeTax": 267115000,
    "incomeBeforeTaxRatio": 0.0168583962,
    "incomeTaxExpense": 60792000,
    "netIncome": 134092000,
    "netIncomeRatio": 0.0084629319,
    "eps": 0.42,
    "epsdiluted": 0.42,
    "weightedAverageShsOut": 315962000,
    "weightedAverageShsOutDil": 316510000,
    "link": "https://www.sec.gov/Archives/edgar/data/73309/000119312511049351/0001193125-11-049351-index.htm",
    "finalLink": "https://www.sec.gov/Archives/edgar/data/73309/000119312511049351/d10k.htm"
  },
  {
    "date": "2009-12-31",
    "symbol": "NUE",
    "reportedCurrency": "USD",
    "cik": "0000073309",
    "fillingDate": "2010-02-25",
    "acceptedDate": "2010-02-25 16:15:59",
    "calendarYear": "2009",
    "period": "FY",
    "revenue": 11190296000,
    "costOfRevenue": 11035903000,
    "grossProfit": 154393000,
    "grossProfitRatio": 0.0137970434,
    "researchAndDevelopmentExpenses": 0,
    "generalAndAdministrativeExpenses": 0,
    "sellingAndMarketingExpenses": 0,
    "sellingGeneralAndAdministrativeExpenses": 348478000,
    "otherExpenses": 0,
    "operatingExpenses": 348478000,
    "costAndExpenses": 11384381000,
    "interestIncome": 15170000,
    "interestExpense": 134752000,
    "depreciationAndAmortization": 566423000,
    "ebitda": 287197000,
    "ebitdaratio": 0.025664826,
    "operatingIncome": -194085000,
    "operatingIncomeRatio": -0.0173440452,
    "totalOtherIncomeExpensesNet": -219893000,
    "incomeBeforeTax": -413978000,
    "incomeBeforeTaxRatio": -0.0369943744,
    "incomeTaxExpense": -176800000,
    "netIncome": -293613000,
    "netIncomeRatio": -0.0262381799,
    "eps": -0.93,
    "epsdiluted": -0.93,
    "weightedAverageShsOut": 314873000,
    "weightedAverageShsOutDil": 314873000,
    "link": "https://www.sec.gov/Archives/edgar/data/73309/000119312510040686/0001193125-10-040686-index.htm",
    "finalLink": "https://www.sec.gov/Archives/edgar/data/73309/000119312510040686/d10k.htm"
  },
  {
    "date": "2008-12-31",
    "symbol": "NUE",
    "reportedCurrency": "USD",
    "cik": "0000073309",
    "fillingDate": "2009-02-26",
    "acceptedDate": "2009-02-26 13:12:43",
    "calendarYear": "2008",
    "period": "FY",
    "revenue": 23663324000,
    "costOfRevenue": 19612283000,
    "grossProfit": 4051041000,
    "grossProfitRatio": 0.171194926,
    "researchAndDevelopmentExpenses": 0,
    "generalAndAdministrativeExpenses": 0,
    "sellingAndMarketingExpenses": 0,
    "sellingGeneralAndAdministrativeExpenses": 714064000,
    "otherExpenses": 36920000,
    "operatingExpenses": 750984000,
    "costAndExpenses": 20363267000,
    "interestIncome": 44071000,
    "interestExpense": 134554000,
    "depreciationAndAmortization": 548907000,
    "ebitda": 3787852000,
    "ebitdaratio": 0.1600726931,
    "operatingIncome": 3300057000,
    "operatingIncomeRatio": 0.1394587252,
    "totalOtherIncomeExpensesNet": -195666000,
    "incomeBeforeTax": 3104391000,
    "incomeBeforeTaxRatio": 0.1311899799,
    "incomeTaxExpense": 959480000,
    "netIncome": 1830990000,
    "netIncomeRatio": 0.0773767033,
    "eps": 6.01,
    "epsdiluted": 5.98,
    "weightedAverageShsOut": 304525000,
    "weightedAverageShsOutDil": 306092000,
    "link": "https://www.sec.gov/Archives/edgar/data/73309/000119312509038676/0001193125-09-038676-index.htm",
    "finalLink": "https://www.sec.gov/Archives/edgar/data/73309/000119312509038676/d10k.htm"
  },
  {
    "date": "2007-12-31",
    "symbol": "NUE",
    "reportedCurrency": "USD",
    "cik": "0000073309",
    "fillingDate": "2008-02-27",
    "acceptedDate": "2008-02-27 11:32:24",
    "calendarYear": "2007",
    "period": "FY",
    "revenue": 16592976000,
    "costOfRevenue": 13462927000,
    "grossProfit": 3130049000,
    "grossProfitRatio": 0.1886369871,
    "researchAndDevelopmentExpenses": 0,
    "generalAndAdministrativeExpenses": 0,
    "sellingAndMarketingExpenses": 0,
    "sellingGeneralAndAdministrativeExpenses": 577764000,
    "otherExpenses": 0,
    "operatingExpenses": 577764000,
    "costAndExpenses": 14040691000,
    "interestIncome": 0,
    "interestExpense": 0,
    "depreciationAndAmortization": 427556000,
    "ebitda": 2979841000,
    "ebitdaratio": 0.179584482,
    "operatingIncome": 2552285000,
    "operatingIncomeRatio": 0.1538171935,
    "totalOtherIncomeExpensesNet": -298970000,
    "incomeBeforeTax": 2253315000,
    "incomeBeforeTaxRatio": 0.1357993286,
    "incomeTaxExpense": 781368000,
    "netIncome": 1471947000,
    "netIncomeRatio": 0.0887090417,
    "eps": 4.98,
    "epsdiluted": 4.94,
    "weightedAverageShsOut": 295571687,
    "weightedAverageShsOutDil": 297964980,
    "link": "https://www.sec.gov/Archives/edgar/data/73309/000119312508039702/0001193125-08-039702-index.htm",
    "finalLink": "https://www.sec.gov/Archives/edgar/data/73309/000119312508039702/d10k.htm"
  },
  {
    "date": "2006-12-31",
    "symbol": "NUE",
    "reportedCurrency": "USD",
    "cik": "0000073309",
    "fillingDate": "2007-02-28",
    "acceptedDate": "2007-02-28 09:48:37",
    "calendarYear": "2006",
    "period": "FY",
    "revenue": 14751270000,
    "costOfRevenue": 11284606000,
    "grossProfit": 3466664000,
    "grossProfitRatio": 0.2350078332,
    "researchAndDevelopmentExpenses": 0,
    "generalAndAdministrativeExpenses": 0,
    "sellingAndMarketingExpenses": 0,
    "sellingGeneralAndAdministrativeExpenses": 592473000,
    "otherExpenses": 0,
    "operatingExpenses": 592473000,
    "costAndExpenses": 11877079000,
    "interestIncome": 0,
    "interestExpense": 0,
    "depreciationAndAmortization": 363936000,
    "ebitda": 3238127000,
    "ebitdaratio": 0.2195151333,
    "operatingIncome": 2874191000,
    "operatingIncomeRatio": 0.1948436304,
    "totalOtherIncomeExpensesNet": -181756000,
    "incomeBeforeTax": 2692435000,
    "incomeBeforeTaxRatio": 0.1825222506,
    "incomeTaxExpense": 936137000,
    "netIncome": 1757681000,
    "netIncomeRatio": 0.1191545542,
    "eps": 5.73,
    "epsdiluted": 5.68,
    "weightedAverageShsOut": 306593717,
    "weightedAverageShsOutDil": 309292606,
    "link": "https://www.sec.gov/Archives/edgar/data/73309/000119312507041965/0001193125-07-041965-index.htm",
    "finalLink": "https://www.sec.gov/Archives/edgar/data/73309/000119312507041965/d10k.htm"
  },
  {
    "date": "2005-12-31",
    "symbol": "NUE",
    "reportedCurrency": "USD",
    "cik": "0000073309",
    "fillingDate": "2006-11-20",
    "acceptedDate": "2006-11-20 16:54:30",
    "calendarYear": "2005",
    "period": "FY",
    "revenue": 12700999000,
    "costOfRevenue": 10108805000,
    "grossProfit": 2592194000,
    "grossProfitRatio": 0.2040937095,
    "researchAndDevelopmentExpenses": 0,
    "generalAndAdministrativeExpenses": 0,
    "sellingAndMarketingExpenses": 0,
    "sellingGeneralAndAdministrativeExpenses": 459460000,
    "otherExpenses": 0,
    "operatingExpenses": 459460000,
    "costAndExpenses": 10568265000,
    "interestIncome": 0,
    "interestExpense": 0,
    "depreciationAndAmortization": 375054000,
    "ebitda": 2507788000,
    "ebitdaratio": 0.1974480905,
    "operatingIncome": 2132734000,
    "operatingIncomeRatio": 0.1679186023,
    "totalOtherIncomeExpensesNet": -105651000,
    "incomeBeforeTax": 2027083000,
    "incomeBeforeTaxRatio": 0.1596002803,
    "incomeTaxExpense": 706084000,
    "netIncome": 1310284000,
    "netIncomeRatio": 0.1031638535,
    "eps": 4.19,
    "epsdiluted": 4.15,
    "weightedAverageShsOut": 314379236,
    "weightedAverageShsOutDil": 317409398,
    "link": "https://www.sec.gov/Archives/edgar/data/73309/000119312506239330/0001193125-06-239330-index.htm",
    "finalLink": "https://www.sec.gov/Archives/edgar/data/73309/000119312506239330/d10ka.htm"
  },
  {
    "date": "2004-12-31",
    "symbol": "NUE",
    "reportedCurrency": "USD",
    "cik": "0000073309",
    "fillingDate": "2005-03-08",
    "acceptedDate": "2005-03-08 17:32:02",
    "calendarYear": "2004",
    "period": "FY",
    "revenue": 11376828000,
    "costOfRevenue": 9128872000,
    "grossProfit": 2247956000,
    "grossProfitRatio": 0.197590752,
    "researchAndDevelopmentExpenses": 0,
    "generalAndAdministrativeExpenses": 0,
    "sellingAndMarketingExpenses": 0,
    "sellingGeneralAndAdministrativeExpenses": 415030000,
    "otherExpenses": 0,
    "operatingExpenses": 415030000,
    "costAndExpenses": 9543902000,
    "interestIncome": 0,
    "interestExpense": 0,
    "depreciationAndAmortization": 383305000,
    "ebitda": 2216231000,
    "ebitdaratio": 0.1948021892,
    "operatingIncome": 1832926000,
    "operatingIncomeRatio": 0.1611104607,
    "totalOtherIncomeExpensesNet": -101650000,
    "incomeBeforeTax": 1731276000,
    "incomeBeforeTaxRatio": 0.1521756328,
    "incomeTaxExpense": 609791000,
    "netIncome": 1121485000,
    "netIncomeRatio": 0.0985762464,
    "eps": 3.53,
    "epsdiluted": 3.5,
    "weightedAverageShsOut": 317701133,
    "weightedAverageShsOutDil": 320424286,
    "link": "https://www.sec.gov/Archives/edgar/data/73309/000119312505044753/0001193125-05-044753-index.htm",
    "finalLink": "https://www.sec.gov/Archives/edgar/data/73309/000119312505044753/d10k.htm"
  },
  {
    "date": "2003-12-31",
    "symbol": "NUE",
    "reportedCurrency": "USD",
    "cik": "0000073309",
    "fillingDate": "2004-03-12",
    "acceptedDate": "2004-03-12 17:28:28",
    "calendarYear": "2003",
    "period": "FY",
    "revenue": 6265823467,
    "costOfRevenue": 5996547199,
    "grossProfit": 269276268,
    "grossProfitRatio": 0.0429753997,
    "researchAndDevelopmentExpenses": 0,
    "generalAndAdministrativeExpenses": 0,
    "sellingAndMarketingExpenses": 0,
    "sellingGeneralAndAdministrativeExpenses": 165369035,
    "otherExpenses": 0,
    "operatingExpenses": 165369035,
    "costAndExpenses": 6161916234,
    "interestIncome": 0,
    "interestExpense": 0,
    "depreciationAndAmortization": 364111924,
    "ebitda": 468019157,
    "ebitdaratio": 0.0746939583,
    "operatingIncome": 103907233,
    "operatingIncomeRatio": 0.0165831728,
    "totalOtherIncomeExpensesNet": -37030010,
    "incomeBeforeTax": 66877223,
    "incomeBeforeTaxRatio": 0.0106733334,
    "incomeTaxExpense": 4096000,
    "netIncome": 62781223,
    "netIncomeRatio": 0.0100196284,
    "eps": 0.2,
    "epsdiluted": 0.2,
    "weightedAverageShsOut": 313906115,
    "weightedAverageShsOutDil": 313906115,
    "link": "https://www.sec.gov/Archives/edgar/data/73309/000119312504040741/0001193125-04-040741-index.htm",
    "finalLink": "https://www.sec.gov/Archives/edgar/data/73309/000119312504040741/d10k.htm"
  },
  {
    "date": "2002-12-31",
    "symbol": "NUE",
    "reportedCurrency": "USD",
    "cik": "0000073309",
    "fillingDate": "2003-03-25",
    "acceptedDate": "2003-03-25 13:57:01",
    "calendarYear": "2002",
    "period": "FY",
    "revenue": 4801776537,
    "costOfRevenue": 4332277330,
    "grossProfit": 469499207,
    "grossProfitRatio": 0.0977761467,
    "researchAndDevelopmentExpenses": 0,
    "generalAndAdministrativeExpenses": 0,
    "sellingAndMarketingExpenses": 0,
    "sellingGeneralAndAdministrativeExpenses": 175588347,
    "otherExpenses": 0,
    "operatingExpenses": 175588347,
    "costAndExpenses": 4507865677,
    "interestIncome": 0,
    "interestExpense": 0,
    "depreciationAndAmortization": 307101032,
    "ebitda": 601011892,
    "ebitdaratio": 0.125164486,
    "operatingIncome": 293910860,
    "operatingIncomeRatio": 0.0612087751,
    "totalOtherIncomeExpensesNet": -63857845,
    "incomeBeforeTax": 230053015,
    "incomeBeforeTaxRatio": 0.0479099794,
    "incomeTaxExpense": 67973000,
    "netIncome": 162080015,
    "netIncomeRatio": 0.033754177,
    "eps": 0.52,
    "epsdiluted": 0.52,
    "weightedAverageShsOut": 311692337,
    "weightedAverageShsOutDil": 313198097,
    "link": "https://www.sec.gov/Archives/edgar/data/73309/000102140803004888/0001021408-03-004888-index.htm",
    "finalLink": "https://www.sec.gov/Archives/edgar/data/73309/000102140803004888/d10k.htm"
  },
  {
    "date": "2001-12-31",
    "symbol": "NUE",
    "reportedCurrency": "USD",
    "cik": "0000073309",
    "fillingDate": "2002-03-22",
    "acceptedDate": "2002-03-22 00:00:00",
    "calendarYear": "2001",
    "period": "FY",
    "revenue": 4333706754,
    "costOfRevenue": 3914278371,
    "grossProfit": 419428383,
    "grossProfitRatio": 0.0967828251,
    "researchAndDevelopmentExpenses": 0,
    "generalAndAdministrativeExpenses": 138559488,
    "sellingAndMarketingExpenses": 0,
    "sellingGeneralAndAdministrativeExpenses": 150665488,
    "otherExpenses": 0,
    "operatingExpenses": 150665488,
    "costAndExpenses": 4064943859,
    "interestIncome": 0,
    "interestExpense": 0,
    "depreciationAndAmortization": 289063213,
    "ebitda": 557826108,
    "ebitdaratio": 0.1287180097,
    "operatingIncome": 268762895,
    "operatingIncomeRatio": 0.0620168623,
    "totalOtherIncomeExpensesNet": -89393888,
    "incomeBeforeTax": 179369007,
    "incomeBeforeTaxRatio": 0.0413892811,
    "incomeTaxExpense": 60900000,
    "netIncome": 112961007,
    "netIncomeRatio": 0.0260656785,
    "eps": 0.36,
    "epsdiluted": 0.36,
    "weightedAverageShsOut": 310831328,
    "weightedAverageShsOutDil": 311132976,
    "link": "https://www.sec.gov/Archives/edgar/data/73309/000095016802000432/0000950168-02-000432-index.htm",
    "finalLink": "https://www.sec.gov/Archives/edgar/data/73309/000095016802000432/d10k.txt"
  },
  {
    "date": "2000-12-31",
    "symbol": "NUE",
    "reportedCurrency": "USD",
    "cik": "0000073309",
    "fillingDate": "2001-03-28",
    "acceptedDate": "2001-03-28 00:00:00",
    "calendarYear": "2000",
    "period": "FY",
    "revenue": 4756521134,
    "costOfRevenue": 3929181904,
    "grossProfit": 827339230,
    "grossProfitRatio": 0.1739378858,
    "researchAndDevelopmentExpenses": 0,
    "generalAndAdministrativeExpenses": 183175557,
    "sellingAndMarketingExpenses": 0,
    "sellingGeneralAndAdministrativeExpenses": 183175557,
    "otherExpenses": 0,
    "operatingExpenses": 183175557,
    "costAndExpenses": 4112357461,
    "interestIncome": 0,
    "interestExpense": 0,
    "depreciationAndAmortization": 259365173,
    "ebitda": 903528846,
    "ebitdaratio": 0.1899558145,
    "operatingIncome": 644163673,
    "operatingIncomeRatio": 0.1354274805,
    "totalOtherIncomeExpensesNet": -150645685,
    "incomeBeforeTax": 493517988,
    "incomeBeforeTaxRatio": 0.1037560801,
    "incomeTaxExpense": 167400000,
    "netIncome": 310907988,
    "netIncomeRatio": 0.0653645762,
    "eps": 0.95,
    "epsdiluted": 0.95,
    "weightedAverageShsOut": 327271566,
    "weightedAverageShsOutDil": 327271566,
    "link": "https://www.sec.gov/Archives/edgar/data/73309/000095016801000600/0000950168-01-000600-index.htm",
    "finalLink": "https://www.sec.gov/Archives/edgar/data/73309/000095016801000600/0000950168-01-000600-0001.txt"
  },
  {
    "date": "1999-12-31",
    "symbol": "NUE",
    "reportedCurrency": "USD",
    "cik": "0000073309",
    "fillingDate": "2000-03-23",
    "acceptedDate": "2000-03-23 00:00:00",
    "calendarYear": "1999",
    "period": "FY",
    "revenue": 4009300000,
    "costOfRevenue": 3223900000,
    "grossProfit": 785400000,
    "grossProfitRatio": 0.1958945452,
    "researchAndDevelopmentExpenses": 0,
    "generalAndAdministrativeExpenses": 154800000,
    "sellingAndMarketingExpenses": 0,
    "sellingGeneralAndAdministrativeExpenses": 154800000,
    "otherExpenses": 256600000,
    "operatingExpenses": 411400000,
    "costAndExpenses": 3635300000,
    "interestIncome": 0,
    "interestExpense": 0,
    "depreciationAndAmortization": 256600000,
    "ebitda": 630600000,
    "ebitdaratio": 0.157284314,
    "operatingIncome": 374000000,
    "operatingIncomeRatio": 0.0932831168,
    "totalOtherIncomeExpensesNet": 5200000,
    "incomeBeforeTax": 379200000,
    "incomeBeforeTaxRatio": 0.0945801013,
    "incomeTaxExpense": 134600000,
    "netIncome": 244600000,
    "netIncomeRatio": 0.061008156,
    "eps": 0.7,
    "epsdiluted": 0.7,
    "weightedAverageShsOut": 349428571,
    "weightedAverageShsOutDil": 349428571,
    "link": "https://www.sec.gov/Archives/edgar/data/73309/000095016800000669/0000950168-00-000669-index.html",
    "finalLink": "https://www.sec.gov/Archives/edgar/data/73309/000095016800000669/"
  },
  {
    "date": "1998-12-31",
    "symbol": "NUE",
    "reportedCurrency": "USD",
    "cik": "0000073309",
    "fillingDate": "1999-03-24",
    "acceptedDate": "1999-03-24 00:00:00",
    "calendarYear": "1998",
    "period": "FY",
    "revenue": 4151200000,
    "costOfRevenue": 3338700000,
    "grossProfit": 812500000,
    "grossProfitRatio": 0.1957265369,
    "researchAndDevelopmentExpenses": 0,
    "generalAndAdministrativeExpenses": 148000000,
    "sellingAndMarketingExpenses": 0,
    "sellingGeneralAndAdministrativeExpenses": 148000000,
    "otherExpenses": 253100000,
    "operatingExpenses": 401100000,
    "costAndExpenses": 3739800000,
    "interestIncome": 0,
    "interestExpense": 0,
    "depreciationAndAmortization": 253100000,
    "ebitda": 664500000,
    "ebitdaratio": 0.1600741954,
    "operatingIncome": 411400000,
    "operatingIncomeRatio": 0.0991038736,
    "totalOtherIncomeExpensesNet": 3900000,
    "incomeBeforeTax": 415300000,
    "incomeBeforeTaxRatio": 0.100043361,
    "incomeTaxExpense": 151600000,
    "netIncome": 263700000,
    "netIncomeRatio": 0.0635238003,
    "eps": 0.75,
    "epsdiluted": 0.75,
    "weightedAverageShsOut": 351600000,
    "weightedAverageShsOutDil": 351600000,
    "link": "https://www.sec.gov/Archives/edgar/data/73309/000095016899000808/0000950168-99-000808-index.html",
    "finalLink": "https://www.sec.gov/Archives/edgar/data/73309/"
  },
  {
    "date": "1997-12-31",
    "symbol": "NUE",
    "reportedCurrency": "USD",
    "cik": "0000073309",
    "fillingDate": "1998-03-26",
    "acceptedDate": "1998-03-26 00:00:00",
    "calendarYear": "1997",
    "period": "FY",
    "revenue": 4184500000,
    "costOfRevenue": 3360100000,
    "grossProfit": 824400000,
    "grossProfitRatio": 0.1970127853,
    "researchAndDevelopmentExpenses": 0,
    "generalAndAdministrativeExpenses": 145400000,
    "sellingAndMarketingExpenses": 0,
    "sellingGeneralAndAdministrativeExpenses": 145400000,
    "otherExpenses": 218800000,
    "operatingExpenses": 364200000,
    "costAndExpenses": 3724300000,
    "interestIncome": 0,
    "interestExpense": 0,
    "depreciationAndAmortization": 218800000,
    "ebitda": 679000000,
    "ebitdaratio": 0.1622655036,
    "operatingIncome": 460200000,
    "operatingIncomeRatio": 0.1099772972,
    "totalOtherIncomeExpensesNet": 0,
    "incomeBeforeTax": 460200000,
    "incomeBeforeTaxRatio": 0.1099772972,
    "incomeTaxExpense": 165700000,
    "netIncome": 294500000,
    "netIncomeRatio": 0.0703787788,
    "eps": 0.84,
    "epsdiluted": 0.84,
    "weightedAverageShsOut": 351641791,
    "weightedAverageShsOutDil": 351641791,
    "link": "https://www.sec.gov/Archives/edgar/data/73309/000095016898000864/0000950168-98-000864-index.html",
    "finalLink": "https://www.sec.gov/Archives/edgar/data/73309/"
  },
  {
    "date": "1996-12-31",
    "symbol": "NUE",
    "reportedCurrency": "USD",
    "cik": "0000073309",
    "fillingDate": "1997-03-26",
    "acceptedDate": "1997-03-26 00:00:00",
    "calendarYear": "1996",
    "period": "FY",
    "revenue": 3647000000,
    "costOfRevenue": 2957000000,
    "grossProfit": 690000000,
    "grossProfitRatio": 0.1891965999,
    "researchAndDevelopmentExpenses": 0,
    "generalAndAdministrativeExpenses": 120400000,
    "sellingAndMarketingExpenses": 0,
    "sellingGeneralAndAdministrativeExpenses": 120400000,
    "otherExpenses": 182200000,
    "operatingExpenses": 302600000,
    "costAndExpenses": 3259600000,
    "interestIncome": 0,
    "interestExpense": 0,
    "depreciationAndAmortization": 182200000,
    "ebitda": 569600000,
    "ebitdaratio": 0.1561831642,
    "operatingIncome": 387400000,
    "operatingIncomeRatio": 0.1062242939,
    "totalOtherIncomeExpensesNet": 400000,
    "incomeBeforeTax": 387800000,
    "incomeBeforeTaxRatio": 0.1063339731,
    "incomeTaxExpense": 139600000,
    "netIncome": 248200000,
    "netIncomeRatio": 0.0680559364,
    "eps": 0.71,
    "epsdiluted": 0.71,
    "weightedAverageShsOut": 350812721,
    "weightedAverageShsOutDil": 350812721,
    "link": "https://www.sec.gov/Archives/edgar/data/73309/000095016897000699/0000950168-97-000699-index.html",
    "finalLink": "https://www.sec.gov/Archives/edgar/data/73309/"
  },
  {
    "date": "1995-12-31",
    "symbol": "NUE",
    "reportedCurrency": "USD",
    "cik": "0000073309",
    "fillingDate": "1996-03-29",
    "acceptedDate": "1996-03-29 00:00:00",
    "calendarYear": "1995",
    "period": "FY",
    "revenue": 3462000000,
    "costOfRevenue": 2726300000,
    "grossProfit": 735700000,
    "grossProfitRatio": 0.2125072213,
    "researchAndDevelopmentExpenses": 0,
    "generalAndAdministrativeExpenses": 130700000,
    "sellingAndMarketingExpenses": 0,
    "sellingGeneralAndAdministrativeExpenses": 130700000,
    "otherExpenses": 173900000,
    "operatingExpenses": 304600000,
    "costAndExpenses": 3030900000,
    "interestIncome": 0,
    "interestExpense": 0,
    "depreciationAndAmortization": 173900000,
    "ebitda": 605000000,
    "ebitdaratio": 0.1747544772,
    "operatingIncome": 431100000,
    "operatingIncomeRatio": 0.1245233969,
    "totalOtherIncomeExpensesNet": 1200000,
    "incomeBeforeTax": 432300000,
    "incomeBeforeTaxRatio": 0.1248700173,
    "incomeTaxExpense": 157800000,
    "netIncome": 274500000,
    "netIncomeRatio": 0.0792894281,
    "eps": 0.79,
    "epsdiluted": 0.79,
    "weightedAverageShsOut": 349681529,
    "weightedAverageShsOutDil": 349694323,
    "link": "https://www.sec.gov/Archives/edgar/data/73309/000095016896000539/0000950168-96-000539-index.html",
    "finalLink": "https://www.sec.gov/Archives/edgar/data/73309/"
  },
  {
    "date": "1994-12-31",
    "symbol": "NUE",
    "reportedCurrency": "USD",
    "cik": "0000073309",
    "fillingDate": "1995-03-23",
    "acceptedDate": "1995-03-23 00:00:00",
    "calendarYear": "1994",
    "period": "FY",
    "revenue": 2975600000,
    "costOfRevenue": 2334100000,
    "grossProfit": 641500000,
    "grossProfitRatio": 0.2155867724,
    "researchAndDevelopmentExpenses": 0,
    "generalAndAdministrativeExpenses": 113400000,
    "sellingAndMarketingExpenses": 0,
    "sellingGeneralAndAdministrativeExpenses": 113400000,
    "otherExpenses": 157700000,
    "operatingExpenses": 271100000,
    "costAndExpenses": 2605200000,
    "interestIncome": 0,
    "interestExpense": 0,
    "depreciationAndAmortization": 157700000,
    "ebitda": 528100000,
    "ebitdaratio": 0.1774768114,
    "operatingIncome": 370400000,
    "operatingIncomeRatio": 0.1244790967,
    "totalOtherIncomeExpensesNet": -13500000,
    "incomeBeforeTax": 356900000,
    "incomeBeforeTaxRatio": 0.1199421965,
    "incomeTaxExpense": 130300000,
    "netIncome": 226600000,
    "netIncomeRatio": 0.0761527087,
    "eps": 0.65,
    "epsdiluted": 0.65,
    "weightedAverageShsOut": 348615385,
    "weightedAverageShsOutDil": 348771930,
    "link": "https://www.sec.gov/Archives/edgar/data/73309/000095016895000206/0000950168-95-000206-index.html",
    "finalLink": "https://www.sec.gov/Archives/edgar/data/73309/"
  },
  {
    "date": "1993-12-31",
    "symbol": "NUE",
    "reportedCurrency": "USD",
    "cik": "0000073309",
    "fillingDate": "1994-03-24",
    "acceptedDate": "1994-03-24 00:00:00",
    "calendarYear": "1993",
    "period": "FY",
    "revenue": 2253700000,
    "costOfRevenue": 1843500000,
    "grossProfit": 410200000,
    "grossProfitRatio": 0.1820118028,
    "researchAndDevelopmentExpenses": 0,
    "generalAndAdministrativeExpenses": 0,
    "sellingAndMarketingExpenses": 0,
    "sellingGeneralAndAdministrativeExpenses": 87600000,
    "otherExpenses": 122300000,
    "operatingExpenses": 209900000,
    "costAndExpenses": 2053400000,
    "interestIncome": 0,
    "interestExpense": 0,
    "depreciationAndAmortization": 122300000,
    "ebitda": 322600000,
    "ebitdaratio": 0.1431423881,
    "operatingIncome": 200300000,
    "operatingIncomeRatio": 0.0888760705,
    "totalOtherIncomeExpensesNet": -13200000,
    "incomeBeforeTax": 187100000,
    "incomeBeforeTaxRatio": 0.0830190354,
    "incomeTaxExpense": 63600000,
    "netIncome": 123500000,
    "netIncomeRatio": 0.0547987753,
    "eps": 0.36,
    "epsdiluted": 0.36,
    "weightedAverageShsOut": 347887324,
    "weightedAverageShsOutDil": 347887324,
    "link": "https://www.sec.gov/Archives/edgar/data/73309/000095016894000089/0000950168-94-000089-index.html",
    "finalLink": "https://www.sec.gov/Archives/edgar/data/73309/"
  },
  {
    "date": "1992-12-31",
    "symbol": "NUE",
    "reportedCurrency": "USD",
    "cik": "0000073309",
    "fillingDate": "1992-12-31",
    "acceptedDate": "1992-12-31 00:00:00",
    "calendarYear": "1992",
    "period": "FY",
    "revenue": 1619200000,
    "costOfRevenue": 1319600000,
    "grossProfit": 299600000,
    "grossProfitRatio": 0.1850296443,
    "researchAndDevelopmentExpenses": 0,
    "generalAndAdministrativeExpenses": 0,
    "sellingAndMarketingExpenses": 0,
    "sellingGeneralAndAdministrativeExpenses": 76800000,
    "otherExpenses": 97800000,
    "operatingExpenses": 174600000,
    "costAndExpenses": 1494200000,
    "interestIncome": 0,
    "interestExpense": 0,
    "depreciationAndAmortization": 97800000,
    "ebitda": 222800000,
    "ebitdaratio": 0.1375988142,
    "operatingIncome": 125000000,
    "operatingIncomeRatio": 0.0771986166,
    "totalOtherIncomeExpensesNet": -7700000,
    "incomeBeforeTax": 117300000,
    "incomeBeforeTaxRatio": 0.0724431818,
    "incomeTaxExpense": 38100000,
    "netIncome": 79200000,
    "netIncomeRatio": 0.0489130435,
    "eps": 0.23,
    "epsdiluted": 0.23,
    "weightedAverageShsOut": 344347826,
    "weightedAverageShsOutDil": 344347826,
    "link": null,
    "finalLink": null
  },
  {
    "date": "1991-12-31",
    "symbol": "NUE",
    "reportedCurrency": "USD",
    "cik": "0000073309",
    "fillingDate": "1991-12-31",
    "acceptedDate": "1991-12-31 00:00:00",
    "calendarYear": "1991",
    "period": "FY",
    "revenue": 1465500000,
    "costOfRevenue": 1209200000,
    "grossProfit": 256300000,
    "grossProfitRatio": 0.1748891163,
    "researchAndDevelopmentExpenses": 0,
    "generalAndAdministrativeExpenses": 0,
    "sellingAndMarketingExpenses": 0,
    "sellingGeneralAndAdministrativeExpenses": 67000000,
    "otherExpenses": 93600000,
    "operatingExpenses": 160600000,
    "costAndExpenses": 1369800000,
    "interestIncome": 0,
    "interestExpense": 0,
    "depreciationAndAmortization": 93600000,
    "ebitda": 189300000,
    "ebitdaratio": 0.1291709314,
    "operatingIncome": 95700000,
    "operatingIncomeRatio": 0.0653019447,
    "totalOtherIncomeExpensesNet": 100000,
    "incomeBeforeTax": 95800000,
    "incomeBeforeTaxRatio": 0.0653701808,
    "incomeTaxExpense": 31100000,
    "netIncome": 64700000,
    "netIncomeRatio": 0.0441487547,
    "eps": 0.19,
    "epsdiluted": 0.19,
    "weightedAverageShsOut": 345066667,
    "weightedAverageShsOutDil": 345066667,
    "link": null,
    "finalLink": null
  },
  {
    "date": "1990-12-31",
    "symbol": "NUE",
    "reportedCurrency": "USD",
    "cik": "0000073309",
    "fillingDate": "1990-12-31",
    "acceptedDate": "1990-12-31 00:00:00",
    "calendarYear": "1990",
    "period": "FY",
    "revenue": 1481600000,
    "costOfRevenue": 1208100000,
    "grossProfit": 273500000,
    "grossProfitRatio": 0.1845977322,
    "researchAndDevelopmentExpenses": 0,
    "generalAndAdministrativeExpenses": 0,
    "sellingAndMarketingExpenses": 0,
    "sellingGeneralAndAdministrativeExpenses": 70500000,
    "otherExpenses": 85000000,
    "operatingExpenses": 155500000,
    "costAndExpenses": 1363600000,
    "interestIncome": 0,
    "interestExpense": 0,
    "depreciationAndAmortization": 85000000,
    "ebitda": 203000000,
    "ebitdaratio": 0.1370140389,
    "operatingIncome": 118000000,
    "operatingIncomeRatio": 0.0796436285,
    "totalOtherIncomeExpensesNet": -6700000,
    "incomeBeforeTax": 111300000,
    "incomeBeforeTaxRatio": 0.0751214903,
    "incomeTaxExpense": 36200000,
    "netIncome": 75100000,
    "netIncomeRatio": 0.0506884449,
    "eps": 0.22,
    "epsdiluted": 0.22,
    "weightedAverageShsOut": 341363636,
    "weightedAverageShsOutDil": 341363636,
    "link": null,
    "finalLink": null
  },
  {
    "date": "1989-12-31",
    "symbol": "NUE",
    "reportedCurrency": "USD",
    "cik": "0000073309",
    "fillingDate": "1989-12-31",
    "acceptedDate": "1989-12-31 00:00:00",
    "calendarYear": "1989",
    "period": "FY",
    "revenue": 1269000000,
    "costOfRevenue": 1028700000,
    "grossProfit": 240300000,
    "grossProfitRatio": 0.1893617021,
    "researchAndDevelopmentExpenses": 0,
    "generalAndAdministrativeExpenses": 0,
    "sellingAndMarketingExpenses": 0,
    "sellingGeneralAndAdministrativeExpenses": 67000000,
    "otherExpenses": 76600000,
    "operatingExpenses": 143600000,
    "costAndExpenses": 1172300000,
    "interestIncome": 0,
    "interestExpense": 0,
    "depreciationAndAmortization": 76600000,
    "ebitda": 173300000,
    "ebitdaratio": 0.1365642238,
    "operatingIncome": 96700000,
    "operatingIncomeRatio": 0.0762017336,
    "totalOtherIncomeExpensesNet": -11100000,
    "incomeBeforeTax": 85600000,
    "incomeBeforeTaxRatio": 0.0674546887,
    "incomeTaxExpense": 27800000,
    "netIncome": 57800000,
    "netIncomeRatio": 0.0455476753,
    "eps": 0.17,
    "epsdiluted": 0.17,
    "weightedAverageShsOut": 340000000,
    "weightedAverageShsOutDil": 340000000,
    "link": null,
    "finalLink": null
  },
  {
    "date": "1988-12-31",
    "symbol": "NUE",
    "reportedCurrency": "USD",
    "cik": "0000073309",
    "fillingDate": "1988-12-31",
    "acceptedDate": "1988-12-30 19:00:00",
    "calendarYear": "1988",
    "period": "FY",
    "revenue": 1061400000,
    "costOfRevenue": 832900000,
    "grossProfit": 228500000,
    "grossProfitRatio": 0.2152817034,
    "researchAndDevelopmentExpenses": 0,
    "generalAndAdministrativeExpenses": 0,
    "sellingAndMarketingExpenses": 0,
    "sellingGeneralAndAdministrativeExpenses": 62100000,
    "otherExpenses": 56300000,
    "operatingExpenses": 118400000,
    "costAndExpenses": 951300000,
    "interestIncome": 0,
    "interestExpense": 0,
    "depreciationAndAmortization": 56300000,
    "ebitda": 166400000,
    "ebitdaratio": 0.156774072,
    "operatingIncome": 110100000,
    "operatingIncomeRatio": 0.1037309214,
    "totalOtherIncomeExpensesNet": -2500000,
    "incomeBeforeTax": 107600000,
    "incomeBeforeTaxRatio": 0.1013755417,
    "incomeTaxExpense": 36700000,
    "netIncome": 70900000,
    "netIncomeRatio": 0.0667985679,
    "eps": 0.21,
    "epsdiluted": 0.21,
    "weightedAverageShsOut": 337619048,
    "weightedAverageShsOutDil": 337619048,
    "link": "",
    "finalLink": ""
  },
  {
    "date": "1987-12-31",
    "symbol": "NUE",
    "reportedCurrency": "USD",
    "cik": "0000073309",
    "fillingDate": "1987-12-31",
    "acceptedDate": "1987-12-30 19:00:00",
    "calendarYear": "1987",
    "period": "FY",
    "revenue": 851000000,
    "costOfRevenue": 671500000,
    "grossProfit": 179500000,
    "grossProfitRatio": 0.2109283196,
    "researchAndDevelopmentExpenses": 0,
    "generalAndAdministrativeExpenses": 0,
    "sellingAndMarketingExpenses": 0,
    "sellingGeneralAndAdministrativeExpenses": 55400000,
    "otherExpenses": 41800000,
    "operatingExpenses": 97200000,
    "costAndExpenses": 768700000,
    "interestIncome": 0,
    "interestExpense": 0,
    "depreciationAndAmortization": 41800000,
    "ebitda": 124100000,
    "ebitdaratio": 0.1458284371,
    "operatingIncome": 82300000,
    "operatingIncomeRatio": 0.0967097532,
    "totalOtherIncomeExpensesNet": 900000,
    "incomeBeforeTax": 83200000,
    "incomeBeforeTaxRatio": 0.0977673325,
    "incomeTaxExpense": 32700000,
    "netIncome": 50500000,
    "netIncomeRatio": 0.0593419506,
    "eps": 0.15,
    "epsdiluted": 0.15,
    "weightedAverageShsOut": 336666667,
    "weightedAverageShsOutDil": 336666667,
    "link": "",
    "finalLink": ""
  },
  {
    "date": "1986-12-31",
    "symbol": "NUE",
    "reportedCurrency": "USD",
    "cik": "0000073309",
    "fillingDate": "1986-12-31",
    "acceptedDate": "1986-12-30 19:00:00",
    "calendarYear": "1986",
    "period": "FY",
    "revenue": 755200000,
    "costOfRevenue": 575500000,
    "grossProfit": 179700000,
    "grossProfitRatio": 0.2379502119,
    "researchAndDevelopmentExpenses": 0,
    "generalAndAdministrativeExpenses": 0,
    "sellingAndMarketingExpenses": 0,
    "sellingGeneralAndAdministrativeExpenses": 65900000,
    "otherExpenses": 34900000,
    "operatingExpenses": 100800000,
    "costAndExpenses": 676300000,
    "interestIncome": 0,
    "interestExpense": 0,
    "depreciationAndAmortization": 34900000,
    "ebitda": 113800000,
    "ebitdaratio": 0.1506885593,
    "operatingIncome": 78900000,
    "operatingIncomeRatio": 0.1044756356,
    "totalOtherIncomeExpensesNet": 5300000,
    "incomeBeforeTax": 84200000,
    "incomeBeforeTaxRatio": 0.1114936441,
    "incomeTaxExpense": 37800000,
    "netIncome": 46400000,
    "netIncomeRatio": 0.061440678,
    "eps": 0.14,
    "epsdiluted": 0.14,
    "weightedAverageShsOut": 337454545,
    "weightedAverageShsOutDil": 337454545,
    "link": "",
    "finalLink": ""
  },
  {
    "date": "1985-12-31",
    "symbol": "NUE",
    "reportedCurrency": "USD",
    "cik": "0000073309",
    "fillingDate": "1985-12-31",
    "acceptedDate": "1985-12-30 19:00:00",
    "calendarYear": "1985",
    "period": "FY",
    "revenue": 758500000,
    "costOfRevenue": 569700000,
    "grossProfit": 188800000,
    "grossProfitRatio": 0.248912327,
    "researchAndDevelopmentExpenses": 0,
    "generalAndAdministrativeExpenses": 0,
    "sellingAndMarketingExpenses": 0,
    "sellingGeneralAndAdministrativeExpenses": 59100000,
    "otherExpenses": 31100000,
    "operatingExpenses": 90200000,
    "costAndExpenses": 659900000,
    "interestIncome": 0,
    "interestExpense": 0,
    "depreciationAndAmortization": 31100000,
    "ebitda": 129700000,
    "ebitdaratio": 0.1709953856,
    "operatingIncome": 98600000,
    "operatingIncomeRatio": 0.129993408,
    "totalOtherIncomeExpensesNet": 7600000,
    "incomeBeforeTax": 106200000,
    "incomeBeforeTaxRatio": 0.1400131839,
    "incomeTaxExpense": 47700000,
    "netIncome": 58500000,
    "netIncomeRatio": 0.0771259064,
    "eps": 0.17,
    "epsdiluted": 0.17,
    "weightedAverageShsOut": 339130435,
    "weightedAverageShsOutDil": 339130435,
    "link": "",
    "finalLink": ""
  }
]