[
  {
    "date": "2025-01-26",
    "symbol": "NVDA",
    "reportedCurrency": "USD",
    "cik": "0001045810",
    "fillingDate": "2025-02-26",
    "acceptedDate": "2025-02-26 16:48:33",
    "calendarYear": "2025",
    "period": "FY",
    "revenue": 130497000000,
    "costOfRevenue": 32639000000,
    "grossProfit": 97858000000,
    "grossProfitRatio": 0.7498869706,
    "researchAndDevelopmentExpenses": 12914000000,
    "generalAndAdministrativeExpenses": 0,
    "sellingAndMarketingExpenses": 0,
    "sellingGeneralAndAdministrativeExpenses": 3491000000,
    "otherExpenses": 0,
    "operatingExpenses": 16405000000,
    "costAndExpenses": 49044000000,
    "interestIncome": 1786000000,
    "interestExpense": 247000000,
    "depreciationAndAmortization": 1864000000,
    "ebitda": 86137000000,
    "ebitdaratio": 0.6600688138,
    "operatingIncome": 81453000000,
    "operatingIncomeRatio": 0.6241752684,
    "totalOtherIncomeExpensesNet": 2573000000,
    "incomeBeforeTax": 84026000000,
    "incomeBeforeTaxRatio": 0.6438921968,
    "incomeTaxExpense": 11146000000,
    "netIncome": 72880000000,
    "netIncomeRatio": 0.5584802716,
    "eps": 2.97,
    "epsdiluted": 2.94,
    "weightedAverageShsOut": 24555000000,
    "weightedAverageShsOutDil": 24804000000,
    "link": "https://www.sec.gov/Archives/edgar/data/1045810/000104581025000023/0001045810-25-000023-index.htm",
    "finalLink": "https://www.sec.gov/Archives/edgar/data/1045810/000104581025000023/nvda-20250126.htm"
  },
  {
    "date": "2024-01-28",
    "symbol": "NVDA",
    "reportedCurrency": "USD",
    "cik": "0001045810",
    "fillingDate": "2024-02-21",
    "acceptedDate": "2024-02-21 16:36:57",
    "calendarYear": "2024",
    "period": "FY",
    "revenue": 60922000000,
    "costOfRevenue": 16621000000,
    "grossProfit": 44301000000,
    "grossProfitRatio": 0.7271757329,
    "researchAndDevelopmentExpenses": 8675000000,
    "generalAndAdministrativeExpenses": 0,
    "sellingAndMarketingExpenses": 0,
    "sellingGeneralAndAdministrativeExpenses": 2654000000,
    "otherExpenses": 0,
    "operatingExpenses": 11329000000,
    "costAndExpenses": 27950000000,
    "interestIncome": 866000000,
    "interestExpense": 257000000,
    "depreciationAndAmortization": 1508000000,
    "ebitda": 35583000000,
    "ebitdaratio": 0.5840747185,
    "operatingIncome": 32972000000,
    "operatingIncomeRatio": 0.5412166377,
    "totalOtherIncomeExpensesNet": 846000000,
    "incomeBeforeTax": 33818000000,
    "incomeBeforeTaxRatio": 0.5551032468,
    "incomeTaxExpense": 4058000000,
    "netIncome": 29760000000,
    "netIncomeRatio": 0.4884934835,
    "eps": 1.21,
    "epsdiluted": 1.19,
    "weightedAverageShsOut": 24690000000,
    "weightedAverageShsOutDil": 24940000000,
    "link": "https://www.sec.gov/Archives/edgar/data/1045810/000104581024000029/0001045810-24-000029-index.htm",
    "finalLink": "https://www.sec.gov/Archives/edgar/data/1045810/000104581024000029/nvda-20240128.htm"
  },
  {
    "date": "2023-01-29",
    "symbol": "NVDA",
    "reportedCurrency": "USD",
    "cik": "0001045810",
    "fillingDate": "2023-02-24",
    "acceptedDate": "2023-02-24 17:23:43",
    "calendarYear": "2023",
    "period": "FY",
    "revenue": 26974000000,
    "costOfRevenue": 11618000000,
    "grossProfit": 15356000000,
    "grossProfitRatio": 0.5692889449,
    "researchAndDevelopmentExpenses": 7339000000,
    "generalAndAdministrativeExpenses": 0,
    "sellingAndMarketingExpenses": 0,
    "sellingGeneralAndAdministrativeExpenses": 2440000000,
    "otherExpenses": 1353000000,
    "operatingExpenses": 11132000000,
    "costAndExpenses": 22750000000,
    "interestIncome": 267000000,
    "interestExpense": 262000000,
    "depreciationAndAmortization": 1544000000,
    "ebitda": 5987000000,
    "ebitdaratio": 0.2219544747,
    "operatingIncome": 4224000000,
    "operatingIncomeRatio": 0.1565952399,
    "totalOtherIncomeExpensesNet": -43000000,
    "incomeBeforeTax": 4181000000,
    "incomeBeforeTaxRatio": 0.1550011122,
    "incomeTaxExpense": -187000000,
    "netIncome": 4368000000,
    "netIncomeRatio": 0.1619337139,
    "eps": 0.18,
    "epsdiluted": 0.17,
    "weightedAverageShsOut": 24870000000,
    "weightedAverageShsOutDil": 25070000000,
    "link": "https://www.sec.gov/Archives/edgar/data/1045810/000104581023000017/0001045810-23-000017-index.htm",
    "finalLink": "https://www.sec.gov/Archives/edgar/data/1045810/000104581023000017/nvda-20230129.htm"
  },
  {
    "date": "2022-01-30",
    "symbol": "NVDA",
    "reportedCurrency": "USD",
    "cik": "0001045810",
    "fillingDate": "2022-03-18",
    "acceptedDate": "2022-03-17 20:33:34",
    "calendarYear": "2022",
    "period": "FY",
    "revenue": 26914000000,
    "costOfRevenue": 9439000000,
    "grossProfit": 17475000000,
    "grossProfitRatio": 0.6492903322,
    "researchAndDevelopmentExpenses": 5268000000,
    "generalAndAdministrativeExpenses": 0,
    "sellingAndMarketingExpenses": 0,
    "sellingGeneralAndAdministrativeExpenses": 2166000000,
    "otherExpenses": 0,
    "operatingExpenses": 7434000000,
    "costAndExpenses": 16873000000,
    "interestIncome": 29000000,
    "interestExpense": 236000000,
    "depreciationAndAmortization": 1174000000,
    "ebitda": 11351000000,
    "ebitdaratio": 0.4217507617,
    "operatingIncome": 10041000000,
    "operatingIncomeRatio": 0.3730772089,
    "totalOtherIncomeExpensesNet": -100000000,
    "incomeBeforeTax": 9941000000,
    "incomeBeforeTaxRatio": 0.3693616705,
    "incomeTaxExpense": 189000000,
    "netIncome": 9752000000,
    "netIncomeRatio": 0.362339303,
    "eps": 0.39,
    "epsdiluted": 0.39,
    "weightedAverageShsOut": 24960000000,
    "weightedAverageShsOutDil": 25350000000,
    "link": "https://www.sec.gov/Archives/edgar/data/1045810/000104581022000036/0001045810-22-000036-index.htm",
    "finalLink": "https://www.sec.gov/Archives/edgar/data/1045810/000104581022000036/nvda-20220130.htm"
  },
  {
    "date": "2021-01-31",
    "symbol": "NVDA",
    "reportedCurrency": "USD",
    "cik": "0001045810",
    "fillingDate": "2021-02-26",
    "acceptedDate": "2021-02-26 17:03:14",
    "calendarYear": "2021",
    "period": "FY",
    "revenue": 16675000000,
    "costOfRevenue": 6279000000,
    "grossProfit": 10396000000,
    "grossProfitRatio": 0.6234482759,
    "researchAndDevelopmentExpenses": 3924000000,
    "generalAndAdministrativeExpenses": 0,
    "sellingAndMarketingExpenses": 0,
    "sellingGeneralAndAdministrativeExpenses": 1940000000,
    "otherExpenses": 0,
    "operatingExpenses": 5864000000,
    "costAndExpenses": 12143000000,
    "interestIncome": 57000000,
    "interestExpense": 184000000,
    "depreciationAndAmortization": 1098000000,
    "ebitda": 5691000000,
    "ebitdaratio": 0.3412893553,
    "operatingIncome": 4532000000,
    "operatingIncomeRatio": 0.2717841079,
    "totalOtherIncomeExpensesNet": -123000000,
    "incomeBeforeTax": 4409000000,
    "incomeBeforeTaxRatio": 0.2644077961,
    "incomeTaxExpense": 77000000,
    "netIncome": 4332000000,
    "netIncomeRatio": 0.2597901049,
    "eps": 0.18,
    "epsdiluted": 0.17,
    "weightedAverageShsOut": 24680000000,
    "weightedAverageShsOutDil": 25120000000,
    "link": "https://www.sec.gov/Archives/edgar/data/1045810/000104581021000010/0001045810-21-000010-index.htm",
    "finalLink": "https://www.sec.gov/Archives/edgar/data/1045810/000104581021000010/nvda-20210131.htm"
  },
  {
    "date": "2020-01-26",
    "symbol": "NVDA",
    "reportedCurrency": "USD",
    "cik": "0001045810",
    "fillingDate": "2020-02-20",
    "acceptedDate": "2020-02-20 16:38:18",
    "calendarYear": "2020",
    "period": "FY",
    "revenue": 10918000000,
    "costOfRevenue": 4150000000,
    "grossProfit": 6768000000,
    "grossProfitRatio": 0.6198937534,
    "researchAndDevelopmentExpenses": 2829000000,
    "generalAndAdministrativeExpenses": 0,
    "sellingAndMarketingExpenses": 0,
    "sellingGeneralAndAdministrativeExpenses": 1093000000,
    "otherExpenses": 0,
    "operatingExpenses": 3922000000,
    "costAndExpenses": 8072000000,
    "interestIncome": 178000000,
    "interestExpense": 52000000,
    "depreciationAndAmortization": 381000000,
    "ebitda": 3403000000,
    "ebitdaratio": 0.3116871222,
    "operatingIncome": 2846000000,
    "operatingIncomeRatio": 0.2606704525,
    "totalOtherIncomeExpensesNet": 124000000,
    "incomeBeforeTax": 2970000000,
    "incomeBeforeTaxRatio": 0.2720278439,
    "incomeTaxExpense": 174000000,
    "netIncome": 2796000000,
    "netIncomeRatio": 0.2560908591,
    "eps": 0.12,
    "epsdiluted": 0.11,
    "weightedAverageShsOut": 24360000000,
    "weightedAverageShsOutDil": 24720000000,
    "link": "https://www.sec.gov/Archives/edgar/data/1045810/000104581020000010/0001045810-20-000010-index.htm",
    "finalLink": "https://www.sec.gov/Archives/edgar/data/1045810/000104581020000010/nvda-2020x10k.htm"
  },
  {
    "date": "2019-01-27",
    "symbol": "NVDA",
    "reportedCurrency": "USD",
    "cik": "0001045810",
    "fillingDate": "2019-02-21",
    "acceptedDate": "2019-02-21 16:37:18",
    "calendarYear": "2019",
    "period": "FY",
    "revenue": 11716000000,
    "costOfRevenue": 4545000000,
    "grossProfit": 7171000000,
    "grossProfitRatio": 0.6120689655,
    "researchAndDevelopmentExpenses": 2376000000,
    "generalAndAdministrativeExpenses": 0,
    "sellingAndMarketingExpenses": 0,
    "sellingGeneralAndAdministrativeExpenses": 991000000,
    "otherExpenses": 0,
    "operatingExpenses": 3367000000,
    "costAndExpenses": 7912000000,
    "interestIncome": 136000000,
    "interestExpense": 58000000,
    "depreciationAndAmortization": 262000000,
    "ebitda": 4216000000,
    "ebitdaratio": 0.3598497781,
    "operatingIncome": 3804000000,
    "operatingIncomeRatio": 0.3246841926,
    "totalOtherIncomeExpensesNet": 92000000,
    "incomeBeforeTax": 3896000000,
    "incomeBeforeTaxRatio": 0.3325367019,
    "incomeTaxExpense": -245000000,
    "netIncome": 4141000000,
    "netIncomeRatio": 0.3534482759,
    "eps": 0.17,
    "epsdiluted": 0.17,
    "weightedAverageShsOut": 24320000000,
    "weightedAverageShsOutDil": 25000000000,
    "link": "https://www.sec.gov/Archives/edgar/data/1045810/000104581019000023/0001045810-19-000023-index.htm",
    "finalLink": "https://www.sec.gov/Archives/edgar/data/1045810/000104581019000023/nvda-2019x10k.htm"
  },
  {
    "date": "2018-01-28",
    "symbol": "NVDA",
    "reportedCurrency": "USD",
    "cik": "0001045810",
    "fillingDate": "2018-02-28",
    "acceptedDate": "2018-02-28 16:31:19",
    "calendarYear": "2018",
    "period": "FY",
    "revenue": 9714000000,
    "costOfRevenue": 3892000000,
    "grossProfit": 5822000000,
    "grossProfitRatio": 0.5993411571,
    "researchAndDevelopmentExpenses": 1797000000,
    "generalAndAdministrativeExpenses": 0,
    "sellingAndMarketingExpenses": 0,
    "sellingGeneralAndAdministrativeExpenses": 815000000,
    "otherExpenses": 0,
    "operatingExpenses": 2612000000,
    "costAndExpenses": 6504000000,
    "interestIncome": 69000000,
    "interestExpense": 61000000,
    "depreciationAndAmortization": 199000000,
    "ebitda": 3456000000,
    "ebitdaratio": 0.3557751699,
    "operatingIncome": 3210000000,
    "operatingIncomeRatio": 0.3304508956,
    "totalOtherIncomeExpensesNet": -14000000,
    "incomeBeforeTax": 3196000000,
    "incomeBeforeTaxRatio": 0.3290096768,
    "incomeTaxExpense": 149000000,
    "netIncome": 3047000000,
    "netIncomeRatio": 0.3136709903,
    "eps": 0.13,
    "epsdiluted": 0.12,
    "weightedAverageShsOut": 23960000000,
    "weightedAverageShsOutDil": 25280000000,
    "link": "https://www.sec.gov/Archives/edgar/data/1045810/000104581018000010/0001045810-18-000010-index.htm",
    "finalLink": "https://www.sec.gov/Archives/edgar/data/1045810/000104581018000010/nvda-2018x10k.htm"
  },
  {
    "date": "2017-01-29",
    "symbol": "NVDA",
    "reportedCurrency": "USD",
    "cik": "0001045810",
    "fillingDate": "2017-03-01",
    "acceptedDate": "2017-03-01 17:30:49",
    "calendarYear": "2017",
    "period": "FY",
    "revenue": 6910000000,
    "costOfRevenue": 2847000000,
    "grossProfit": 4063000000,
    "grossProfitRatio": 0.5879884226,
    "researchAndDevelopmentExpenses": 1463000000,
    "generalAndAdministrativeExpenses": 0,
    "sellingAndMarketingExpenses": 0,
    "sellingGeneralAndAdministrativeExpenses": 663000000,
    "otherExpenses": 3000000,
    "operatingExpenses": 2129000000,
    "costAndExpenses": 4976000000,
    "interestIncome": 54000000,
    "interestExpense": 58000000,
    "depreciationAndAmortization": 187000000,
    "ebitda": 2150000000,
    "ebitdaratio": 0.3111432706,
    "operatingIncome": 1934000000,
    "operatingIncomeRatio": 0.2798842258,
    "totalOtherIncomeExpensesNet": -29000000,
    "incomeBeforeTax": 1905000000,
    "incomeBeforeTaxRatio": 0.2756874096,
    "incomeTaxExpense": 239000000,
    "netIncome": 1666000000,
    "netIncomeRatio": 0.2410998553,
    "eps": 0.077,
    "epsdiluted": 0.064,
    "weightedAverageShsOut": 21640000000,
    "weightedAverageShsOutDil": 25960000000,
    "link": "https://www.sec.gov/Archives/edgar/data/1045810/000104581017000027/0001045810-17-000027-index.htm",
    "finalLink": "https://www.sec.gov/Archives/edgar/data/1045810/000104581017000027/nvda-2017x10k.htm"
  },
  {
    "date": "2016-01-31",
    "symbol": "NVDA",
    "reportedCurrency": "USD",
    "cik": "0001045810",
    "fillingDate": "2016-03-17",
    "acceptedDate": "2016-03-16 18:07:18",
    "calendarYear": "2016",
    "period": "FY",
    "revenue": 5010000000,
    "costOfRevenue": 2199000000,
    "grossProfit": 2811000000,
    "grossProfitRatio": 0.5610778443,
    "researchAndDevelopmentExpenses": 1331000000,
    "generalAndAdministrativeExpenses": 0,
    "sellingAndMarketingExpenses": 0,
    "sellingGeneralAndAdministrativeExpenses": 602000000,
    "otherExpenses": 131000000,
    "operatingExpenses": 2064000000,
    "costAndExpenses": 4263000000,
    "interestIncome": 39000000,
    "interestExpense": 47000000,
    "depreciationAndAmortization": 197000000,
    "ebitda": 987000000,
    "ebitdaratio": 0.197005988,
    "operatingIncome": 747000000,
    "operatingIncomeRatio": 0.1491017964,
    "totalOtherIncomeExpensesNet": -4000000,
    "incomeBeforeTax": 743000000,
    "incomeBeforeTaxRatio": 0.1483033932,
    "incomeTaxExpense": 129000000,
    "netIncome": 614000000,
    "netIncomeRatio": 0.1225548902,
    "eps": 0.028,
    "epsdiluted": 0.027,
    "weightedAverageShsOut": 21720000000,
    "weightedAverageShsOutDil": 22760000000,
    "link": "https://www.sec.gov/Archives/edgar/data/1045810/000104581016000205/0001045810-16-000205-index.htm",
    "finalLink": "https://www.sec.gov/Archives/edgar/data/1045810/000104581016000205/nvda-2016x10k.htm"
  },
  {
    "date": "2015-01-25",
    "symbol": "NVDA",
    "reportedCurrency": "USD",
    "cik": "0001045810",
    "fillingDate": "2015-03-12",
    "acceptedDate": "2015-03-11 19:48:05",
    "calendarYear": "2015",
    "period": "FY",
    "revenue": 4682000000,
    "costOfRevenue": 2083000000,
    "grossProfit": 2599000000,
    "grossProfitRatio": 0.5551046561,
    "researchAndDevelopmentExpenses": 1360000000,
    "generalAndAdministrativeExpenses": 0,
    "sellingAndMarketingExpenses": 0,
    "sellingGeneralAndAdministrativeExpenses": 480000000,
    "otherExpenses": 0,
    "operatingExpenses": 1840000000,
    "costAndExpenses": 3923000000,
    "interestIncome": 28000000,
    "interestExpense": 46000000,
    "depreciationAndAmortization": 220000000,
    "ebitda": 1021000000,
    "ebitdaratio": 0.2180692012,
    "operatingIncome": 759000000,
    "operatingIncomeRatio": 0.1621102093,
    "totalOtherIncomeExpensesNet": -4000000,
    "incomeBeforeTax": 755000000,
    "incomeBeforeTaxRatio": 0.1612558736,
    "incomeTaxExpense": 124000000,
    "netIncome": 631000000,
    "netIncomeRatio": 0.1347714652,
    "eps": 0.028,
    "epsdiluted": 0.028,
    "weightedAverageShsOut": 22092760000,
    "weightedAverageShsOutDil": 22522720000,
    "link": "https://www.sec.gov/Archives/edgar/data/1045810/000104581015000036/0001045810-15-000036-index.htm",
    "finalLink": "https://www.sec.gov/Archives/edgar/data/1045810/000104581015000036/nvda-2015x10k.htm"
  },
  {
    "date": "2014-01-26",
    "symbol": "NVDA",
    "reportedCurrency": "USD",
    "cik": "0001045810",
    "fillingDate": "2014-03-13",
    "acceptedDate": "2014-03-12 19:18:57",
    "calendarYear": "2014",
    "period": "FY",
    "revenue": 4130000000,
    "costOfRevenue": 1862000000,
    "grossProfit": 2268000000,
    "grossProfitRatio": 0.5491525424,
    "researchAndDevelopmentExpenses": 1336000000,
    "generalAndAdministrativeExpenses": 0,
    "sellingAndMarketingExpenses": 0,
    "sellingGeneralAndAdministrativeExpenses": 436000000,
    "otherExpenses": 0,
    "operatingExpenses": 1772000000,
    "costAndExpenses": 3634000000,
    "interestIncome": 17000000,
    "interestExpense": 10000000,
    "depreciationAndAmortization": 239000000,
    "ebitda": 759000000,
    "ebitdaratio": 0.1837772397,
    "operatingIncome": 496000000,
    "operatingIncomeRatio": 0.1200968523,
    "totalOtherIncomeExpensesNet": 14000000,
    "incomeBeforeTax": 510000000,
    "incomeBeforeTaxRatio": 0.1234866828,
    "incomeTaxExpense": 70000000,
    "netIncome": 440000000,
    "netIncomeRatio": 0.1065375303,
    "eps": 0.019,
    "epsdiluted": 0.019,
    "weightedAverageShsOut": 23515720000,
    "weightedAverageShsOutDil": 23780680000,
    "link": "https://www.sec.gov/Archives/edgar/data/1045810/000104581014000030/0001045810-14-000030-index.htm",
    "finalLink": "https://www.sec.gov/Archives/edgar/data/1045810/000104581014000030/nvda-2014x10k.htm"
  },
  {
    "date": "2013-01-27",
    "symbol": "NVDA",
    "reportedCurrency": "USD",
    "cik": "0001045810",
    "fillingDate": "2013-03-12",
    "acceptedDate": "2013-03-12 17:03:06",
    "calendarYear": "2013",
    "period": "FY",
    "revenue": 4280159000,
    "costOfRevenue": 2053816000,
    "grossProfit": 2226343000,
    "grossProfitRatio": 0.5201542746,
    "researchAndDevelopmentExpenses": 1147282000,
    "generalAndAdministrativeExpenses": 0,
    "sellingAndMarketingExpenses": 0,
    "sellingGeneralAndAdministrativeExpenses": 430822000,
    "otherExpenses": 0,
    "operatingExpenses": 1578104000,
    "costAndExpenses": 3631920000,
    "interestIncome": 19908000,
    "interestExpense": 3294000,
    "depreciationAndAmortization": 226235000,
    "ebitda": 891568000,
    "ebitdaratio": 0.208302542,
    "operatingIncome": 648239000,
    "operatingIncomeRatio": 0.1514520839,
    "totalOtherIncomeExpensesNet": 13800000,
    "incomeBeforeTax": 662039000,
    "incomeBeforeTaxRatio": 0.1546762632,
    "incomeTaxExpense": 99503000,
    "netIncome": 562536000,
    "netIncomeRatio": 0.1314287623,
    "eps": 0.023,
    "epsdiluted": 0.023,
    "weightedAverageShsOut": 24772960000,
    "weightedAverageShsOutDil": 24998280000,
    "link": "https://www.sec.gov/Archives/edgar/data/1045810/000104581013000008/0001045810-13-000008-index.htm",
    "finalLink": "https://www.sec.gov/Archives/edgar/data/1045810/000104581013000008/nvda-2013x10k.htm"
  },
  {
    "date": "2012-01-29",
    "symbol": "NVDA",
    "reportedCurrency": "USD",
    "cik": "0001045810",
    "fillingDate": "2012-03-13",
    "acceptedDate": "2012-03-13 16:56:38",
    "calendarYear": "2012",
    "period": "FY",
    "revenue": 3997930000,
    "costOfRevenue": 1941413000,
    "grossProfit": 2056517000,
    "grossProfitRatio": 0.5143954496,
    "researchAndDevelopmentExpenses": 1002605000,
    "generalAndAdministrativeExpenses": 0,
    "sellingAndMarketingExpenses": 0,
    "sellingGeneralAndAdministrativeExpenses": 405613000,
    "otherExpenses": 0,
    "operatingExpenses": 1408218000,
    "costAndExpenses": 3349631000,
    "interestIncome": 19149000,
    "interestExpense": 3089000,
    "depreciationAndAmortization": 204205000,
    "ebitda": 870690000,
    "ebitdaratio": 0.2177852038,
    "operatingIncome": 648299000,
    "operatingIncomeRatio": 0.1621586671,
    "totalOtherIncomeExpensesNet": 15097000,
    "incomeBeforeTax": 663396000,
    "incomeBeforeTaxRatio": 0.1659348713,
    "incomeTaxExpense": 82306000,
    "netIncome": 581090000,
    "netIncomeRatio": 0.1453477174,
    "eps": 0.024,
    "epsdiluted": 0.024,
    "weightedAverageShsOut": 24145840000,
    "weightedAverageShsOutDil": 24654840000,
    "link": "https://www.sec.gov/Archives/edgar/data/1045810/000104581012000013/0001045810-12-000013-index.htm",
    "finalLink": "https://www.sec.gov/Archives/edgar/data/1045810/000104581012000013/nvda-2012x10k.htm"
  },
  {
    "date": "2011-01-30",
    "symbol": "NVDA",
    "reportedCurrency": "USD",
    "cik": "0001045810",
    "fillingDate": "2011-03-16",
    "acceptedDate": "2011-03-16 16:33:51",
    "calendarYear": "2011",
    "period": "FY",
    "revenue": 3543309000,
    "costOfRevenue": 2134219000,
    "grossProfit": 1409090000,
    "grossProfitRatio": 0.3976762964,
    "researchAndDevelopmentExpenses": 848830000,
    "generalAndAdministrativeExpenses": 0,
    "sellingAndMarketingExpenses": 0,
    "sellingGeneralAndAdministrativeExpenses": 361513000,
    "otherExpenses": -57000000,
    "operatingExpenses": 1153343000,
    "costAndExpenses": 3287562000,
    "interestIncome": 19057000,
    "interestExpense": 3127000,
    "depreciationAndAmortization": 186989000,
    "ebitda": 461285000,
    "ebitdaratio": 0.1301848075,
    "operatingIncome": 255747000,
    "operatingIncomeRatio": 0.0721774477,
    "totalOtherIncomeExpensesNet": 15422000,
    "incomeBeforeTax": 271169000,
    "incomeBeforeTaxRatio": 0.0765298765,
    "incomeTaxExpense": 18023000,
    "netIncome": 253146000,
    "netIncomeRatio": 0.0714433881,
    "eps": 0.011,
    "epsdiluted": 0.011,
    "weightedAverageShsOut": 23007080000,
    "weightedAverageShsOutDil": 23547360000,
    "link": "https://www.sec.gov/Archives/edgar/data/1045810/000104581011000015/0001045810-11-000015-index.htm",
    "finalLink": "https://www.sec.gov/Archives/edgar/data/1045810/000104581011000015/fy2011form10k.htm"
  },
  {
    "date": "2010-01-31",
    "symbol": "NVDA",
    "reportedCurrency": "USD",
    "cik": "0001045810",
    "fillingDate": "2010-03-18",
    "acceptedDate": "2010-03-17 19:16:55",
    "calendarYear": "2010",
    "period": "FY",
    "revenue": 3326445000,
    "costOfRevenue": 2149522000,
    "grossProfit": 1176923000,
    "grossProfitRatio": 0.3538080443,
    "researchAndDevelopmentExpenses": 908851000,
    "generalAndAdministrativeExpenses": 0,
    "sellingAndMarketingExpenses": 0,
    "sellingGeneralAndAdministrativeExpenses": 367017000,
    "otherExpenses": 0,
    "operatingExpenses": 1275868000,
    "costAndExpenses": 3425390000,
    "interestIncome": 23115000,
    "interestExpense": 3320000,
    "depreciationAndAmortization": 196664000,
    "ebitda": 117690000,
    "ebitdaratio": 0.035380113,
    "operatingIncome": -98945000,
    "operatingIncomeRatio": -0.029744968,
    "totalOtherIncomeExpensesNet": 16651000,
    "incomeBeforeTax": -82294000,
    "incomeBeforeTaxRatio": -0.0247393238,
    "incomeTaxExpense": -14307000,
    "netIncome": -67987000,
    "netIncomeRatio": -0.0204383358,
    "eps": -0.0031,
    "epsdiluted": -0.0031,
    "weightedAverageShsOut": 21982960000,
    "weightedAverageShsOutDil": 21982960000,
    "link": "https://www.sec.gov/Archives/edgar/data/1045810/000104581010000006/0001045810-10-000006-index.htm",
    "finalLink": "https://www.sec.gov/Archives/edgar/data/1045810/000104581010000006/fy2010form10k.htm"
  },
  {
    "date": "2009-01-25",
    "symbol": "NVDA",
    "reportedCurrency": "USD",
    "cik": "0001045810",
    "fillingDate": "2009-03-13",
    "acceptedDate": "2009-03-13 09:02:25",
    "calendarYear": "2009",
    "period": "FY",
    "revenue": 3424859000,
    "costOfRevenue": 2250590000,
    "grossProfit": 1174269000,
    "grossProfitRatio": 0.3428663779,
    "researchAndDevelopmentExpenses": 855879000,
    "generalAndAdministrativeExpenses": 0,
    "sellingAndMarketingExpenses": 0,
    "sellingGeneralAndAdministrativeExpenses": 362222000,
    "otherExpenses": 26868000,
    "operatingExpenses": 1244969000,
    "costAndExpenses": 3495559000,
    "interestIncome": 42859000,
    "interestExpense": 406000,
    "depreciationAndAmortization": 185023000,
    "ebitda": 142475000,
    "ebitdaratio": 0.0416002527,
    "operatingIncome": -70700000,
    "operatingIncomeRatio": -0.0206431856,
    "totalOtherIncomeExpensesNet": 27746000,
    "incomeBeforeTax": -42954000,
    "incomeBeforeTaxRatio": -0.0125418302,
    "incomeTaxExpense": -12913000,
    "netIncome": -30041000,
    "netIncomeRatio": -0.008771456,
    "eps": -0.0014,
    "epsdiluted": -0.0014,
    "weightedAverageShsOut": 21925040000,
    "weightedAverageShsOutDil": 21925040000,
    "link": "https://www.sec.gov/Archives/edgar/data/1045810/000104581009000013/0001045810-09-000013-index.htm",
    "finalLink": "https://www.sec.gov/Archives/edgar/data/1045810/000104581009000013/fy2009form10k.htm"
  },
  {
    "date": "2008-01-31",
    "symbol": "NVDA",
    "reportedCurrency": "USD",
    "cik": "0001045810",
    "fillingDate": "2008-01-31",
    "acceptedDate": "2008-01-30 19:00:00",
    "calendarYear": "2008",
    "period": "FY",
    "revenue": 4097860000,
    "costOfRevenue": 2228580000,
    "grossProfit": 1869280000,
    "grossProfitRatio": 0.4561600445,
    "researchAndDevelopmentExpenses": 691637000,
    "generalAndAdministrativeExpenses": 0,
    "sellingAndMarketingExpenses": 0,
    "sellingGeneralAndAdministrativeExpenses": 341297000,
    "otherExpenses": 0,
    "operatingExpenses": 1032934000,
    "costAndExpenses": 3261514000,
    "interestIncome": 0,
    "interestExpense": 0,
    "depreciationAndAmortization": 133192000,
    "ebitda": 969538000,
    "ebitdaratio": 0.2365961746,
    "operatingIncome": 836346000,
    "operatingIncomeRatio": 0.204093356,
    "totalOtherIncomeExpensesNet": 64995000,
    "incomeBeforeTax": 901341000,
    "incomeBeforeTaxRatio": 0.2199540736,
    "incomeTaxExpense": 103696000,
    "netIncome": 797645000,
    "netIncomeRatio": 0.1946491583,
    "eps": 0.036,
    "epsdiluted": 0.033,
    "weightedAverageShsOut": 22004320000,
    "weightedAverageShsOutDil": 24269280000,
    "link": "",
    "finalLink": ""
  },
  {
    "date": "2007-01-28",
    "symbol": "NVDA",
    "reportedCurrency": "USD",
    "cik": "0001045810",
    "fillingDate": "2007-03-16",
    "acceptedDate": "2007-03-16 14:12:51",
    "calendarYear": "2007",
    "period": "FY",
    "revenue": 3068771000,
    "costOfRevenue": 1768322000,
    "grossProfit": 1300449000,
    "grossProfitRatio": 0.4237686683,
    "researchAndDevelopmentExpenses": 553467000,
    "generalAndAdministrativeExpenses": 0,
    "sellingAndMarketingExpenses": 0,
    "sellingGeneralAndAdministrativeExpenses": 293530000,
    "otherExpenses": 0,
    "operatingExpenses": 846997000,
    "costAndExpenses": 2615319000,
    "interestIncome": 0,
    "interestExpense": 0,
    "depreciationAndAmortization": 107562000,
    "ebitda": 561014000,
    "ebitdaratio": 0.1828139017,
    "operatingIncome": 453452000,
    "operatingIncomeRatio": 0.147763388,
    "totalOtherIncomeExpensesNet": 41028000,
    "incomeBeforeTax": 494480000,
    "incomeBeforeTaxRatio": 0.1611329096,
    "incomeTaxExpense": 46350000,
    "netIncome": 448834000,
    "netIncomeRatio": 0.1462585511,
    "eps": 0.021,
    "epsdiluted": 0.019,
    "weightedAverageShsOut": 21133673160,
    "weightedAverageShsOutDil": 23478500760,
    "link": "https://www.sec.gov/Archives/edgar/data/1045810/000104581007000008/0001045810-07-000008-index.htm",
    "finalLink": "https://www.sec.gov/Archives/edgar/data/1045810/000104581007000008/fy2007annualreportonform10-k.htm"
  },
  {
    "date": "2006-01-29",
    "symbol": "NVDA",
    "reportedCurrency": "USD",
    "cik": "0001045810",
    "fillingDate": "2006-11-29",
    "acceptedDate": "2006-11-29 06:11:41",
    "calendarYear": "2006",
    "period": "FY",
    "revenue": 2375687000,
    "costOfRevenue": 1465654000,
    "grossProfit": 910033000,
    "grossProfitRatio": 0.383060984,
    "researchAndDevelopmentExpenses": 357123000,
    "generalAndAdministrativeExpenses": 0,
    "sellingAndMarketingExpenses": 0,
    "sellingGeneralAndAdministrativeExpenses": 202088000,
    "otherExpenses": 14158000,
    "operatingExpenses": 573369000,
    "costAndExpenses": 2039023000,
    "interestIncome": 0,
    "interestExpense": 0,
    "depreciationAndAmortization": 97977000,
    "ebitda": 434641000,
    "ebitdaratio": 0.182953815,
    "operatingIncome": 336664000,
    "operatingIncomeRatio": 0.141712271,
    "totalOtherIncomeExpensesNet": 20124000,
    "incomeBeforeTax": 356788000,
    "incomeBeforeTaxRatio": 0.1501830839,
    "incomeTaxExpense": 55612000,
    "netIncome": 301176000,
    "netIncomeRatio": 0.1267742762,
    "eps": 0.015,
    "epsdiluted": 0.014,
    "weightedAverageShsOut": 20352623680,
    "weightedAverageShsOutDil": 21931274360,
    "link": "https://www.sec.gov/Archives/edgar/data/1045810/000119312506243224/0001193125-06-243224-index.htm",
    "finalLink": "https://www.sec.gov/Archives/edgar/data/1045810/000119312506243224/d10ka.htm"
  },
  {
    "date": "2005-01-30",
    "symbol": "NVDA",
    "reportedCurrency": "USD",
    "cik": "0001045810",
    "fillingDate": "2005-03-22",
    "acceptedDate": "2005-03-22 14:33:30",
    "calendarYear": "2005",
    "period": "FY",
    "revenue": 2010033000,
    "costOfRevenue": 1362478000,
    "grossProfit": 647555000,
    "grossProfitRatio": 0.3221613775,
    "researchAndDevelopmentExpenses": 348220000,
    "generalAndAdministrativeExpenses": 0,
    "sellingAndMarketingExpenses": 0,
    "sellingGeneralAndAdministrativeExpenses": 204159000,
    "otherExpenses": 0,
    "operatingExpenses": 552379000,
    "costAndExpenses": 1914857000,
    "interestIncome": 0,
    "interestExpense": 0,
    "depreciationAndAmortization": 102597000,
    "ebitda": 197773000,
    "ebitdaratio": 0.098392912,
    "operatingIncome": 95176000,
    "operatingIncomeRatio": 0.0473504664,
    "totalOtherIncomeExpensesNet": 11852000,
    "incomeBeforeTax": 107028000,
    "incomeBeforeTaxRatio": 0.053246887,
    "incomeTaxExpense": 18413000,
    "netIncome": 88615000,
    "netIncomeRatio": 0.0440863409,
    "eps": 0.0045,
    "epsdiluted": 0.0042,
    "weightedAverageShsOut": 19917481240,
    "weightedAverageShsOutDil": 21176371800,
    "link": "https://www.sec.gov/Archives/edgar/data/1045810/000104581005000008/0001045810-05-000008-index.htm",
    "finalLink": "https://www.sec.gov/Archives/edgar/data/1045810/000104581005000008/annualreport.htm"
  },
  {
    "date": "2004-01-25",
    "symbol": "NVDA",
    "reportedCurrency": "USD",
    "cik": "0001045810",
    "fillingDate": "2004-03-29",
    "acceptedDate": "2004-03-29 12:31:52",
    "calendarYear": "2004",
    "period": "FY",
    "revenue": 1822945000,
    "costOfRevenue": 1294067000,
    "grossProfit": 528878000,
    "grossProfitRatio": 0.2901228507,
    "researchAndDevelopmentExpenses": 269972000,
    "generalAndAdministrativeExpenses": 0,
    "sellingAndMarketingExpenses": 0,
    "sellingGeneralAndAdministrativeExpenses": 165249000,
    "otherExpenses": 3500000,
    "operatingExpenses": 438721000,
    "costAndExpenses": 1732788000,
    "interestIncome": 0,
    "interestExpense": 0,
    "depreciationAndAmortization": 82688000,
    "ebitda": 176345000,
    "ebitdaratio": 0.096736325,
    "operatingIncome": 90157000,
    "operatingIncomeRatio": 0.0494567856,
    "totalOtherIncomeExpensesNet": -3484000,
    "incomeBeforeTax": 86673000,
    "incomeBeforeTaxRatio": 0.0475455924,
    "incomeTaxExpense": 12254000,
    "netIncome": 74419000,
    "netIncomeRatio": 0.0408235026,
    "eps": 0.0038,
    "epsdiluted": 0.0036,
    "weightedAverageShsOut": 19301229400,
    "weightedAverageShsOutDil": 20714482760,
    "link": "https://www.sec.gov/Archives/edgar/data/1045810/000104581004000007/0001045810-04-000007-index.htm",
    "finalLink": "https://www.sec.gov/Archives/edgar/data/1045810/000104581004000007/annualreport.htm"
  },
  {
    "date": "2003-01-26",
    "symbol": "NVDA",
    "reportedCurrency": "USD",
    "cik": "0001045810",
    "fillingDate": "2003-04-25",
    "acceptedDate": "2003-04-24 21:55:57",
    "calendarYear": "2003",
    "period": "FY",
    "revenue": 1909447000,
    "costOfRevenue": 1333435000,
    "grossProfit": 576012000,
    "grossProfitRatio": 0.3016643039,
    "researchAndDevelopmentExpenses": 224873000,
    "generalAndAdministrativeExpenses": 0,
    "sellingAndMarketingExpenses": 0,
    "sellingGeneralAndAdministrativeExpenses": 207153000,
    "otherExpenses": 0,
    "operatingExpenses": 432026000,
    "costAndExpenses": 1765461000,
    "interestIncome": 0,
    "interestExpense": 0,
    "depreciationAndAmortization": 58216000,
    "ebitda": 202202000,
    "ebitdaratio": 0.1058955813,
    "operatingIncome": 143986000,
    "operatingIncomeRatio": 0.0754071729,
    "totalOtherIncomeExpensesNet": 6571000,
    "incomeBeforeTax": 150557000,
    "incomeBeforeTaxRatio": 0.0788484834,
    "incomeTaxExpense": 59758000,
    "netIncome": 90799000,
    "netIncomeRatio": 0.0475525113,
    "eps": 0.0049,
    "epsdiluted": 0.0045,
    "weightedAverageShsOut": 18412353840,
    "weightedAverageShsOutDil": 20197061480,
    "link": "https://www.sec.gov/Archives/edgar/data/1045810/000104596903001196/0001045969-03-001196-index.htm",
    "finalLink": "https://www.sec.gov/Archives/edgar/data/1045810/000104596903001196/d10k.htm"
  },
  {
    "date": "2002-01-27",
    "symbol": "NVDA",
    "reportedCurrency": "USD",
    "cik": "0001045810",
    "fillingDate": "2002-05-14",
    "acceptedDate": "2002-05-14 08:11:42",
    "calendarYear": "2002",
    "period": "FY",
    "revenue": 1369471000,
    "costOfRevenue": 850233000,
    "grossProfit": 519238000,
    "grossProfitRatio": 0.379152242,
    "researchAndDevelopmentExpenses": 153920000,
    "generalAndAdministrativeExpenses": 0,
    "sellingAndMarketingExpenses": 0,
    "sellingGeneralAndAdministrativeExpenses": 97185000,
    "otherExpenses": 26401000,
    "operatingExpenses": 277506000,
    "costAndExpenses": 1127739000,
    "interestIncome": 0,
    "interestExpense": 0,
    "depreciationAndAmortization": 43497000,
    "ebitda": 295259000,
    "ebitdaratio": 0.2156007685,
    "operatingIncome": 241732000,
    "operatingIncomeRatio": 0.1765148733,
    "totalOtherIncomeExpensesNet": 11017000,
    "incomeBeforeTax": 252749000,
    "incomeBeforeTaxRatio": 0.1845595854,
    "incomeTaxExpense": 75825000,
    "netIncome": 176924000,
    "netIncomeRatio": 0.1291914907,
    "eps": 0.01,
    "epsdiluted": 0.0086,
    "weightedAverageShsOut": 17153223400,
    "weightedAverageShsOutDil": 20518620680,
    "link": "https://www.sec.gov/Archives/edgar/data/1045810/000101287002002262/0001012870-02-002262-index.htm",
    "finalLink": "https://www.sec.gov/Archives/edgar/data/1045810/000101287002002262/d10k.htm"
  },
  {
    "date": "2001-01-28",
    "symbol": "NVDA",
    "reportedCurrency": "USD",
    "cik": "0001045810",
    "fillingDate": "2001-05-25",
    "acceptedDate": "2001-05-25 00:00:00",
    "calendarYear": "2001",
    "period": "FY",
    "revenue": 735264000,
    "costOfRevenue": 462385000,
    "grossProfit": 272879000,
    "grossProfitRatio": 0.3711306415,
    "researchAndDevelopmentExpenses": 86047000,
    "generalAndAdministrativeExpenses": 0,
    "sellingAndMarketingExpenses": 0,
    "sellingGeneralAndAdministrativeExpenses": 58697000,
    "otherExpenses": 0,
    "operatingExpenses": 144744000,
    "costAndExpenses": 607129000,
    "interestIncome": 0,
    "interestExpense": 0,
    "depreciationAndAmortization": 15836000,
    "ebitda": 143971000,
    "ebitdaratio": 0.1958085803,
    "operatingIncome": 128135000,
    "operatingIncomeRatio": 0.1742707381,
    "totalOtherIncomeExpensesNet": 16673000,
    "incomeBeforeTax": 144808000,
    "incomeBeforeTaxRatio": 0.1969469469,
    "incomeTaxExpense": 46339000,
    "netIncome": 98469000,
    "netIncomeRatio": 0.1339233255,
    "eps": 0.0064,
    "epsdiluted": 0.0052,
    "weightedAverageShsOut": 15711904040,
    "weightedAverageShsOutDil": 19105727120,
    "link": "https://www.sec.gov/Archives/edgar/data/1045810/000101287001501023/0001012870-01-501023-index.htm",
    "finalLink": "https://www.sec.gov/Archives/edgar/data/1045810/000101287001501023/d10k405a.txt"
  },
  {
    "date": "2000-01-30",
    "symbol": "NVDA",
    "reportedCurrency": "USD",
    "cik": "0001045810",
    "fillingDate": "2000-03-13",
    "acceptedDate": "2000-03-13 00:00:00",
    "calendarYear": "2000",
    "period": "FY",
    "revenue": 374505000,
    "costOfRevenue": 232662000,
    "grossProfit": 141843000,
    "grossProfitRatio": 0.3787479473,
    "researchAndDevelopmentExpenses": 46914000,
    "generalAndAdministrativeExpenses": 0,
    "sellingAndMarketingExpenses": 0,
    "sellingGeneralAndAdministrativeExpenses": 36312000,
    "otherExpenses": 0,
    "operatingExpenses": 83226000,
    "costAndExpenses": 315888000,
    "interestIncome": 0,
    "interestExpense": 0,
    "depreciationAndAmortization": 9668000,
    "ebitda": 68285000,
    "ebitdaratio": 0.1823340142,
    "operatingIncome": 58617000,
    "operatingIncomeRatio": 0.1565186046,
    "totalOtherIncomeExpensesNet": 1754000,
    "incomeBeforeTax": 60371000,
    "incomeBeforeTaxRatio": 0.1612021201,
    "incomeTaxExpense": 19412000,
    "netIncome": 40959000,
    "netIncomeRatio": 0.1093683662,
    "eps": 0.0027,
    "epsdiluted": 0.0022,
    "weightedAverageShsOut": 14331394320,
    "weightedAverageShsOutDil": 17318380800,
    "link": "https://www.sec.gov/Archives/edgar/data/1045810/000101287000001346/0001012870-00-001346-index.html",
    "finalLink": "https://www.sec.gov/Archives/edgar/data/1045810/000101287000001346/"
  },
  {
    "date": "1999-01-31",
    "symbol": "NVDA",
    "reportedCurrency": "USD",
    "cik": "0001045810",
    "fillingDate": "1999-04-29",
    "acceptedDate": "1999-04-29 00:00:00",
    "calendarYear": "1999",
    "period": "FY",
    "revenue": 158200000,
    "costOfRevenue": 103200000,
    "grossProfit": 55000000,
    "grossProfitRatio": 0.3476611884,
    "researchAndDevelopmentExpenses": 25100000,
    "generalAndAdministrativeExpenses": 0,
    "sellingAndMarketingExpenses": 0,
    "sellingGeneralAndAdministrativeExpenses": 18900000,
    "otherExpenses": 6500000,
    "operatingExpenses": 50500000,
    "costAndExpenses": 153700000,
    "interestIncome": 0,
    "interestExpense": 0,
    "depreciationAndAmortization": 6500000,
    "ebitda": 11000000,
    "ebitdaratio": 0.0695322377,
    "operatingIncome": 4500000,
    "operatingIncomeRatio": 0.0284450063,
    "totalOtherIncomeExpensesNet": 0,
    "incomeBeforeTax": 4500000,
    "incomeBeforeTaxRatio": 0.0284450063,
    "incomeTaxExpense": 400000,
    "netIncome": 4100000,
    "netIncomeRatio": 0.0259165613,
    "eps": 0.0003,
    "epsdiluted": 0.0003,
    "weightedAverageShsOut": 14045937040,
    "weightedAverageShsOutDil": 13148640000,
    "link": "https://www.sec.gov/Archives/edgar/data/1045810/000092962499000772/0000929624-99-000772-index.html",
    "finalLink": "https://www.sec.gov/Archives/edgar/data/1045810/"
  }
]