[
  {
    "date": "2025-07-27",
    "symbol": "NVDA",
    "reportedCurrency": "USD",
    "cik": "0001045810",
    "fillingDate": "2025-08-27",
    "acceptedDate": "2025-08-27 16:52:07",
    "calendarYear": "2026",
    "period": "Q2",
    "revenue": 46743000000,
    "costOfRevenue": 12890000000,
    "grossProfit": 33853000000,
    "grossProfitRatio": 0.7242367841,
    "researchAndDevelopmentExpenses": 4291000000,
    "generalAndAdministrativeExpenses": 0,
    "sellingAndMarketingExpenses": 0,
    "sellingGeneralAndAdministrativeExpenses": 1122000000,
    "otherExpenses": 0,
    "operatingExpenses": 5413000000,
    "costAndExpenses": 18303000000,
    "interestIncome": 592000000,
    "interestExpense": 62000000,
    "depreciationAndAmortization": 1549000000,
    "ebitda": 28440000000,
    "ebitdaratio": 0.6084333483,
    "operatingIncome": 28440000000,
    "operatingIncomeRatio": 0.6084333483,
    "totalOtherIncomeExpensesNet": 2766000000,
    "incomeBeforeTax": 31206000000,
    "incomeBeforeTaxRatio": 0.6676079841,
    "incomeTaxExpense": 4784000000,
    "netIncome": 26422000000,
    "netIncomeRatio": 0.5652611086,
    "eps": 1.08,
    "epsdiluted": 1.08,
    "weightedAverageShsOut": 24366000000,
    "weightedAverageShsOutDil": 24532000000,
    "link": "https://www.sec.gov/Archives/edgar/data/1045810/000104581025000209/0001045810-25-000209-index.htm",
    "finalLink": "https://www.sec.gov/Archives/edgar/data/1045810/000104581025000209/nvda-20250727.htm"
  },
  {
    "date": "2025-04-27",
    "symbol": "NVDA",
    "reportedCurrency": "USD",
    "cik": "0001045810",
    "fillingDate": "2025-05-28",
    "acceptedDate": "2025-05-28 16:32:57",
    "calendarYear": "2026",
    "period": "Q1",
    "revenue": 44062000000,
    "costOfRevenue": 17394000000,
    "grossProfit": 26668000000,
    "grossProfitRatio": 0.6052380736,
    "researchAndDevelopmentExpenses": 3989000000,
    "generalAndAdministrativeExpenses": 0,
    "sellingAndMarketingExpenses": 0,
    "sellingGeneralAndAdministrativeExpenses": 1041000000,
    "otherExpenses": 0,
    "operatingExpenses": 5030000000,
    "costAndExpenses": 22424000000,
    "interestIncome": 515000000,
    "interestExpense": 63000000,
    "depreciationAndAmortization": 611000000,
    "ebitda": 22584000000,
    "ebitdaratio": 0.512550497,
    "operatingIncome": 21638000000,
    "operatingIncomeRatio": 0.4910807499,
    "totalOtherIncomeExpensesNet": 272000000,
    "incomeBeforeTax": 21910000000,
    "incomeBeforeTaxRatio": 0.4972538695,
    "incomeTaxExpense": 3135000000,
    "netIncome": 18775000000,
    "netIncomeRatio": 0.426104126,
    "eps": 0.77,
    "epsdiluted": 0.76,
    "weightedAverageShsOut": 24441000000,
    "weightedAverageShsOutDil": 24611000000,
    "link": "https://www.sec.gov/Archives/edgar/data/1045810/000104581025000116/0001045810-25-000116-index.htm",
    "finalLink": "https://www.sec.gov/Archives/edgar/data/1045810/000104581025000116/nvda-20250427.htm"
  },
  {
    "date": "2025-01-26",
    "symbol": "NVDA",
    "reportedCurrency": "USD",
    "cik": "0001045810",
    "fillingDate": "2025-02-26",
    "acceptedDate": "2025-02-26 16:48:33",
    "calendarYear": "2025",
    "period": "Q4",
    "revenue": 39331000000,
    "costOfRevenue": 10608000000,
    "grossProfit": 28723000000,
    "grossProfitRatio": 0.7302890849,
    "researchAndDevelopmentExpenses": 3714000000,
    "generalAndAdministrativeExpenses": 0,
    "sellingAndMarketingExpenses": 0,
    "sellingGeneralAndAdministrativeExpenses": 975000000,
    "otherExpenses": 0,
    "operatingExpenses": 4689000000,
    "costAndExpenses": 15297000000,
    "interestIncome": 511000000,
    "interestExpense": 61000000,
    "depreciationAndAmortization": 543000000,
    "ebitda": 25821000000,
    "ebitdaratio": 0.6565050469,
    "operatingIncome": 24034000000,
    "operatingIncomeRatio": 0.6110701482,
    "totalOtherIncomeExpensesNet": 1183000000,
    "incomeBeforeTax": 25217000000,
    "incomeBeforeTaxRatio": 0.6411482037,
    "incomeTaxExpense": 3126000000,
    "netIncome": 22091000000,
    "netIncomeRatio": 0.5616689126,
    "eps": 0.9,
    "epsdiluted": 0.89,
    "weightedAverageShsOut": 24489000000,
    "weightedAverageShsOutDil": 24706000000,
    "link": "https://www.sec.gov/Archives/edgar/data/1045810/000104581025000023/0001045810-25-000023-index.htm",
    "finalLink": "https://www.sec.gov/Archives/edgar/data/1045810/000104581025000023/nvda-20250126.htm"
  },
  {
    "date": "2024-10-27",
    "symbol": "NVDA",
    "reportedCurrency": "USD",
    "cik": "0001045810",
    "fillingDate": "2024-11-20",
    "acceptedDate": "2024-11-20 16:31:22",
    "calendarYear": "2025",
    "period": "Q3",
    "revenue": 35082000000,
    "costOfRevenue": 8926000000,
    "grossProfit": 26156000000,
    "grossProfitRatio": 0.7455675275,
    "researchAndDevelopmentExpenses": 3390000000,
    "generalAndAdministrativeExpenses": 0,
    "sellingAndMarketingExpenses": 0,
    "sellingGeneralAndAdministrativeExpenses": 897000000,
    "otherExpenses": 0,
    "operatingExpenses": 4287000000,
    "costAndExpenses": 13213000000,
    "interestIncome": 472000000,
    "interestExpense": 61000000,
    "depreciationAndAmortization": 478000000,
    "ebitda": 22855000000,
    "ebitdaratio": 0.6514736902,
    "operatingIncome": 21869000000,
    "operatingIncomeRatio": 0.623368109,
    "totalOtherIncomeExpensesNet": 447000000,
    "incomeBeforeTax": 22316000000,
    "incomeBeforeTaxRatio": 0.6361096859,
    "incomeTaxExpense": 3007000000,
    "netIncome": 19309000000,
    "netIncomeRatio": 0.5503962146,
    "eps": 0.79,
    "epsdiluted": 0.78,
    "weightedAverageShsOut": 24533000000,
    "weightedAverageShsOutDil": 24774000000,
    "link": "https://www.sec.gov/Archives/edgar/data/1045810/000104581024000316/0001045810-24-000316-index.htm",
    "finalLink": "https://www.sec.gov/Archives/edgar/data/1045810/000104581024000316/nvda-20241027.htm"
  },
  {
    "date": "2024-07-28",
    "symbol": "NVDA",
    "reportedCurrency": "USD",
    "cik": "0001045810",
    "fillingDate": "2024-08-28",
    "acceptedDate": "2024-08-28 17:05:08",
    "calendarYear": "2025",
    "period": "Q2",
    "revenue": 30040000000,
    "costOfRevenue": 7466000000,
    "grossProfit": 22574000000,
    "grossProfitRatio": 0.7514647137,
    "researchAndDevelopmentExpenses": 3090000000,
    "generalAndAdministrativeExpenses": 0,
    "sellingAndMarketingExpenses": 0,
    "sellingGeneralAndAdministrativeExpenses": 842000000,
    "otherExpenses": 0,
    "operatingExpenses": 3932000000,
    "costAndExpenses": 11398000000,
    "interestIncome": 444000000,
    "interestExpense": 61000000,
    "depreciationAndAmortization": 433000000,
    "ebitda": 19708000000,
    "ebitdaratio": 0.6560585885,
    "operatingIncome": 18642000000,
    "operatingIncomeRatio": 0.6205725699,
    "totalOtherIncomeExpensesNet": 572000000,
    "incomeBeforeTax": 19214000000,
    "incomeBeforeTaxRatio": 0.6396138482,
    "incomeTaxExpense": 2615000000,
    "netIncome": 16599000000,
    "netIncomeRatio": 0.552563249,
    "eps": 0.68,
    "epsdiluted": 0.67,
    "weightedAverageShsOut": 24578000000,
    "weightedAverageShsOutDil": 24848000000,
    "link": "https://www.sec.gov/Archives/edgar/data/1045810/000104581024000264/0001045810-24-000264-index.htm",
    "finalLink": "https://www.sec.gov/Archives/edgar/data/1045810/000104581024000264/nvda-20240728.htm"
  },
  {
    "date": "2024-04-28",
    "symbol": "NVDA",
    "reportedCurrency": "USD",
    "cik": "0001045810",
    "fillingDate": "2024-05-29",
    "acceptedDate": "2024-05-29 16:36:32",
    "calendarYear": "2025",
    "period": "Q1",
    "revenue": 26044000000,
    "costOfRevenue": 5638000000,
    "grossProfit": 20406000000,
    "grossProfitRatio": 0.7835201966,
    "researchAndDevelopmentExpenses": 2720000000,
    "generalAndAdministrativeExpenses": 0,
    "sellingAndMarketingExpenses": 0,
    "sellingGeneralAndAdministrativeExpenses": 777000000,
    "otherExpenses": 0,
    "operatingExpenses": 3497000000,
    "costAndExpenses": 9135000000,
    "interestIncome": 359000000,
    "interestExpense": 64000000,
    "depreciationAndAmortization": 410000000,
    "ebitda": 17753000000,
    "ebitdaratio": 0.6816541238,
    "operatingIncome": 16909000000,
    "operatingIncomeRatio": 0.6492474274,
    "totalOtherIncomeExpensesNet": 370000000,
    "incomeBeforeTax": 17279000000,
    "incomeBeforeTaxRatio": 0.6634541545,
    "incomeTaxExpense": 2398000000,
    "netIncome": 14881000000,
    "netIncomeRatio": 0.5713792044,
    "eps": 0.6,
    "epsdiluted": 0.6,
    "weightedAverageShsOut": 24620000000,
    "weightedAverageShsOutDil": 24890000000,
    "link": "https://www.sec.gov/Archives/edgar/data/1045810/000104581024000124/0001045810-24-000124-index.htm",
    "finalLink": "https://www.sec.gov/Archives/edgar/data/1045810/000104581024000124/nvda-20240428.htm"
  },
  {
    "date": "2024-01-28",
    "symbol": "NVDA",
    "reportedCurrency": "USD",
    "cik": "0001045810",
    "fillingDate": "2024-02-21",
    "acceptedDate": "2024-02-21 16:36:57",
    "calendarYear": "2024",
    "period": "Q4",
    "revenue": 22103000000,
    "costOfRevenue": 5312000000,
    "grossProfit": 16791000000,
    "grossProfitRatio": 0.7596706329,
    "researchAndDevelopmentExpenses": 2465000000,
    "generalAndAdministrativeExpenses": 0,
    "sellingAndMarketingExpenses": 0,
    "sellingGeneralAndAdministrativeExpenses": 712000000,
    "otherExpenses": 0,
    "operatingExpenses": 3177000000,
    "costAndExpenses": 8489000000,
    "interestIncome": 294000000,
    "interestExpense": 63000000,
    "depreciationAndAmortization": 387000000,
    "ebitda": 14556000000,
    "ebitdaratio": 0.6585531376,
    "operatingIncome": 13614000000,
    "operatingIncomeRatio": 0.6159344885,
    "totalOtherIncomeExpensesNet": 492000000,
    "incomeBeforeTax": 14106000000,
    "incomeBeforeTaxRatio": 0.6381939103,
    "incomeTaxExpense": 1821000000,
    "netIncome": 12285000000,
    "netIncomeRatio": 0.555806904,
    "eps": 0.5,
    "epsdiluted": 0.49,
    "weightedAverageShsOut": 24660000000,
    "weightedAverageShsOutDil": 24900000000,
    "link": "https://www.sec.gov/Archives/edgar/data/1045810/000104581024000029/0001045810-24-000029-index.htm",
    "finalLink": "https://www.sec.gov/Archives/edgar/data/1045810/000104581024000029/nvda-20240128.htm"
  },
  {
    "date": "2023-10-29",
    "symbol": "NVDA",
    "reportedCurrency": "USD",
    "cik": "0001045810",
    "fillingDate": "2023-11-21",
    "acceptedDate": "2023-11-21 16:36:29",
    "calendarYear": "2024",
    "period": "Q3",
    "revenue": 18120000000,
    "costOfRevenue": 4720000000,
    "grossProfit": 13400000000,
    "grossProfitRatio": 0.7395143488,
    "researchAndDevelopmentExpenses": 2294000000,
    "generalAndAdministrativeExpenses": 0,
    "sellingAndMarketingExpenses": 0,
    "sellingGeneralAndAdministrativeExpenses": 689000000,
    "otherExpenses": 0,
    "operatingExpenses": 2983000000,
    "costAndExpenses": 7703000000,
    "interestIncome": 234000000,
    "interestExpense": 63000000,
    "depreciationAndAmortization": 372000000,
    "ebitda": 10957000000,
    "ebitdaratio": 0.6046909492,
    "operatingIncome": 10417000000,
    "operatingIncomeRatio": 0.5748896247,
    "totalOtherIncomeExpensesNet": 105000000,
    "incomeBeforeTax": 10522000000,
    "incomeBeforeTaxRatio": 0.5806843267,
    "incomeTaxExpense": 1279000000,
    "netIncome": 9243000000,
    "netIncomeRatio": 0.5100993377,
    "eps": 0.38,
    "epsdiluted": 0.37,
    "weightedAverageShsOut": 24680000000,
    "weightedAverageShsOutDil": 24940000000,
    "link": "https://www.sec.gov/Archives/edgar/data/1045810/000104581023000227/0001045810-23-000227-index.htm",
    "finalLink": "https://www.sec.gov/Archives/edgar/data/1045810/000104581023000227/nvda-20231029.htm"
  },
  {
    "date": "2023-07-30",
    "symbol": "NVDA",
    "reportedCurrency": "USD",
    "cik": "0001045810",
    "fillingDate": "2023-08-28",
    "acceptedDate": "2023-08-25 19:36:34",
    "calendarYear": "2024",
    "period": "Q2",
    "revenue": 13507000000,
    "costOfRevenue": 4045000000,
    "grossProfit": 9462000000,
    "grossProfitRatio": 0.7005256534,
    "researchAndDevelopmentExpenses": 2040000000,
    "generalAndAdministrativeExpenses": 0,
    "sellingAndMarketingExpenses": 0,
    "sellingGeneralAndAdministrativeExpenses": 622000000,
    "otherExpenses": 0,
    "operatingExpenses": 2662000000,
    "costAndExpenses": 6707000000,
    "interestIncome": 187000000,
    "interestExpense": 65000000,
    "depreciationAndAmortization": 365000000,
    "ebitda": 7411000000,
    "ebitdaratio": 0.548678463,
    "operatingIncome": 6800000000,
    "operatingIncomeRatio": 0.5034426594,
    "totalOtherIncomeExpensesNet": 181000000,
    "incomeBeforeTax": 6981000000,
    "incomeBeforeTaxRatio": 0.5168431184,
    "incomeTaxExpense": 793000000,
    "netIncome": 6188000000,
    "netIncomeRatio": 0.45813282,
    "eps": 0.25,
    "epsdiluted": 0.25,
    "weightedAverageShsOut": 24730000000,
    "weightedAverageShsOutDil": 24990000000,
    "link": "https://www.sec.gov/Archives/edgar/data/1045810/000104581023000175/0001045810-23-000175-index.htm",
    "finalLink": "https://www.sec.gov/Archives/edgar/data/1045810/000104581023000175/nvda-20230730.htm"
  },
  {
    "date": "2023-04-30",
    "symbol": "NVDA",
    "reportedCurrency": "USD",
    "cik": "0001045810",
    "fillingDate": "2023-05-26",
    "acceptedDate": "2023-05-26 16:17:32",
    "calendarYear": "2024",
    "period": "Q1",
    "revenue": 7192000000,
    "costOfRevenue": 2544000000,
    "grossProfit": 4648000000,
    "grossProfitRatio": 0.6462736374,
    "researchAndDevelopmentExpenses": 1875000000,
    "generalAndAdministrativeExpenses": 0,
    "sellingAndMarketingExpenses": 0,
    "sellingGeneralAndAdministrativeExpenses": 633000000,
    "otherExpenses": 0,
    "operatingExpenses": 2508000000,
    "costAndExpenses": 5052000000,
    "interestIncome": 150000000,
    "interestExpense": 66000000,
    "depreciationAndAmortization": 384000000,
    "ebitda": 2659000000,
    "ebitdaratio": 0.3697163515,
    "operatingIncome": 2140000000,
    "operatingIncomeRatio": 0.2975528365,
    "totalOtherIncomeExpensesNet": 69000000,
    "incomeBeforeTax": 2209000000,
    "incomeBeforeTaxRatio": 0.3071468298,
    "incomeTaxExpense": 166000000,
    "netIncome": 2043000000,
    "netIncomeRatio": 0.2840656285,
    "eps": 0.083,
    "epsdiluted": 0.082,
    "weightedAverageShsOut": 24700000000,
    "weightedAverageShsOutDil": 24900000000,
    "link": "https://www.sec.gov/Archives/edgar/data/1045810/000104581023000093/0001045810-23-000093-index.htm",
    "finalLink": "https://www.sec.gov/Archives/edgar/data/1045810/000104581023000093/nvda-20230430.htm"
  },
  {
    "date": "2023-01-29",
    "symbol": "NVDA",
    "reportedCurrency": "USD",
    "cik": "0001045810",
    "fillingDate": "2023-02-24",
    "acceptedDate": "2023-02-24 17:23:43",
    "calendarYear": "2023",
    "period": "Q4",
    "revenue": 6051000000,
    "costOfRevenue": 2218000000,
    "grossProfit": 3833000000,
    "grossProfitRatio": 0.6334490167,
    "researchAndDevelopmentExpenses": 1952000000,
    "generalAndAdministrativeExpenses": 0,
    "sellingAndMarketingExpenses": 0,
    "sellingGeneralAndAdministrativeExpenses": 625000000,
    "otherExpenses": 0,
    "operatingExpenses": 2577000000,
    "costAndExpenses": 4795000000,
    "interestIncome": 115000000,
    "interestExpense": 64000000,
    "depreciationAndAmortization": 426000000,
    "ebitda": 1778000000,
    "ebitdaratio": 0.2938357296,
    "operatingIncome": 1256000000,
    "operatingIncomeRatio": 0.2075689969,
    "totalOtherIncomeExpensesNet": 32000000,
    "incomeBeforeTax": 1288000000,
    "incomeBeforeTaxRatio": 0.2128573789,
    "incomeTaxExpense": -126000000,
    "netIncome": 1414000000,
    "netIncomeRatio": 0.2336803834,
    "eps": 0.0574,
    "epsdiluted": 0.0571,
    "weightedAverageShsOut": 24640000000,
    "weightedAverageShsOutDil": 24770000000,
    "link": "https://www.sec.gov/Archives/edgar/data/1045810/000104581023000017/0001045810-23-000017-index.htm",
    "finalLink": "https://www.sec.gov/Archives/edgar/data/1045810/000104581023000017/nvda-20230129.htm"
  },
  {
    "date": "2022-10-30",
    "symbol": "NVDA",
    "reportedCurrency": "USD",
    "cik": "0001045810",
    "fillingDate": "2022-11-18",
    "acceptedDate": "2022-11-18 16:35:31",
    "calendarYear": "2023",
    "period": "Q3",
    "revenue": 5931000000,
    "costOfRevenue": 2754000000,
    "grossProfit": 3177000000,
    "grossProfitRatio": 0.535660091,
    "researchAndDevelopmentExpenses": 1945000000,
    "generalAndAdministrativeExpenses": 0,
    "sellingAndMarketingExpenses": 0,
    "sellingGeneralAndAdministrativeExpenses": 631000000,
    "otherExpenses": 0,
    "operatingExpenses": 2576000000,
    "costAndExpenses": 5330000000,
    "interestIncome": 88000000,
    "interestExpense": 65000000,
    "depreciationAndAmortization": 406000000,
    "ebitda": 1084000000,
    "ebitdaratio": 0.1827685045,
    "operatingIncome": 601000000,
    "operatingIncomeRatio": 0.1013319845,
    "totalOtherIncomeExpensesNet": 12000000,
    "incomeBeforeTax": 613000000,
    "incomeBeforeTaxRatio": 0.1033552521,
    "incomeTaxExpense": -67000000,
    "netIncome": 680000000,
    "netIncomeRatio": 0.1146518294,
    "eps": 0.027,
    "epsdiluted": 0.027,
    "weightedAverageShsOut": 24830000000,
    "weightedAverageShsOutDil": 24990000000,
    "link": "https://www.sec.gov/Archives/edgar/data/1045810/000104581022000166/0001045810-22-000166-index.htm",
    "finalLink": "https://www.sec.gov/Archives/edgar/data/1045810/000104581022000166/nvda-20221030.htm"
  },
  {
    "date": "2022-07-31",
    "symbol": "NVDA",
    "reportedCurrency": "USD",
    "cik": "0001045810",
    "fillingDate": "2022-08-31",
    "acceptedDate": "2022-08-31 17:01:35",
    "calendarYear": "2023",
    "period": "Q2",
    "revenue": 6704000000,
    "costOfRevenue": 3789000000,
    "grossProfit": 2915000000,
    "grossProfitRatio": 0.4348150358,
    "researchAndDevelopmentExpenses": 1824000000,
    "generalAndAdministrativeExpenses": 0,
    "sellingAndMarketingExpenses": 0,
    "sellingGeneralAndAdministrativeExpenses": 592000000,
    "otherExpenses": 0,
    "operatingExpenses": 2416000000,
    "costAndExpenses": 6205000000,
    "interestIncome": 46000000,
    "interestExpense": 65000000,
    "depreciationAndAmortization": 378000000,
    "ebitda": 918000000,
    "ebitdaratio": 0.1369331742,
    "operatingIncome": 499000000,
    "operatingIncomeRatio": 0.0744331742,
    "totalOtherIncomeExpensesNet": -24000000,
    "incomeBeforeTax": 475000000,
    "incomeBeforeTaxRatio": 0.070853222,
    "incomeTaxExpense": -181000000,
    "netIncome": 656000000,
    "netIncomeRatio": 0.0978520286,
    "eps": 0.026,
    "epsdiluted": 0.026,
    "weightedAverageShsOut": 24950000000,
    "weightedAverageShsOutDil": 25160000000,
    "link": "https://www.sec.gov/Archives/edgar/data/1045810/000104581022000147/0001045810-22-000147-index.htm",
    "finalLink": "https://www.sec.gov/Archives/edgar/data/1045810/000104581022000147/nvda-20220731.htm"
  },
  {
    "date": "2022-05-01",
    "symbol": "NVDA",
    "reportedCurrency": "USD",
    "cik": "0001045810",
    "fillingDate": "2022-05-27",
    "acceptedDate": "2022-05-27 16:21:55",
    "calendarYear": "2023",
    "period": "Q1",
    "revenue": 8288000000,
    "costOfRevenue": 2857000000,
    "grossProfit": 5431000000,
    "grossProfitRatio": 0.655284749,
    "researchAndDevelopmentExpenses": 1618000000,
    "generalAndAdministrativeExpenses": 0,
    "sellingAndMarketingExpenses": 0,
    "sellingGeneralAndAdministrativeExpenses": 592000000,
    "otherExpenses": 1353000000,
    "operatingExpenses": 3563000000,
    "costAndExpenses": 6420000000,
    "interestIncome": 18000000,
    "interestExpense": 68000000,
    "depreciationAndAmortization": 334000000,
    "ebitda": 2207000000,
    "ebitdaratio": 0.26628861,
    "operatingIncome": 1868000000,
    "operatingIncomeRatio": 0.2253861004,
    "totalOtherIncomeExpensesNet": -63000000,
    "incomeBeforeTax": 1805000000,
    "incomeBeforeTaxRatio": 0.217784749,
    "incomeTaxExpense": 187000000,
    "netIncome": 1618000000,
    "netIncomeRatio": 0.1952220077,
    "eps": 0.065,
    "epsdiluted": 0.064,
    "weightedAverageShsOut": 25060000000,
    "weightedAverageShsOutDil": 25370000000,
    "link": "https://www.sec.gov/Archives/edgar/data/1045810/000104581022000079/0001045810-22-000079-index.htm",
    "finalLink": "https://www.sec.gov/Archives/edgar/data/1045810/000104581022000079/nvda-20220501.htm"
  },
  {
    "date": "2022-01-30",
    "symbol": "NVDA",
    "reportedCurrency": "USD",
    "cik": "0001045810",
    "fillingDate": "2022-03-18",
    "acceptedDate": "2022-03-17 20:33:34",
    "calendarYear": "2022",
    "period": "Q4",
    "revenue": 7643000000,
    "costOfRevenue": 2644000000,
    "grossProfit": 4999000000,
    "grossProfitRatio": 0.6540625409,
    "researchAndDevelopmentExpenses": 1466000000,
    "generalAndAdministrativeExpenses": 0,
    "sellingAndMarketingExpenses": 0,
    "sellingGeneralAndAdministrativeExpenses": 563000000,
    "otherExpenses": 0,
    "operatingExpenses": 2029000000,
    "costAndExpenses": 4673000000,
    "interestIncome": 9000000,
    "interestExpense": 61000000,
    "depreciationAndAmortization": 309000000,
    "ebitda": 3235000000,
    "ebitdaratio": 0.4232631166,
    "operatingIncome": 2970000000,
    "operatingIncomeRatio": 0.3885908675,
    "totalOtherIncomeExpensesNet": -105000000,
    "incomeBeforeTax": 2865000000,
    "incomeBeforeTaxRatio": 0.3748528065,
    "incomeTaxExpense": -138000000,
    "netIncome": 3003000000,
    "netIncomeRatio": 0.3929085438,
    "eps": 0.12,
    "epsdiluted": 0.12,
    "weightedAverageShsOut": 25040000000,
    "weightedAverageShsOutDil": 25450000000,
    "link": "https://www.sec.gov/Archives/edgar/data/1045810/000104581022000036/0001045810-22-000036-index.htm",
    "finalLink": "https://www.sec.gov/Archives/edgar/data/1045810/000104581022000036/nvda-20220130.htm"
  },
  {
    "date": "2021-10-31",
    "symbol": "NVDA",
    "reportedCurrency": "USD",
    "cik": "0001045810",
    "fillingDate": "2021-11-22",
    "acceptedDate": "2021-11-19 21:16:20",
    "calendarYear": "2022",
    "period": "Q3",
    "revenue": 7103000000,
    "costOfRevenue": 2472000000,
    "grossProfit": 4631000000,
    "grossProfitRatio": 0.6519780374,
    "researchAndDevelopmentExpenses": 1403000000,
    "generalAndAdministrativeExpenses": 0,
    "sellingAndMarketingExpenses": 0,
    "sellingGeneralAndAdministrativeExpenses": 557000000,
    "otherExpenses": 0,
    "operatingExpenses": 1960000000,
    "costAndExpenses": 4432000000,
    "interestIncome": 7000000,
    "interestExpense": 62000000,
    "depreciationAndAmortization": 298000000,
    "ebitda": 2998000000,
    "ebitdaratio": 0.4220751795,
    "operatingIncome": 2671000000,
    "operatingIncomeRatio": 0.3760382937,
    "totalOtherIncomeExpensesNet": -33000000,
    "incomeBeforeTax": 2638000000,
    "incomeBeforeTaxRatio": 0.3713923694,
    "incomeTaxExpense": 174000000,
    "netIncome": 2464000000,
    "netIncomeRatio": 0.3468956779,
    "eps": 0.099,
    "epsdiluted": 0.097,
    "weightedAverageShsOut": 24990000000,
    "weightedAverageShsOutDil": 25380000000,
    "link": "https://www.sec.gov/Archives/edgar/data/1045810/000104581021000163/0001045810-21-000163-index.htm",
    "finalLink": "https://www.sec.gov/Archives/edgar/data/1045810/000104581021000163/nvda-20211031.htm"
  },
  {
    "date": "2021-08-01",
    "symbol": "NVDA",
    "reportedCurrency": "USD",
    "cik": "0001045810",
    "fillingDate": "2021-08-20",
    "acceptedDate": "2021-08-20 16:32:40",
    "calendarYear": "2022",
    "period": "Q2",
    "revenue": 6507000000,
    "costOfRevenue": 2292000000,
    "grossProfit": 4215000000,
    "grossProfitRatio": 0.6477639465,
    "researchAndDevelopmentExpenses": 1245000000,
    "generalAndAdministrativeExpenses": 0,
    "sellingAndMarketingExpenses": 0,
    "sellingGeneralAndAdministrativeExpenses": 526000000,
    "otherExpenses": 0,
    "operatingExpenses": 1771000000,
    "costAndExpenses": 4063000000,
    "interestIncome": 6000000,
    "interestExpense": 60000000,
    "depreciationAndAmortization": 286000000,
    "ebitda": 2740000000,
    "ebitdaratio": 0.4210849854,
    "operatingIncome": 2444000000,
    "operatingIncomeRatio": 0.3755955125,
    "totalOtherIncomeExpensesNet": -50000000,
    "incomeBeforeTax": 2394000000,
    "incomeBeforeTaxRatio": 0.3679114799,
    "incomeTaxExpense": 20000000,
    "netIncome": 2374000000,
    "netIncomeRatio": 0.3648378669,
    "eps": 0.095,
    "epsdiluted": 0.094,
    "weightedAverageShsOut": 24930000000,
    "weightedAverageShsOutDil": 25320000000,
    "link": "https://www.sec.gov/Archives/edgar/data/1045810/000104581021000131/0001045810-21-000131-index.htm",
    "finalLink": "https://www.sec.gov/Archives/edgar/data/1045810/000104581021000131/nvda-20210801.htm"
  },
  {
    "date": "2021-05-02",
    "symbol": "NVDA",
    "reportedCurrency": "USD",
    "cik": "0001045810",
    "fillingDate": "2021-05-26",
    "acceptedDate": "2021-05-26 16:35:56",
    "calendarYear": "2022",
    "period": "Q1",
    "revenue": 5661000000,
    "costOfRevenue": 2032000000,
    "grossProfit": 3629000000,
    "grossProfitRatio": 0.6410528175,
    "researchAndDevelopmentExpenses": 1153000000,
    "generalAndAdministrativeExpenses": 0,
    "sellingAndMarketingExpenses": 0,
    "sellingGeneralAndAdministrativeExpenses": 520000000,
    "otherExpenses": 0,
    "operatingExpenses": 1673000000,
    "costAndExpenses": 3705000000,
    "interestIncome": 6000000,
    "interestExpense": 53000000,
    "depreciationAndAmortization": 281000000,
    "ebitda": 2378000000,
    "ebitdaratio": 0.4200671259,
    "operatingIncome": 1956000000,
    "operatingIncomeRatio": 0.3455219926,
    "totalOtherIncomeExpensesNet": 88000000,
    "incomeBeforeTax": 2044000000,
    "incomeBeforeTaxRatio": 0.3610669493,
    "incomeTaxExpense": 132000000,
    "netIncome": 1912000000,
    "netIncomeRatio": 0.3377495142,
    "eps": 0.077,
    "epsdiluted": 0.076,
    "weightedAverageShsOut": 24840000000,
    "weightedAverageShsOutDil": 25280000000,
    "link": "https://www.sec.gov/Archives/edgar/data/1045810/000104581021000064/0001045810-21-000064-index.htm",
    "finalLink": "https://www.sec.gov/Archives/edgar/data/1045810/000104581021000064/nvda-20210502.htm"
  },
  {
    "date": "2021-01-31",
    "symbol": "NVDA",
    "reportedCurrency": "USD",
    "cik": "0001045810",
    "fillingDate": "2021-02-26",
    "acceptedDate": "2021-02-26 17:03:14",
    "calendarYear": "2021",
    "period": "Q4",
    "revenue": 5003000000,
    "costOfRevenue": 1847000000,
    "grossProfit": 3156000000,
    "grossProfitRatio": 0.6308215071,
    "researchAndDevelopmentExpenses": 1146000000,
    "generalAndAdministrativeExpenses": 0,
    "sellingAndMarketingExpenses": 0,
    "sellingGeneralAndAdministrativeExpenses": 503000000,
    "otherExpenses": 0,
    "operatingExpenses": 1649000000,
    "costAndExpenses": 3496000000,
    "interestIncome": 7000000,
    "interestExpense": 53000000,
    "depreciationAndAmortization": 288000000,
    "ebitda": 1811000000,
    "ebitdaratio": 0.3619828103,
    "operatingIncome": 1507000000,
    "operatingIncomeRatio": 0.3012192684,
    "totalOtherIncomeExpensesNet": -37000000,
    "incomeBeforeTax": 1470000000,
    "incomeBeforeTaxRatio": 0.2938237058,
    "incomeTaxExpense": 13000000,
    "netIncome": 1457000000,
    "netIncomeRatio": 0.2912252648,
    "eps": 0.059,
    "epsdiluted": 0.058,
    "weightedAverageShsOut": 24760000000,
    "weightedAverageShsOutDil": 25240000000,
    "link": "https://www.sec.gov/Archives/edgar/data/1045810/000104581021000010/0001045810-21-000010-index.htm",
    "finalLink": "https://www.sec.gov/Archives/edgar/data/1045810/000104581021000010/nvda-20210131.htm"
  },
  {
    "date": "2020-10-25",
    "symbol": "NVDA",
    "reportedCurrency": "USD",
    "cik": "0001045810",
    "fillingDate": "2020-11-18",
    "acceptedDate": "2020-11-18 16:35:57",
    "calendarYear": "2021",
    "period": "Q3",
    "revenue": 4726000000,
    "costOfRevenue": 1766000000,
    "grossProfit": 2960000000,
    "grossProfitRatio": 0.6263224714,
    "researchAndDevelopmentExpenses": 1047000000,
    "generalAndAdministrativeExpenses": 0,
    "sellingAndMarketingExpenses": 0,
    "sellingGeneralAndAdministrativeExpenses": 515000000,
    "otherExpenses": 0,
    "operatingExpenses": 1562000000,
    "costAndExpenses": 3328000000,
    "interestIncome": 7000000,
    "interestExpense": 53000000,
    "depreciationAndAmortization": 299000000,
    "ebitda": 1700000000,
    "ebitdaratio": 0.3597122302,
    "operatingIncome": 1398000000,
    "operatingIncomeRatio": 0.2958104105,
    "totalOtherIncomeExpensesNet": -50000000,
    "incomeBeforeTax": 1348000000,
    "incomeBeforeTaxRatio": 0.285230639,
    "incomeTaxExpense": 12000000,
    "netIncome": 1336000000,
    "netIncomeRatio": 0.2826914939,
    "eps": 0.054,
    "epsdiluted": 0.053,
    "weightedAverageShsOut": 24720000000,
    "weightedAverageShsOutDil": 25200000000,
    "link": "https://www.sec.gov/Archives/edgar/data/1045810/000104581020000189/0001045810-20-000189-index.htm",
    "finalLink": "https://www.sec.gov/Archives/edgar/data/1045810/000104581020000189/nvda-20201025.htm"
  },
  {
    "date": "2020-07-26",
    "symbol": "NVDA",
    "reportedCurrency": "USD",
    "cik": "0001045810",
    "fillingDate": "2020-08-19",
    "acceptedDate": "2020-08-19 16:36:51",
    "calendarYear": "2021",
    "period": "Q2",
    "revenue": 3866000000,
    "costOfRevenue": 1591000000,
    "grossProfit": 2275000000,
    "grossProfitRatio": 0.5884635282,
    "researchAndDevelopmentExpenses": 997000000,
    "generalAndAdministrativeExpenses": 0,
    "sellingAndMarketingExpenses": 0,
    "sellingGeneralAndAdministrativeExpenses": 627000000,
    "otherExpenses": 0,
    "operatingExpenses": 1624000000,
    "costAndExpenses": 3215000000,
    "interestIncome": 13000000,
    "interestExpense": 54000000,
    "depreciationAndAmortization": 404000000,
    "ebitda": 1067000000,
    "ebitdaratio": 0.2759958614,
    "operatingIncome": 651000000,
    "operatingIncomeRatio": 0.1683911019,
    "totalOtherIncomeExpensesNet": -42000000,
    "incomeBeforeTax": 609000000,
    "incomeBeforeTaxRatio": 0.1575271599,
    "incomeTaxExpense": -13000000,
    "netIncome": 622000000,
    "netIncomeRatio": 0.1608898086,
    "eps": 0.025,
    "epsdiluted": 0.025,
    "weightedAverageShsOut": 24640000000,
    "weightedAverageShsOutDil": 25040000000,
    "link": "https://www.sec.gov/Archives/edgar/data/1045810/000104581020000147/0001045810-20-000147-index.htm",
    "finalLink": "https://www.sec.gov/Archives/edgar/data/1045810/000104581020000147/nvda-20200726.htm"
  },
  {
    "date": "2020-04-26",
    "symbol": "NVDA",
    "reportedCurrency": "USD",
    "cik": "0001045810",
    "fillingDate": "2020-05-21",
    "acceptedDate": "2020-05-21 16:32:58",
    "calendarYear": "2021",
    "period": "Q1",
    "revenue": 3080000000,
    "costOfRevenue": 1076000000,
    "grossProfit": 2004000000,
    "grossProfitRatio": 0.6506493506,
    "researchAndDevelopmentExpenses": 735000000,
    "generalAndAdministrativeExpenses": 0,
    "sellingAndMarketingExpenses": 0,
    "sellingGeneralAndAdministrativeExpenses": 293000000,
    "otherExpenses": 0,
    "operatingExpenses": 1028000000,
    "costAndExpenses": 2104000000,
    "interestIncome": 31000000,
    "interestExpense": 25000000,
    "depreciationAndAmortization": 107000000,
    "ebitda": 1113000000,
    "ebitdaratio": 0.3613636364,
    "operatingIncome": 976000000,
    "operatingIncomeRatio": 0.3168831169,
    "totalOtherIncomeExpensesNet": 5000000,
    "incomeBeforeTax": 981000000,
    "incomeBeforeTaxRatio": 0.3185064935,
    "incomeTaxExpense": 64000000,
    "netIncome": 917000000,
    "netIncomeRatio": 0.2977272727,
    "eps": 0.037,
    "epsdiluted": 0.037,
    "weightedAverageShsOut": 24560000000,
    "weightedAverageShsOutDil": 24880000000,
    "link": "https://www.sec.gov/Archives/edgar/data/1045810/000104581020000065/0001045810-20-000065-index.htm",
    "finalLink": "https://www.sec.gov/Archives/edgar/data/1045810/000104581020000065/nvda-20200426.htm"
  },
  {
    "date": "2020-01-26",
    "symbol": "NVDA",
    "reportedCurrency": "USD",
    "cik": "0001045810",
    "fillingDate": "2020-02-20",
    "acceptedDate": "2020-02-20 16:38:18",
    "calendarYear": "2020",
    "period": "Q4",
    "revenue": 3105000000,
    "costOfRevenue": 1090000000,
    "grossProfit": 2015000000,
    "grossProfitRatio": 0.6489533011,
    "researchAndDevelopmentExpenses": 738000000,
    "generalAndAdministrativeExpenses": 0,
    "sellingAndMarketingExpenses": 0,
    "sellingGeneralAndAdministrativeExpenses": 287000000,
    "otherExpenses": 0,
    "operatingExpenses": 1025000000,
    "costAndExpenses": 2115000000,
    "interestIncome": 41000000,
    "interestExpense": 13000000,
    "depreciationAndAmortization": 106000000,
    "ebitda": 1135000000,
    "ebitdaratio": 0.3655394525,
    "operatingIncome": 990000000,
    "operatingIncomeRatio": 0.3188405797,
    "totalOtherIncomeExpensesNet": 26000000,
    "incomeBeforeTax": 1016000000,
    "incomeBeforeTaxRatio": 0.3272141707,
    "incomeTaxExpense": 65000000,
    "netIncome": 951000000,
    "netIncomeRatio": 0.3062801932,
    "eps": 0.039,
    "epsdiluted": 0.038,
    "weightedAverageShsOut": 24480000000,
    "weightedAverageShsOutDil": 24840000000,
    "link": "https://www.sec.gov/Archives/edgar/data/1045810/000104581020000010/0001045810-20-000010-index.htm",
    "finalLink": "https://www.sec.gov/Archives/edgar/data/1045810/000104581020000010/nvda-2020x10k.htm"
  },
  {
    "date": "2019-10-27",
    "symbol": "NVDA",
    "reportedCurrency": "USD",
    "cik": "0001045810",
    "fillingDate": "2019-11-14",
    "acceptedDate": "2019-11-14 16:36:33",
    "calendarYear": "2020",
    "period": "Q3",
    "revenue": 3014000000,
    "costOfRevenue": 1098000000,
    "grossProfit": 1916000000,
    "grossProfitRatio": 0.6357000664,
    "researchAndDevelopmentExpenses": 712000000,
    "generalAndAdministrativeExpenses": 0,
    "sellingAndMarketingExpenses": 0,
    "sellingGeneralAndAdministrativeExpenses": 277000000,
    "otherExpenses": 0,
    "operatingExpenses": 989000000,
    "costAndExpenses": 2087000000,
    "interestIncome": 45000000,
    "interestExpense": 13000000,
    "depreciationAndAmortization": 92000000,
    "ebitda": 1064000000,
    "ebitdaratio": 0.3530192435,
    "operatingIncome": 927000000,
    "operatingIncomeRatio": 0.3075646981,
    "totalOtherIncomeExpensesNet": 32000000,
    "incomeBeforeTax": 959000000,
    "incomeBeforeTaxRatio": 0.3181818182,
    "incomeTaxExpense": 60000000,
    "netIncome": 899000000,
    "netIncomeRatio": 0.298274718,
    "eps": 0.037,
    "epsdiluted": 0.036,
    "weightedAverageShsOut": 24400000000,
    "weightedAverageShsOutDil": 24720000000,
    "link": "https://www.sec.gov/Archives/edgar/data/1045810/000104581019000170/0001045810-19-000170-index.htm",
    "finalLink": "https://www.sec.gov/Archives/edgar/data/1045810/000104581019000170/nvda2020q310q.htm"
  },
  {
    "date": "2019-07-28",
    "symbol": "NVDA",
    "reportedCurrency": "USD",
    "cik": "0001045810",
    "fillingDate": "2019-08-15",
    "acceptedDate": "2019-08-15 17:20:59",
    "calendarYear": "2020",
    "period": "Q2",
    "revenue": 2579000000,
    "costOfRevenue": 1038000000,
    "grossProfit": 1541000000,
    "grossProfitRatio": 0.597518418,
    "researchAndDevelopmentExpenses": 704000000,
    "generalAndAdministrativeExpenses": 0,
    "sellingAndMarketingExpenses": 0,
    "sellingGeneralAndAdministrativeExpenses": 266000000,
    "otherExpenses": 0,
    "operatingExpenses": 970000000,
    "costAndExpenses": 2008000000,
    "interestIncome": 47000000,
    "interestExpense": 13000000,
    "depreciationAndAmortization": 92000000,
    "ebitda": 711000000,
    "ebitdaratio": 0.2756882513,
    "operatingIncome": 571000000,
    "operatingIncomeRatio": 0.2214036448,
    "totalOtherIncomeExpensesNet": 35000000,
    "incomeBeforeTax": 606000000,
    "incomeBeforeTaxRatio": 0.2349747964,
    "incomeTaxExpense": 54000000,
    "netIncome": 552000000,
    "netIncomeRatio": 0.2140364482,
    "eps": 0.023,
    "epsdiluted": 0.023,
    "weightedAverageShsOut": 24360000000,
    "weightedAverageShsOutDil": 24640000000,
    "link": "https://www.sec.gov/Archives/edgar/data/1045810/000104581019000144/0001045810-19-000144-index.htm",
    "finalLink": "https://www.sec.gov/Archives/edgar/data/1045810/000104581019000144/nvda2020q210q.htm"
  },
  {
    "date": "2019-04-28",
    "symbol": "NVDA",
    "reportedCurrency": "USD",
    "cik": "0001045810",
    "fillingDate": "2019-05-16",
    "acceptedDate": "2019-05-16 16:36:34",
    "calendarYear": "2020",
    "period": "Q1",
    "revenue": 2220000000,
    "costOfRevenue": 924000000,
    "grossProfit": 1296000000,
    "grossProfitRatio": 0.5837837838,
    "researchAndDevelopmentExpenses": 674000000,
    "generalAndAdministrativeExpenses": 0,
    "sellingAndMarketingExpenses": 0,
    "sellingGeneralAndAdministrativeExpenses": 264000000,
    "otherExpenses": 0,
    "operatingExpenses": 938000000,
    "costAndExpenses": 1862000000,
    "interestIncome": 44000000,
    "interestExpense": 13000000,
    "depreciationAndAmortization": 91000000,
    "ebitda": 493000000,
    "ebitdaratio": 0.2220720721,
    "operatingIncome": 358000000,
    "operatingIncomeRatio": 0.1612612613,
    "totalOtherIncomeExpensesNet": 31000000,
    "incomeBeforeTax": 389000000,
    "incomeBeforeTaxRatio": 0.1752252252,
    "incomeTaxExpense": -5000000,
    "netIncome": 394000000,
    "netIncomeRatio": 0.1774774775,
    "eps": 0.016,
    "epsdiluted": 0.016,
    "weightedAverageShsOut": 24280000000,
    "weightedAverageShsOutDil": 24640000000,
    "link": "https://www.sec.gov/Archives/edgar/data/1045810/000104581019000079/0001045810-19-000079-index.htm",
    "finalLink": "https://www.sec.gov/Archives/edgar/data/1045810/000104581019000079/nvda2020q110q.htm"
  },
  {
    "date": "2019-01-27",
    "symbol": "NVDA",
    "reportedCurrency": "USD",
    "cik": "0001045810",
    "fillingDate": "2019-02-21",
    "acceptedDate": "2019-02-21 16:37:18",
    "calendarYear": "2019",
    "period": "Q4",
    "revenue": 2205000000,
    "costOfRevenue": 998000000,
    "grossProfit": 1207000000,
    "grossProfitRatio": 0.5473922902,
    "researchAndDevelopmentExpenses": 647000000,
    "generalAndAdministrativeExpenses": 0,
    "sellingAndMarketingExpenses": 0,
    "sellingGeneralAndAdministrativeExpenses": 266000000,
    "otherExpenses": 0,
    "operatingExpenses": 913000000,
    "costAndExpenses": 1911000000,
    "interestIncome": 42000000,
    "interestExpense": 14000000,
    "depreciationAndAmortization": 78000000,
    "ebitda": 416000000,
    "ebitdaratio": 0.1886621315,
    "operatingIncome": 294000000,
    "operatingIncomeRatio": 0.1333333333,
    "totalOtherIncomeExpensesNet": 30000000,
    "incomeBeforeTax": 324000000,
    "incomeBeforeTaxRatio": 0.1469387755,
    "incomeTaxExpense": -242000000,
    "netIncome": 566000000,
    "netIncomeRatio": 0.2566893424,
    "eps": 0.023,
    "epsdiluted": 0.023,
    "weightedAverageShsOut": 24360000000,
    "weightedAverageShsOutDil": 24760000000,
    "link": "https://www.sec.gov/Archives/edgar/data/1045810/000104581019000023/0001045810-19-000023-index.htm",
    "finalLink": "https://www.sec.gov/Archives/edgar/data/1045810/000104581019000023/nvda-2019x10k.htm"
  },
  {
    "date": "2018-10-28",
    "symbol": "NVDA",
    "reportedCurrency": "USD",
    "cik": "0001045810",
    "fillingDate": "2018-11-15",
    "acceptedDate": "2018-11-15 16:32:23",
    "calendarYear": "2019",
    "period": "Q3",
    "revenue": 3181000000,
    "costOfRevenue": 1260000000,
    "grossProfit": 1921000000,
    "grossProfitRatio": 0.6038981452,
    "researchAndDevelopmentExpenses": 605000000,
    "generalAndAdministrativeExpenses": 0,
    "sellingAndMarketingExpenses": 0,
    "sellingGeneralAndAdministrativeExpenses": 258000000,
    "otherExpenses": 0,
    "operatingExpenses": 863000000,
    "costAndExpenses": 2123000000,
    "interestIncome": 37000000,
    "interestExpense": 15000000,
    "depreciationAndAmortization": 68000000,
    "ebitda": 1164000000,
    "ebitdaratio": 0.3659226658,
    "operatingIncome": 1058000000,
    "operatingIncomeRatio": 0.3325998114,
    "totalOtherIncomeExpensesNet": 23000000,
    "incomeBeforeTax": 1081000000,
    "incomeBeforeTaxRatio": 0.3398302421,
    "incomeTaxExpense": -149000000,
    "netIncome": 1230000000,
    "netIncomeRatio": 0.3866708582,
    "eps": 0.051,
    "epsdiluted": 0.049,
    "weightedAverageShsOut": 24360000000,
    "weightedAverageShsOutDil": 25000000000,
    "link": "https://www.sec.gov/Archives/edgar/data/1045810/000104581018000150/0001045810-18-000150-index.htm",
    "finalLink": "https://www.sec.gov/Archives/edgar/data/1045810/000104581018000150/nvda2019q310q.htm"
  },
  {
    "date": "2018-07-29",
    "symbol": "NVDA",
    "reportedCurrency": "USD",
    "cik": "0001045810",
    "fillingDate": "2018-08-16",
    "acceptedDate": "2018-08-16 16:31:19",
    "calendarYear": "2019",
    "period": "Q2",
    "revenue": 3123000000,
    "costOfRevenue": 1148000000,
    "grossProfit": 1975000000,
    "grossProfitRatio": 0.632404739,
    "researchAndDevelopmentExpenses": 581000000,
    "generalAndAdministrativeExpenses": 0,
    "sellingAndMarketingExpenses": 0,
    "sellingGeneralAndAdministrativeExpenses": 237000000,
    "otherExpenses": 0,
    "operatingExpenses": 818000000,
    "costAndExpenses": 1966000000,
    "interestIncome": 32000000,
    "interestExpense": 14000000,
    "depreciationAndAmortization": 59000000,
    "ebitda": 1253000000,
    "ebitdaratio": 0.4012167787,
    "operatingIncome": 1157000000,
    "operatingIncomeRatio": 0.3704771053,
    "totalOtherIncomeExpensesNet": 23000000,
    "incomeBeforeTax": 1180000000,
    "incomeBeforeTaxRatio": 0.3778418188,
    "incomeTaxExpense": 79000000,
    "netIncome": 1101000000,
    "netIncomeRatio": 0.3525456292,
    "eps": 0.045,
    "epsdiluted": 0.044,
    "weightedAverageShsOut": 24280000000,
    "weightedAverageShsOutDil": 25040000000,
    "link": "https://www.sec.gov/Archives/edgar/data/1045810/000104581018000114/0001045810-18-000114-index.htm",
    "finalLink": "https://www.sec.gov/Archives/edgar/data/1045810/000104581018000114/nvda2019q210q.htm"
  },
  {
    "date": "2018-04-29",
    "symbol": "NVDA",
    "reportedCurrency": "USD",
    "cik": "0001045810",
    "fillingDate": "2018-05-22",
    "acceptedDate": "2018-05-22 16:35:51",
    "calendarYear": "2019",
    "period": "Q1",
    "revenue": 3207000000,
    "costOfRevenue": 1139000000,
    "grossProfit": 2068000000,
    "grossProfitRatio": 0.6448394138,
    "researchAndDevelopmentExpenses": 542000000,
    "generalAndAdministrativeExpenses": 0,
    "sellingAndMarketingExpenses": 0,
    "sellingGeneralAndAdministrativeExpenses": 231000000,
    "otherExpenses": 0,
    "operatingExpenses": 773000000,
    "costAndExpenses": 1912000000,
    "interestIncome": 25000000,
    "interestExpense": 15000000,
    "depreciationAndAmortization": 57000000,
    "ebitda": 1383000000,
    "ebitdaratio": 0.4312441534,
    "operatingIncome": 1295000000,
    "operatingIncomeRatio": 0.4038041784,
    "totalOtherIncomeExpensesNet": 16000000,
    "incomeBeforeTax": 1311000000,
    "incomeBeforeTaxRatio": 0.4087932647,
    "incomeTaxExpense": 67000000,
    "netIncome": 1244000000,
    "netIncomeRatio": 0.3879014655,
    "eps": 0.051,
    "epsdiluted": 0.05,
    "weightedAverageShsOut": 24240000000,
    "weightedAverageShsOutDil": 25080000000,
    "link": "https://www.sec.gov/Archives/edgar/data/1045810/000104581018000080/0001045810-18-000080-index.htm",
    "finalLink": "https://www.sec.gov/Archives/edgar/data/1045810/000104581018000080/nvda2019q110q.htm"
  },
  {
    "date": "2018-01-28",
    "symbol": "NVDA",
    "reportedCurrency": "USD",
    "cik": "0001045810",
    "fillingDate": "2018-02-28",
    "acceptedDate": "2018-02-28 16:31:19",
    "calendarYear": "2018",
    "period": "Q4",
    "revenue": 2911000000,
    "costOfRevenue": 1110000000,
    "grossProfit": 1801000000,
    "grossProfitRatio": 0.6186877362,
    "researchAndDevelopmentExpenses": 507000000,
    "generalAndAdministrativeExpenses": 0,
    "sellingAndMarketingExpenses": 0,
    "sellingGeneralAndAdministrativeExpenses": 221000000,
    "otherExpenses": 0,
    "operatingExpenses": 728000000,
    "costAndExpenses": 1838000000,
    "interestIncome": 21000000,
    "interestExpense": 15000000,
    "depreciationAndAmortization": 54000000,
    "ebitda": 1148000000,
    "ebitdaratio": 0.3943661972,
    "operatingIncome": 1073000000,
    "operatingIncomeRatio": 0.368601855,
    "totalOtherIncomeExpensesNet": 6000000,
    "incomeBeforeTax": 1079000000,
    "incomeBeforeTaxRatio": 0.3706630024,
    "incomeTaxExpense": -40000000,
    "netIncome": 1119000000,
    "netIncomeRatio": 0.3844039849,
    "eps": 0.046,
    "epsdiluted": 0.045,
    "weightedAverageShsOut": 24240000000,
    "weightedAverageShsOutDil": 25120000000,
    "link": "https://www.sec.gov/Archives/edgar/data/1045810/000104581018000010/0001045810-18-000010-index.htm",
    "finalLink": "https://www.sec.gov/Archives/edgar/data/1045810/000104581018000010/nvda-2018x10k.htm"
  },
  {
    "date": "2017-10-29",
    "symbol": "NVDA",
    "reportedCurrency": "USD",
    "cik": "0001045810",
    "fillingDate": "2017-11-21",
    "acceptedDate": "2017-11-21 16:25:20",
    "calendarYear": "2018",
    "period": "Q3",
    "revenue": 2636000000,
    "costOfRevenue": 1067000000,
    "grossProfit": 1569000000,
    "grossProfitRatio": 0.5952200303,
    "researchAndDevelopmentExpenses": 462000000,
    "generalAndAdministrativeExpenses": 0,
    "sellingAndMarketingExpenses": 0,
    "sellingGeneralAndAdministrativeExpenses": 212000000,
    "otherExpenses": 0,
    "operatingExpenses": 674000000,
    "costAndExpenses": 1741000000,
    "interestIncome": 17000000,
    "interestExpense": 15000000,
    "depreciationAndAmortization": 49000000,
    "ebitda": 960000000,
    "ebitdaratio": 0.3641881639,
    "operatingIncome": 895000000,
    "operatingIncomeRatio": 0.3395295903,
    "totalOtherIncomeExpensesNet": 1000000,
    "incomeBeforeTax": 896000000,
    "incomeBeforeTaxRatio": 0.339908953,
    "incomeTaxExpense": 58000000,
    "netIncome": 838000000,
    "netIncomeRatio": 0.3179059181,
    "eps": 0.035,
    "epsdiluted": 0.033,
    "weightedAverageShsOut": 24120000000,
    "weightedAverageShsOutDil": 25120000000,
    "link": "https://www.sec.gov/Archives/edgar/data/1045810/000104581017000172/0001045810-17-000172-index.htm",
    "finalLink": "https://www.sec.gov/Archives/edgar/data/1045810/000104581017000172/nvda2018q310q.htm"
  },
  {
    "date": "2017-07-30",
    "symbol": "NVDA",
    "reportedCurrency": "USD",
    "cik": "0001045810",
    "fillingDate": "2017-08-23",
    "acceptedDate": "2017-08-23 16:24:51",
    "calendarYear": "2018",
    "period": "Q2",
    "revenue": 2230000000,
    "costOfRevenue": 928000000,
    "grossProfit": 1302000000,
    "grossProfitRatio": 0.5838565022,
    "researchAndDevelopmentExpenses": 416000000,
    "generalAndAdministrativeExpenses": 0,
    "sellingAndMarketingExpenses": 0,
    "sellingGeneralAndAdministrativeExpenses": 198000000,
    "otherExpenses": 0,
    "operatingExpenses": 614000000,
    "costAndExpenses": 1542000000,
    "interestIncome": 15000000,
    "interestExpense": 15000000,
    "depreciationAndAmortization": 49000000,
    "ebitda": 748000000,
    "ebitdaratio": 0.335426009,
    "operatingIncome": 688000000,
    "operatingIncomeRatio": 0.3085201794,
    "totalOtherIncomeExpensesNet": -4000000,
    "incomeBeforeTax": 684000000,
    "incomeBeforeTaxRatio": 0.3067264574,
    "incomeTaxExpense": 101000000,
    "netIncome": 583000000,
    "netIncomeRatio": 0.2614349776,
    "eps": 0.025,
    "epsdiluted": 0.023,
    "weightedAverageShsOut": 23880000000,
    "weightedAverageShsOutDil": 25320000000,
    "link": "https://www.sec.gov/Archives/edgar/data/1045810/000104581017000123/0001045810-17-000123-index.htm",
    "finalLink": "https://www.sec.gov/Archives/edgar/data/1045810/000104581017000123/nvda2018q210q.htm"
  },
  {
    "date": "2017-04-30",
    "symbol": "NVDA",
    "reportedCurrency": "USD",
    "cik": "0001045810",
    "fillingDate": "2017-05-23",
    "acceptedDate": "2017-05-23 16:34:55",
    "calendarYear": "2018",
    "period": "Q1",
    "revenue": 1937000000,
    "costOfRevenue": 787000000,
    "grossProfit": 1150000000,
    "grossProfitRatio": 0.5937016004,
    "researchAndDevelopmentExpenses": 411000000,
    "generalAndAdministrativeExpenses": 0,
    "sellingAndMarketingExpenses": 0,
    "sellingGeneralAndAdministrativeExpenses": 185000000,
    "otherExpenses": 0,
    "operatingExpenses": 596000000,
    "costAndExpenses": 1383000000,
    "interestIncome": 16000000,
    "interestExpense": 16000000,
    "depreciationAndAmortization": 47000000,
    "ebitda": 599000000,
    "ebitdaratio": 0.3092410945,
    "operatingIncome": 554000000,
    "operatingIncomeRatio": 0.2860092927,
    "totalOtherIncomeExpensesNet": -18000000,
    "incomeBeforeTax": 536000000,
    "incomeBeforeTaxRatio": 0.276716572,
    "incomeTaxExpense": 29000000,
    "netIncome": 507000000,
    "netIncomeRatio": 0.2617449664,
    "eps": 0.022,
    "epsdiluted": 0.02,
    "weightedAverageShsOut": 23680000000,
    "weightedAverageShsOutDil": 25640000000,
    "link": "https://www.sec.gov/Archives/edgar/data/1045810/000104581017000075/0001045810-17-000075-index.htm",
    "finalLink": "https://www.sec.gov/Archives/edgar/data/1045810/000104581017000075/nvda2018q110q.htm"
  },
  {
    "date": "2017-01-29",
    "symbol": "NVDA",
    "reportedCurrency": "USD",
    "cik": "0001045810",
    "fillingDate": "2017-03-01",
    "acceptedDate": "2017-03-01 17:30:49",
    "calendarYear": "2017",
    "period": "Q4",
    "revenue": 2173000000,
    "costOfRevenue": 870000000,
    "grossProfit": 1303000000,
    "grossProfitRatio": 0.5996318454,
    "researchAndDevelopmentExpenses": 394000000,
    "generalAndAdministrativeExpenses": 0,
    "sellingAndMarketingExpenses": 0,
    "sellingGeneralAndAdministrativeExpenses": 176000000,
    "otherExpenses": 0,
    "operatingExpenses": 570000000,
    "costAndExpenses": 1440000000,
    "interestIncome": 17000000,
    "interestExpense": 19000000,
    "depreciationAndAmortization": 47000000,
    "ebitda": 791000000,
    "ebitdaratio": 0.3640128854,
    "operatingIncome": 733000000,
    "operatingIncomeRatio": 0.3373216751,
    "totalOtherIncomeExpensesNet": -8000000,
    "incomeBeforeTax": 725000000,
    "incomeBeforeTaxRatio": 0.3336401289,
    "incomeTaxExpense": 71000000,
    "netIncome": 654000000,
    "netIncomeRatio": 0.3009664059,
    "eps": 0.03,
    "epsdiluted": 0.025,
    "weightedAverageShsOut": 22120000000,
    "weightedAverageShsOutDil": 26400000000,
    "link": "https://www.sec.gov/Archives/edgar/data/1045810/000104581017000027/0001045810-17-000027-index.htm",
    "finalLink": "https://www.sec.gov/Archives/edgar/data/1045810/000104581017000027/nvda-2017x10k.htm"
  },
  {
    "date": "2016-10-30",
    "symbol": "NVDA",
    "reportedCurrency": "USD",
    "cik": "0001045810",
    "fillingDate": "2016-11-22",
    "acceptedDate": "2016-11-22 16:29:33",
    "calendarYear": "2017",
    "period": "Q3",
    "revenue": 2004000000,
    "costOfRevenue": 821000000,
    "grossProfit": 1183000000,
    "grossProfitRatio": 0.5903193613,
    "researchAndDevelopmentExpenses": 373000000,
    "generalAndAdministrativeExpenses": 0,
    "sellingAndMarketingExpenses": 0,
    "sellingGeneralAndAdministrativeExpenses": 171000000,
    "otherExpenses": 0,
    "operatingExpenses": 544000000,
    "costAndExpenses": 1365000000,
    "interestIncome": 14000000,
    "interestExpense": 16000000,
    "depreciationAndAmortization": 48000000,
    "ebitda": 685000000,
    "ebitdaratio": 0.3418163673,
    "operatingIncome": 639000000,
    "operatingIncomeRatio": 0.3188622754,
    "totalOtherIncomeExpensesNet": -18000000,
    "incomeBeforeTax": 621000000,
    "incomeBeforeTaxRatio": 0.3098802395,
    "incomeTaxExpense": 79000000,
    "netIncome": 542000000,
    "netIncomeRatio": 0.2704590818,
    "eps": 0.025,
    "epsdiluted": 0.021,
    "weightedAverageShsOut": 21520000000,
    "weightedAverageShsOutDil": 26120000000,
    "link": "https://www.sec.gov/Archives/edgar/data/1045810/000104581016000353/0001045810-16-000353-index.htm",
    "finalLink": "https://www.sec.gov/Archives/edgar/data/1045810/000104581016000353/nvda2017q310q.htm"
  },
  {
    "date": "2016-07-31",
    "symbol": "NVDA",
    "reportedCurrency": "USD",
    "cik": "0001045810",
    "fillingDate": "2016-08-23",
    "acceptedDate": "2016-08-23 17:20:18",
    "calendarYear": "2017",
    "period": "Q2",
    "revenue": 1428000000,
    "costOfRevenue": 602000000,
    "grossProfit": 826000000,
    "grossProfitRatio": 0.5784313725,
    "researchAndDevelopmentExpenses": 350000000,
    "generalAndAdministrativeExpenses": 0,
    "sellingAndMarketingExpenses": 0,
    "sellingGeneralAndAdministrativeExpenses": 157000000,
    "otherExpenses": 2000000,
    "operatingExpenses": 509000000,
    "costAndExpenses": 1111000000,
    "interestIncome": 12000000,
    "interestExpense": 12000000,
    "depreciationAndAmortization": 47000000,
    "ebitda": 376000000,
    "ebitdaratio": 0.2633053221,
    "operatingIncome": 317000000,
    "operatingIncomeRatio": 0.2219887955,
    "totalOtherIncomeExpensesNet": 0,
    "incomeBeforeTax": 317000000,
    "incomeBeforeTaxRatio": 0.2219887955,
    "incomeTaxExpense": 56000000,
    "netIncome": 261000000,
    "netIncomeRatio": 0.1827731092,
    "eps": 0.012,
    "epsdiluted": 0.01,
    "weightedAverageShsOut": 21360000000,
    "weightedAverageShsOutDil": 25240000000,
    "link": "https://www.sec.gov/Archives/edgar/data/1045810/000104581016000300/0001045810-16-000300-index.htm",
    "finalLink": "https://www.sec.gov/Archives/edgar/data/1045810/000104581016000300/nvda2017q210q.htm"
  },
  {
    "date": "2016-05-01",
    "symbol": "NVDA",
    "reportedCurrency": "USD",
    "cik": "0001045810",
    "fillingDate": "2016-05-25",
    "acceptedDate": "2016-05-25 16:55:13",
    "calendarYear": "2017",
    "period": "Q1",
    "revenue": 1305000000,
    "costOfRevenue": 554000000,
    "grossProfit": 751000000,
    "grossProfitRatio": 0.5754789272,
    "researchAndDevelopmentExpenses": 346000000,
    "generalAndAdministrativeExpenses": 0,
    "sellingAndMarketingExpenses": 0,
    "sellingGeneralAndAdministrativeExpenses": 159000000,
    "otherExpenses": 1000000,
    "operatingExpenses": 506000000,
    "costAndExpenses": 1060000000,
    "interestIncome": 12000000,
    "interestExpense": 12000000,
    "depreciationAndAmortization": 45000000,
    "ebitda": 298000000,
    "ebitdaratio": 0.2283524904,
    "operatingIncome": 245000000,
    "operatingIncomeRatio": 0.1877394636,
    "totalOtherIncomeExpensesNet": -4000000,
    "incomeBeforeTax": 241000000,
    "incomeBeforeTaxRatio": 0.1846743295,
    "incomeTaxExpense": 33000000,
    "netIncome": 208000000,
    "netIncomeRatio": 0.1593869732,
    "eps": 0.009,
    "epsdiluted": 0.0083,
    "weightedAverageShsOut": 21480000000,
    "weightedAverageShsOutDil": 23880000000,
    "link": "https://www.sec.gov/Archives/edgar/data/1045810/000104581016000275/0001045810-16-000275-index.htm",
    "finalLink": "https://www.sec.gov/Archives/edgar/data/1045810/000104581016000275/nvda2017q110q.htm"
  },
  {
    "date": "2016-01-31",
    "symbol": "NVDA",
    "reportedCurrency": "USD",
    "cik": "0001045810",
    "fillingDate": "2016-03-17",
    "acceptedDate": "2016-03-16 18:07:18",
    "calendarYear": "2016",
    "period": "Q4",
    "revenue": 1401000000,
    "costOfRevenue": 610000000,
    "grossProfit": 791000000,
    "grossProfitRatio": 0.5645967166,
    "researchAndDevelopmentExpenses": 344000000,
    "generalAndAdministrativeExpenses": 0,
    "sellingAndMarketingExpenses": 0,
    "sellingGeneralAndAdministrativeExpenses": 161000000,
    "otherExpenses": 34000000,
    "operatingExpenses": 539000000,
    "costAndExpenses": 1149000000,
    "interestIncome": 11000000,
    "interestExpense": 12000000,
    "depreciationAndAmortization": 46000000,
    "ebitda": 312000000,
    "ebitdaratio": 0.2226980728,
    "operatingIncome": 252000000,
    "operatingIncomeRatio": 0.1798715203,
    "totalOtherIncomeExpensesNet": 2000000,
    "incomeBeforeTax": 254000000,
    "incomeBeforeTaxRatio": 0.1812990721,
    "incomeTaxExpense": 46000000,
    "netIncome": 208000000,
    "netIncomeRatio": 0.1484653819,
    "eps": 0.0095,
    "epsdiluted": 0.0088,
    "weightedAverageShsOut": 21560000000,
    "weightedAverageShsOutDil": 23720000000,
    "link": "https://www.sec.gov/Archives/edgar/data/1045810/000104581016000205/0001045810-16-000205-index.htm",
    "finalLink": "https://www.sec.gov/Archives/edgar/data/1045810/000104581016000205/nvda-2016x10k.htm"
  },
  {
    "date": "2015-10-25",
    "symbol": "NVDA",
    "reportedCurrency": "USD",
    "cik": "0001045810",
    "fillingDate": "2015-11-18",
    "acceptedDate": "2015-11-18 16:39:57",
    "calendarYear": "2016",
    "period": "Q3",
    "revenue": 1305000000,
    "costOfRevenue": 571000000,
    "grossProfit": 734000000,
    "grossProfitRatio": 0.5624521073,
    "researchAndDevelopmentExpenses": 329000000,
    "generalAndAdministrativeExpenses": 0,
    "sellingAndMarketingExpenses": 0,
    "sellingGeneralAndAdministrativeExpenses": 152000000,
    "otherExpenses": 8000000,
    "operatingExpenses": 489000000,
    "costAndExpenses": 1060000000,
    "interestIncome": 9000000,
    "interestExpense": 12000000,
    "depreciationAndAmortization": 48000000,
    "ebitda": 305000000,
    "ebitdaratio": 0.2337164751,
    "operatingIncome": 245000000,
    "operatingIncomeRatio": 0.1877394636,
    "totalOtherIncomeExpensesNet": 0,
    "incomeBeforeTax": 245000000,
    "incomeBeforeTaxRatio": 0.1877394636,
    "incomeTaxExpense": -1000000,
    "netIncome": 246000000,
    "netIncomeRatio": 0.1885057471,
    "eps": 0.011,
    "epsdiluted": 0.011,
    "weightedAverageShsOut": 21680000000,
    "weightedAverageShsOutDil": 22600000000,
    "link": "https://www.sec.gov/Archives/edgar/data/1045810/000104581015000173/0001045810-15-000173-index.htm",
    "finalLink": "https://www.sec.gov/Archives/edgar/data/1045810/000104581015000173/nvda2016q310q.htm"
  },
  {
    "date": "2015-07-26",
    "symbol": "NVDA",
    "reportedCurrency": "USD",
    "cik": "0001045810",
    "fillingDate": "2015-08-19",
    "acceptedDate": "2015-08-19 16:41:18",
    "calendarYear": "2016",
    "period": "Q2",
    "revenue": 1153000000,
    "costOfRevenue": 519000000,
    "grossProfit": 634000000,
    "grossProfitRatio": 0.5498699046,
    "researchAndDevelopmentExpenses": 320000000,
    "generalAndAdministrativeExpenses": 0,
    "sellingAndMarketingExpenses": 0,
    "sellingGeneralAndAdministrativeExpenses": 149000000,
    "otherExpenses": 89000000,
    "operatingExpenses": 558000000,
    "costAndExpenses": 1077000000,
    "interestIncome": 9000000,
    "interestExpense": 12000000,
    "depreciationAndAmortization": 49000000,
    "ebitda": 133000000,
    "ebitdaratio": 0.1153512576,
    "operatingIncome": 76000000,
    "operatingIncomeRatio": 0.0659150043,
    "totalOtherIncomeExpensesNet": -4000000,
    "incomeBeforeTax": 72000000,
    "incomeBeforeTaxRatio": 0.0624457936,
    "incomeTaxExpense": 46000000,
    "netIncome": 26000000,
    "netIncomeRatio": 0.0225498699,
    "eps": 0.0013,
    "epsdiluted": 0.0013,
    "weightedAverageShsOut": 21640000000,
    "weightedAverageShsOutDil": 22240000000,
    "link": "https://www.sec.gov/Archives/edgar/data/1045810/000104581015000143/0001045810-15-000143-index.htm",
    "finalLink": "https://www.sec.gov/Archives/edgar/data/1045810/000104581015000143/nvda2016q210q.htm"
  },
  {
    "date": "2015-04-26",
    "symbol": "NVDA",
    "reportedCurrency": "USD",
    "cik": "0001045810",
    "fillingDate": "2015-05-20",
    "acceptedDate": "2015-05-20 16:55:12",
    "calendarYear": "2016",
    "period": "Q1",
    "revenue": 1151000000,
    "costOfRevenue": 498000000,
    "grossProfit": 653000000,
    "grossProfitRatio": 0.5673327541,
    "researchAndDevelopmentExpenses": 339000000,
    "generalAndAdministrativeExpenses": 0,
    "sellingAndMarketingExpenses": 0,
    "sellingGeneralAndAdministrativeExpenses": 138000000,
    "otherExpenses": 0,
    "operatingExpenses": 477000000,
    "costAndExpenses": 975000000,
    "interestIncome": 9000000,
    "interestExpense": 12000000,
    "depreciationAndAmortization": 54000000,
    "ebitda": 238000000,
    "ebitdaratio": 0.2067767159,
    "operatingIncome": 176000000,
    "operatingIncomeRatio": 0.1529105126,
    "totalOtherIncomeExpensesNet": -4000000,
    "incomeBeforeTax": 172000000,
    "incomeBeforeTaxRatio": 0.1494352737,
    "incomeTaxExpense": 38000000,
    "netIncome": 134000000,
    "netIncomeRatio": 0.1164205039,
    "eps": 0.006,
    "epsdiluted": 0.006,
    "weightedAverageShsOut": 21960000000,
    "weightedAverageShsOutDil": 22720000000,
    "link": "https://www.sec.gov/Archives/edgar/data/1045810/000104581015000097/0001045810-15-000097-index.htm",
    "finalLink": "https://www.sec.gov/Archives/edgar/data/1045810/000104581015000097/nvda2016q110q.htm"
  },
  {
    "date": "2015-01-25",
    "symbol": "NVDA",
    "reportedCurrency": "USD",
    "cik": "0001045810",
    "fillingDate": "2015-03-12",
    "acceptedDate": "2015-03-11 19:48:05",
    "calendarYear": "2015",
    "period": "Q4",
    "revenue": 1250514000,
    "costOfRevenue": 550911000,
    "grossProfit": 699603000,
    "grossProfitRatio": 0.5594523532,
    "researchAndDevelopmentExpenses": 348253000,
    "generalAndAdministrativeExpenses": 0,
    "sellingAndMarketingExpenses": 0,
    "sellingGeneralAndAdministrativeExpenses": 120214000,
    "otherExpenses": 0,
    "operatingExpenses": 468467000,
    "costAndExpenses": 1019378000,
    "interestIncome": 8129000,
    "interestExpense": 11594000,
    "depreciationAndAmortization": 53955000,
    "ebitda": 293408000,
    "ebitdaratio": 0.2346299202,
    "operatingIncome": 231136000,
    "operatingIncomeRatio": 0.1848327968,
    "totalOtherIncomeExpensesNet": -3277000,
    "incomeBeforeTax": 227859000,
    "incomeBeforeTaxRatio": 0.1822122743,
    "incomeTaxExpense": 34731000,
    "netIncome": 193128000,
    "netIncomeRatio": 0.1544388947,
    "eps": 0.0088,
    "epsdiluted": 0.0088,
    "weightedAverageShsOut": 21766800000,
    "weightedAverageShsOutDil": 22262920000,
    "link": "https://www.sec.gov/Archives/edgar/data/1045810/000104581015000036/0001045810-15-000036-index.htm",
    "finalLink": "https://www.sec.gov/Archives/edgar/data/1045810/000104581015000036/nvda-2015x10k.htm"
  },
  {
    "date": "2014-10-26",
    "symbol": "NVDA",
    "reportedCurrency": "USD",
    "cik": "0001045810",
    "fillingDate": "2014-11-19",
    "acceptedDate": "2014-11-18 19:09:07",
    "calendarYear": "2015",
    "period": "Q3",
    "revenue": 1225000000,
    "costOfRevenue": 549000000,
    "grossProfit": 676000000,
    "grossProfitRatio": 0.5518367347,
    "researchAndDevelopmentExpenses": 340000000,
    "generalAndAdministrativeExpenses": 0,
    "sellingAndMarketingExpenses": 0,
    "sellingGeneralAndAdministrativeExpenses": 123000000,
    "otherExpenses": 0,
    "operatingExpenses": 463000000,
    "costAndExpenses": 1012000000,
    "interestIncome": 7000000,
    "interestExpense": 11000000,
    "depreciationAndAmortization": 55000000,
    "ebitda": 275000000,
    "ebitdaratio": 0.2244897959,
    "operatingIncome": 213000000,
    "operatingIncomeRatio": 0.173877551,
    "totalOtherIncomeExpensesNet": -4000000,
    "incomeBeforeTax": 209000000,
    "incomeBeforeTaxRatio": 0.1706122449,
    "incomeTaxExpense": 36000000,
    "netIncome": 173000000,
    "netIncomeRatio": 0.1412244898,
    "eps": 0.008,
    "epsdiluted": 0.0078,
    "weightedAverageShsOut": 21911560000,
    "weightedAverageShsOutDil": 22328040000,
    "link": "https://www.sec.gov/Archives/edgar/data/1045810/000104581014000188/0001045810-14-000188-index.htm",
    "finalLink": "https://www.sec.gov/Archives/edgar/data/1045810/000104581014000188/nvda2015q310q.htm"
  },
  {
    "date": "2014-07-27",
    "symbol": "NVDA",
    "reportedCurrency": "USD",
    "cik": "0001045810",
    "fillingDate": "2014-08-20",
    "acceptedDate": "2014-08-20 16:27:59",
    "calendarYear": "2015",
    "period": "Q2",
    "revenue": 1103000000,
    "costOfRevenue": 484000000,
    "grossProfit": 619000000,
    "grossProfitRatio": 0.5611967362,
    "researchAndDevelopmentExpenses": 337000000,
    "generalAndAdministrativeExpenses": 0,
    "sellingAndMarketingExpenses": 0,
    "sellingGeneralAndAdministrativeExpenses": 119000000,
    "otherExpenses": 0,
    "operatingExpenses": 456000000,
    "costAndExpenses": 940000000,
    "interestIncome": 7000000,
    "interestExpense": 12000000,
    "depreciationAndAmortization": 56000000,
    "ebitda": 223000000,
    "ebitdaratio": 0.202175884,
    "operatingIncome": 163000000,
    "operatingIncomeRatio": 0.1477787851,
    "totalOtherIncomeExpensesNet": -8000000,
    "incomeBeforeTax": 155000000,
    "incomeBeforeTaxRatio": 0.1405258386,
    "incomeTaxExpense": 27000000,
    "netIncome": 128000000,
    "netIncomeRatio": 0.1160471442,
    "eps": 0.0058,
    "epsdiluted": 0.0055,
    "weightedAverageShsOut": 22328920000,
    "weightedAverageShsOutDil": 22822880000,
    "link": "https://www.sec.gov/Archives/edgar/data/1045810/000104581014000158/0001045810-14-000158-index.htm",
    "finalLink": "https://www.sec.gov/Archives/edgar/data/1045810/000104581014000158/nvda2015q210q.htm"
  },
  {
    "date": "2014-04-27",
    "symbol": "NVDA",
    "reportedCurrency": "USD",
    "cik": "0001045810",
    "fillingDate": "2014-05-21",
    "acceptedDate": "2014-05-21 16:11:13",
    "calendarYear": "2015",
    "period": "Q1",
    "revenue": 1103000000,
    "costOfRevenue": 499000000,
    "grossProfit": 604000000,
    "grossProfitRatio": 0.5475974615,
    "researchAndDevelopmentExpenses": 334000000,
    "generalAndAdministrativeExpenses": 0,
    "sellingAndMarketingExpenses": 0,
    "sellingGeneralAndAdministrativeExpenses": 119000000,
    "otherExpenses": 0,
    "operatingExpenses": 453000000,
    "costAndExpenses": 952000000,
    "interestIncome": 6000000,
    "interestExpense": 11000000,
    "depreciationAndAmortization": 55000000,
    "ebitda": 229000000,
    "ebitdaratio": 0.2076155938,
    "operatingIncome": 151000000,
    "operatingIncomeRatio": 0.1368993654,
    "totalOtherIncomeExpensesNet": 12000000,
    "incomeBeforeTax": 163000000,
    "incomeBeforeTaxRatio": 0.1477787851,
    "incomeTaxExpense": 26000000,
    "netIncome": 137000000,
    "netIncomeRatio": 0.124206709,
    "eps": 0.006,
    "epsdiluted": 0.006,
    "weightedAverageShsOut": 22363680000,
    "weightedAverageShsOutDil": 22816880000,
    "link": "https://www.sec.gov/Archives/edgar/data/1045810/000104581014000085/0001045810-14-000085-index.htm",
    "finalLink": "https://www.sec.gov/Archives/edgar/data/1045810/000104581014000085/nvda2015q110q.htm"
  },
  {
    "date": "2014-01-26",
    "symbol": "NVDA",
    "reportedCurrency": "USD",
    "cik": "0001045810",
    "fillingDate": "2014-03-13",
    "acceptedDate": "2014-03-12 19:18:57",
    "calendarYear": "2014",
    "period": "Q4",
    "revenue": 1144218000,
    "costOfRevenue": 524976000,
    "grossProfit": 619242000,
    "grossProfitRatio": 0.5411923252,
    "researchAndDevelopmentExpenses": 336641000,
    "generalAndAdministrativeExpenses": 0,
    "sellingAndMarketingExpenses": 0,
    "sellingGeneralAndAdministrativeExpenses": 115677000,
    "otherExpenses": 0,
    "operatingExpenses": 452318000,
    "costAndExpenses": 977294000,
    "interestIncome": 4037000,
    "interestExpense": 7492000,
    "depreciationAndAmortization": 54838000,
    "ebitda": 246232000,
    "ebitdaratio": 0.2151967545,
    "operatingIncome": 166924000,
    "operatingIncomeRatio": 0.1458847877,
    "totalOtherIncomeExpensesNet": 1964000,
    "incomeBeforeTax": 168888000,
    "incomeBeforeTaxRatio": 0.1476012438,
    "incomeTaxExpense": 21971000,
    "netIncome": 146917000,
    "netIncomeRatio": 0.1283994833,
    "eps": 0.0065,
    "epsdiluted": 0.0063,
    "weightedAverageShsOut": 22739320000,
    "weightedAverageShsOutDil": 23094240000,
    "link": "https://www.sec.gov/Archives/edgar/data/1045810/000104581014000030/0001045810-14-000030-index.htm",
    "finalLink": "https://www.sec.gov/Archives/edgar/data/1045810/000104581014000030/nvda-2014x10k.htm"
  },
  {
    "date": "2013-10-27",
    "symbol": "NVDA",
    "reportedCurrency": "USD",
    "cik": "0001045810",
    "fillingDate": "2013-11-19",
    "acceptedDate": "2013-11-19 16:30:37",
    "calendarYear": "2014",
    "period": "Q3",
    "revenue": 1053967000,
    "costOfRevenue": 469552000,
    "grossProfit": 584415000,
    "grossProfitRatio": 0.5544907953,
    "researchAndDevelopmentExpenses": 340294000,
    "generalAndAdministrativeExpenses": 0,
    "sellingAndMarketingExpenses": 0,
    "sellingGeneralAndAdministrativeExpenses": 103133000,
    "otherExpenses": 0,
    "operatingExpenses": 443427000,
    "costAndExpenses": 912979000,
    "interestIncome": 4022000,
    "interestExpense": 819000,
    "depreciationAndAmortization": 62726000,
    "ebitda": 205029000,
    "ebitdaratio": 0.1945307586,
    "operatingIncome": 140988000,
    "operatingIncomeRatio": 0.1337688941,
    "totalOtherIncomeExpensesNet": 496000,
    "incomeBeforeTax": 141484000,
    "incomeBeforeTaxRatio": 0.1342394971,
    "incomeTaxExpense": 22750000,
    "netIncome": 118734000,
    "netIncomeRatio": 0.112654381,
    "eps": 0.005,
    "epsdiluted": 0.005,
    "weightedAverageShsOut": 23234800000,
    "weightedAverageShsOutDil": 23550080000,
    "link": "https://www.sec.gov/Archives/edgar/data/1045810/000104581013000109/0001045810-13-000109-index.htm",
    "finalLink": "https://www.sec.gov/Archives/edgar/data/1045810/000104581013000109/nvda2014q310q.htm"
  },
  {
    "date": "2013-07-28",
    "symbol": "NVDA",
    "reportedCurrency": "USD",
    "cik": "0001045810",
    "fillingDate": "2013-08-21",
    "acceptedDate": "2013-08-21 16:25:58",
    "calendarYear": "2014",
    "period": "Q2",
    "revenue": 977238000,
    "costOfRevenue": 431700000,
    "grossProfit": 545538000,
    "grossProfitRatio": 0.5582447674,
    "researchAndDevelopmentExpenses": 331738000,
    "generalAndAdministrativeExpenses": 0,
    "sellingAndMarketingExpenses": 0,
    "sellingGeneralAndAdministrativeExpenses": 108266000,
    "otherExpenses": 0,
    "operatingExpenses": 440004000,
    "costAndExpenses": 871704000,
    "interestIncome": 3865000,
    "interestExpense": 836000,
    "depreciationAndAmortization": 61840000,
    "ebitda": 174496000,
    "ebitdaratio": 0.1785603916,
    "operatingIncome": 105534000,
    "operatingIncomeRatio": 0.1079921166,
    "totalOtherIncomeExpensesNet": 6286000,
    "incomeBeforeTax": 111820000,
    "incomeBeforeTaxRatio": 0.1144245312,
    "incomeTaxExpense": 15372000,
    "netIncome": 96448000,
    "netIncomeRatio": 0.0986944838,
    "eps": 0.004,
    "epsdiluted": 0.004,
    "weightedAverageShsOut": 23413800000,
    "weightedAverageShsOutDil": 23680240000,
    "link": "https://www.sec.gov/Archives/edgar/data/1045810/000104581013000075/0001045810-13-000075-index.htm",
    "finalLink": "https://www.sec.gov/Archives/edgar/data/1045810/000104581013000075/nvda2014q210q.htm"
  },
  {
    "date": "2013-04-28",
    "symbol": "NVDA",
    "reportedCurrency": "USD",
    "cik": "0001045810",
    "fillingDate": "2013-05-22",
    "acceptedDate": "2013-05-22 17:06:15",
    "calendarYear": "2014",
    "period": "Q1",
    "revenue": 954739000,
    "costOfRevenue": 436171000,
    "grossProfit": 518568000,
    "grossProfitRatio": 0.5431515838,
    "researchAndDevelopmentExpenses": 327161000,
    "generalAndAdministrativeExpenses": 0,
    "sellingAndMarketingExpenses": 0,
    "sellingGeneralAndAdministrativeExpenses": 108626000,
    "otherExpenses": 0,
    "operatingExpenses": 435787000,
    "costAndExpenses": 871958000,
    "interestIncome": 5076000,
    "interestExpense": 853000,
    "depreciationAndAmortization": 59744000,
    "ebitda": 148659000,
    "ebitdaratio": 0.1557064287,
    "operatingIncome": 82781000,
    "operatingIncomeRatio": 0.0867053718,
    "totalOtherIncomeExpensesNet": 5281000,
    "incomeBeforeTax": 88062000,
    "incomeBeforeTaxRatio": 0.0922367265,
    "incomeTaxExpense": 10171000,
    "netIncome": 77891000,
    "netIncomeRatio": 0.0815835532,
    "eps": 0.0033,
    "epsdiluted": 0.0033,
    "weightedAverageShsOut": 24674880000,
    "weightedAverageShsOutDil": 24772080000,
    "link": "https://www.sec.gov/Archives/edgar/data/1045810/000104581013000054/0001045810-13-000054-index.htm",
    "finalLink": "https://www.sec.gov/Archives/edgar/data/1045810/000104581013000054/nvda2014q110q.htm"
  },
  {
    "date": "2013-01-27",
    "symbol": "NVDA",
    "reportedCurrency": "USD",
    "cik": "0001045810",
    "fillingDate": "2013-03-12",
    "acceptedDate": "2013-03-12 17:03:06",
    "calendarYear": "2013",
    "period": "Q4",
    "revenue": 1106902000,
    "costOfRevenue": 521300000,
    "grossProfit": 585602000,
    "grossProfitRatio": 0.5290459318,
    "researchAndDevelopmentExpenses": 298007000,
    "generalAndAdministrativeExpenses": 0,
    "sellingAndMarketingExpenses": 0,
    "sellingGeneralAndAdministrativeExpenses": 104022000,
    "otherExpenses": 0,
    "operatingExpenses": 402029000,
    "costAndExpenses": 923329000,
    "interestIncome": 4693000,
    "interestExpense": 0,
    "depreciationAndAmortization": 58401000,
    "ebitda": 259068000,
    "ebitdaratio": 0.23404782,
    "operatingIncome": 183573000,
    "operatingIncomeRatio": 0.1658439501,
    "totalOtherIncomeExpensesNet": 2535000,
    "incomeBeforeTax": 186108000,
    "incomeBeforeTaxRatio": 0.1681341257,
    "incomeTaxExpense": 12135000,
    "netIncome": 173973000,
    "netIncomeRatio": 0.1571710955,
    "eps": 0.007,
    "epsdiluted": 0.007,
    "weightedAverageShsOut": 24806760000,
    "weightedAverageShsOutDil": 24880720000,
    "link": "https://www.sec.gov/Archives/edgar/data/1045810/000104581013000008/0001045810-13-000008-index.htm",
    "finalLink": "https://www.sec.gov/Archives/edgar/data/1045810/000104581013000008/nvda-2013x10k.htm"
  },
  {
    "date": "2012-10-28",
    "symbol": "NVDA",
    "reportedCurrency": "USD",
    "cik": "0001045810",
    "fillingDate": "2012-11-19",
    "acceptedDate": "2012-11-19 16:38:36",
    "calendarYear": "2013",
    "period": "Q3",
    "revenue": 1204110000,
    "costOfRevenue": 567452000,
    "grossProfit": 636658000,
    "grossProfitRatio": 0.5287374077,
    "researchAndDevelopmentExpenses": 284180000,
    "generalAndAdministrativeExpenses": 0,
    "sellingAndMarketingExpenses": 0,
    "sellingGeneralAndAdministrativeExpenses": 100261000,
    "otherExpenses": 0,
    "operatingExpenses": 384441000,
    "costAndExpenses": 951893000,
    "interestIncome": 4701000,
    "interestExpense": 0,
    "depreciationAndAmortization": 57148000,
    "ebitda": 309365000,
    "ebitdaratio": 0.2569242013,
    "operatingIncome": 252217000,
    "operatingIncomeRatio": 0.2094634211,
    "totalOtherIncomeExpensesNet": 1411000,
    "incomeBeforeTax": 253628000,
    "incomeBeforeTaxRatio": 0.210635241,
    "incomeTaxExpense": 44548000,
    "netIncome": 209080000,
    "netIncomeRatio": 0.1736386211,
    "eps": 0.0085,
    "epsdiluted": 0.0083,
    "weightedAverageShsOut": 24894080000,
    "weightedAverageShsOutDil": 25153800000,
    "link": "https://www.sec.gov/Archives/edgar/data/1045810/000104581012000060/0001045810-12-000060-index.htm",
    "finalLink": "https://www.sec.gov/Archives/edgar/data/1045810/000104581012000060/nvda2013q310q.htm"
  },
  {
    "date": "2012-07-29",
    "symbol": "NVDA",
    "reportedCurrency": "USD",
    "cik": "0001045810",
    "fillingDate": "2012-08-22",
    "acceptedDate": "2012-08-22 16:40:38",
    "calendarYear": "2013",
    "period": "Q2",
    "revenue": 1044270000,
    "costOfRevenue": 503551000,
    "grossProfit": 540719000,
    "grossProfitRatio": 0.5177961638,
    "researchAndDevelopmentExpenses": 281193000,
    "generalAndAdministrativeExpenses": 0,
    "sellingAndMarketingExpenses": 0,
    "sellingGeneralAndAdministrativeExpenses": 119903000,
    "otherExpenses": 0,
    "operatingExpenses": 401096000,
    "costAndExpenses": 904647000,
    "interestIncome": 5316000,
    "interestExpense": 0,
    "depreciationAndAmortization": 56195000,
    "ebitda": 195818000,
    "ebitdaratio": 0.1875166384,
    "operatingIncome": 139623000,
    "operatingIncomeRatio": 0.1337039271,
    "totalOtherIncomeExpensesNet": 5585000,
    "incomeBeforeTax": 145208000,
    "incomeBeforeTaxRatio": 0.1390521608,
    "incomeTaxExpense": 26162000,
    "netIncome": 119046000,
    "netIncomeRatio": 0.1139992531,
    "eps": 0.0048,
    "epsdiluted": 0.0048,
    "weightedAverageShsOut": 24759840000,
    "weightedAverageShsOutDil": 24925720000,
    "link": "https://www.sec.gov/Archives/edgar/data/1045810/000104581012000036/0001045810-12-000036-index.htm",
    "finalLink": "https://www.sec.gov/Archives/edgar/data/1045810/000104581012000036/nvda2013q210q.htm"
  },
  {
    "date": "2012-04-29",
    "symbol": "NVDA",
    "reportedCurrency": "USD",
    "cik": "0001045810",
    "fillingDate": "2012-05-23",
    "acceptedDate": "2012-05-23 16:32:57",
    "calendarYear": "2013",
    "period": "Q1",
    "revenue": 924877000,
    "costOfRevenue": 461513000,
    "grossProfit": 463364000,
    "grossProfitRatio": 0.5010006736,
    "researchAndDevelopmentExpenses": 283902000,
    "generalAndAdministrativeExpenses": 0,
    "sellingAndMarketingExpenses": 0,
    "sellingGeneralAndAdministrativeExpenses": 106636000,
    "otherExpenses": 0,
    "operatingExpenses": 390538000,
    "costAndExpenses": 852051000,
    "interestIncome": 5198000,
    "interestExpense": 0,
    "depreciationAndAmortization": 54491000,
    "ebitda": 127317000,
    "ebitdaratio": 0.1376583048,
    "operatingIncome": 72826000,
    "operatingIncomeRatio": 0.0787412813,
    "totalOtherIncomeExpensesNet": 4269000,
    "incomeBeforeTax": 77095000,
    "incomeBeforeTaxRatio": 0.0833570302,
    "incomeTaxExpense": 16658000,
    "netIncome": 60437000,
    "netIncomeRatio": 0.0653459865,
    "eps": 0.0025,
    "epsdiluted": 0.0025,
    "weightedAverageShsOut": 24631200000,
    "weightedAverageShsOutDil": 24951440000,
    "link": "https://www.sec.gov/Archives/edgar/data/1045810/000104581012000027/0001045810-12-000027-index.htm",
    "finalLink": "https://www.sec.gov/Archives/edgar/data/1045810/000104581012000027/nvda2013q110q.htm"
  },
  {
    "date": "2012-01-29",
    "symbol": "NVDA",
    "reportedCurrency": "USD",
    "cik": "0001045810",
    "fillingDate": "2012-03-13",
    "acceptedDate": "2012-03-13 16:56:38",
    "calendarYear": "2012",
    "period": "Q4",
    "revenue": 953194000,
    "costOfRevenue": 463181000,
    "grossProfit": 490013000,
    "grossProfitRatio": 0.5140747844,
    "researchAndDevelopmentExpenses": 266862000,
    "generalAndAdministrativeExpenses": 0,
    "sellingAndMarketingExpenses": 0,
    "sellingGeneralAndAdministrativeExpenses": 100834000,
    "otherExpenses": 0,
    "operatingExpenses": 367696000,
    "costAndExpenses": 830877000,
    "interestIncome": 4213000,
    "interestExpense": 0,
    "depreciationAndAmortization": 51895000,
    "ebitda": 192398000,
    "ebitdaratio": 0.2018455844,
    "operatingIncome": 122317000,
    "operatingIncomeRatio": 0.1283233004,
    "totalOtherIncomeExpensesNet": 2260000,
    "incomeBeforeTax": 124577000,
    "incomeBeforeTaxRatio": 0.1306942763,
    "incomeTaxExpense": 8552000,
    "netIncome": 116025000,
    "netIncomeRatio": 0.1217223356,
    "eps": 0.0048,
    "epsdiluted": 0.0048,
    "weightedAverageShsOut": 24457280000,
    "weightedAverageShsOutDil": 24743960000,
    "link": "https://www.sec.gov/Archives/edgar/data/1045810/000104581012000013/0001045810-12-000013-index.htm",
    "finalLink": "https://www.sec.gov/Archives/edgar/data/1045810/000104581012000013/nvda-2012x10k.htm"
  },
  {
    "date": "2011-10-30",
    "symbol": "NVDA",
    "reportedCurrency": "USD",
    "cik": "0001045810",
    "fillingDate": "2011-11-22",
    "acceptedDate": "2011-11-22 16:31:51",
    "calendarYear": "2012",
    "period": "Q3",
    "revenue": 1066180000,
    "costOfRevenue": 509463000,
    "grossProfit": 556717000,
    "grossProfitRatio": 0.5221604232,
    "researchAndDevelopmentExpenses": 256498000,
    "generalAndAdministrativeExpenses": 0,
    "sellingAndMarketingExpenses": 0,
    "sellingGeneralAndAdministrativeExpenses": 103129000,
    "otherExpenses": 0,
    "operatingExpenses": 359627000,
    "costAndExpenses": 869090000,
    "interestIncome": 4356000,
    "interestExpense": 0,
    "depreciationAndAmortization": 52387000,
    "ebitda": 249477000,
    "ebitdaratio": 0.2339914461,
    "operatingIncome": 197090000,
    "operatingIncomeRatio": 0.1848562156,
    "totalOtherIncomeExpensesNet": 7697000,
    "incomeBeforeTax": 204787000,
    "incomeBeforeTaxRatio": 0.1920754469,
    "incomeTaxExpense": 26514000,
    "netIncome": 178273000,
    "netIncomeRatio": 0.1672072258,
    "eps": 0.0073,
    "epsdiluted": 0.0073,
    "weightedAverageShsOut": 24282520000,
    "weightedAverageShsOutDil": 24542400000,
    "link": "https://www.sec.gov/Archives/edgar/data/1045810/000104581011000056/0001045810-11-000056-index.htm",
    "finalLink": "https://www.sec.gov/Archives/edgar/data/1045810/000104581011000056/nvda2011q310q.htm"
  },
  {
    "date": "2011-07-31",
    "symbol": "NVDA",
    "reportedCurrency": "USD",
    "cik": "0001045810",
    "fillingDate": "2011-08-25",
    "acceptedDate": "2011-08-25 16:18:41",
    "calendarYear": "2012",
    "period": "Q2",
    "revenue": 1016517000,
    "costOfRevenue": 491233000,
    "grossProfit": 525284000,
    "grossProfitRatio": 0.5167488591,
    "researchAndDevelopmentExpenses": 247721000,
    "generalAndAdministrativeExpenses": 0,
    "sellingAndMarketingExpenses": 0,
    "sellingGeneralAndAdministrativeExpenses": 103533000,
    "otherExpenses": 0,
    "operatingExpenses": 351254000,
    "costAndExpenses": 842487000,
    "interestIncome": 5266000,
    "interestExpense": 0,
    "depreciationAndAmortization": 52159000,
    "ebitda": 226189000,
    "ebitdaratio": 0.2225137405,
    "operatingIncome": 174030000,
    "operatingIncomeRatio": 0.1712022524,
    "totalOtherIncomeExpensesNet": 3517000,
    "incomeBeforeTax": 177547000,
    "incomeBeforeTaxRatio": 0.174662106,
    "incomeTaxExpense": 25974000,
    "netIncome": 151573000,
    "netIncomeRatio": 0.1491101477,
    "eps": 0.0063,
    "epsdiluted": 0.0063,
    "weightedAverageShsOut": 24053600000,
    "weightedAverageShsOutDil": 24557360000,
    "link": "https://www.sec.gov/Archives/edgar/data/1045810/000104581011000046/0001045810-11-000046-index.htm",
    "finalLink": "https://www.sec.gov/Archives/edgar/data/1045810/000104581011000046/q212form10q.htm"
  },
  {
    "date": "2011-05-01",
    "symbol": "NVDA",
    "reportedCurrency": "USD",
    "cik": "0001045810",
    "fillingDate": "2011-05-27",
    "acceptedDate": "2011-05-27 17:08:28",
    "calendarYear": "2012",
    "period": "Q1",
    "revenue": 962039000,
    "costOfRevenue": 477536000,
    "grossProfit": 484503000,
    "grossProfitRatio": 0.5036209551,
    "researchAndDevelopmentExpenses": 231524000,
    "generalAndAdministrativeExpenses": 0,
    "sellingAndMarketingExpenses": 0,
    "sellingGeneralAndAdministrativeExpenses": 98117000,
    "otherExpenses": 0,
    "operatingExpenses": 329641000,
    "costAndExpenses": 807177000,
    "interestIncome": 5313000,
    "interestExpense": 0,
    "depreciationAndAmortization": 47764000,
    "ebitda": 202626000,
    "ebitdaratio": 0.2106213989,
    "operatingIncome": 154862000,
    "operatingIncomeRatio": 0.1609726841,
    "totalOtherIncomeExpensesNet": 1623000,
    "incomeBeforeTax": 156485000,
    "incomeBeforeTaxRatio": 0.1626597259,
    "incomeTaxExpense": 21266000,
    "netIncome": 135219000,
    "netIncomeRatio": 0.1405545929,
    "eps": 0.0058,
    "epsdiluted": 0.0055,
    "weightedAverageShsOut": 23792080000,
    "weightedAverageShsOutDil": 24538960000,
    "link": "https://www.sec.gov/Archives/edgar/data/1045810/000104581011000031/0001045810-11-000031-index.htm",
    "finalLink": "https://www.sec.gov/Archives/edgar/data/1045810/000104581011000031/q112form10q.htm"
  },
  {
    "date": "2011-01-30",
    "symbol": "NVDA",
    "reportedCurrency": "USD",
    "cik": "0001045810",
    "fillingDate": "2011-03-16",
    "acceptedDate": "2011-03-16 16:33:51",
    "calendarYear": "2011",
    "period": "Q4",
    "revenue": 886376000,
    "costOfRevenue": 460017000,
    "grossProfit": 426359000,
    "grossProfitRatio": 0.4810137007,
    "researchAndDevelopmentExpenses": 215563000,
    "generalAndAdministrativeExpenses": 0,
    "sellingAndMarketingExpenses": 0,
    "sellingGeneralAndAdministrativeExpenses": 145018000,
    "otherExpenses": -114000000,
    "operatingExpenses": 246581000,
    "costAndExpenses": 706598000,
    "interestIncome": 4461000,
    "interestExpense": 0,
    "depreciationAndAmortization": 46393000,
    "ebitda": 244720000,
    "ebitdaratio": 0.2760905079,
    "operatingIncome": 179778000,
    "operatingIncomeRatio": 0.2028236324,
    "totalOtherIncomeExpensesNet": 6128000,
    "incomeBeforeTax": 185906000,
    "incomeBeforeTaxRatio": 0.209737177,
    "incomeTaxExpense": 14255000,
    "netIncome": 171651000,
    "netIncomeRatio": 0.1936548372,
    "eps": 0.0071,
    "epsdiluted": 0.0071,
    "weightedAverageShsOut": 23337920000,
    "weightedAverageShsOutDil": 24064000000,
    "link": "https://www.sec.gov/Archives/edgar/data/1045810/000104581011000015/0001045810-11-000015-index.htm",
    "finalLink": "https://www.sec.gov/Archives/edgar/data/1045810/000104581011000015/fy2011form10k.htm"
  },
  {
    "date": "2010-10-31",
    "symbol": "NVDA",
    "reportedCurrency": "USD",
    "cik": "0001045810",
    "fillingDate": "2010-12-07",
    "acceptedDate": "2010-12-07 16:44:42",
    "calendarYear": "2011",
    "period": "Q3",
    "revenue": 843912000,
    "costOfRevenue": 451850000,
    "grossProfit": 392062000,
    "grossProfitRatio": 0.4645768753,
    "researchAndDevelopmentExpenses": 204527000,
    "generalAndAdministrativeExpenses": 0,
    "sellingAndMarketingExpenses": 0,
    "sellingGeneralAndAdministrativeExpenses": 83752000,
    "otherExpenses": 0,
    "operatingExpenses": 288279000,
    "costAndExpenses": 740129000,
    "interestIncome": 4220000,
    "interestExpense": 0,
    "depreciationAndAmortization": 46876000,
    "ebitda": 150659000,
    "ebitdaratio": 0.1785245381,
    "operatingIncome": 103783000,
    "operatingIncomeRatio": 0.1229784622,
    "totalOtherIncomeExpensesNet": -198000,
    "incomeBeforeTax": 103585000,
    "incomeBeforeTaxRatio": 0.1227438406,
    "incomeTaxExpense": 18723000,
    "netIncome": 84862000,
    "netIncomeRatio": 0.1005578781,
    "eps": 0.0038,
    "epsdiluted": 0.0038,
    "weightedAverageShsOut": 23092920000,
    "weightedAverageShsOutDil": 23305920000,
    "link": "https://www.sec.gov/Archives/edgar/data/1045810/000104581010000045/0001045810-10-000045-index.htm",
    "finalLink": "https://www.sec.gov/Archives/edgar/data/1045810/000104581010000045/q311form10q.htm"
  },
  {
    "date": "2010-08-01",
    "symbol": "NVDA",
    "reportedCurrency": "USD",
    "cik": "0001045810",
    "fillingDate": "2010-08-30",
    "acceptedDate": "2010-08-30 16:18:13",
    "calendarYear": "2011",
    "period": "Q2",
    "revenue": 811208000,
    "costOfRevenue": 676916000,
    "grossProfit": 134292000,
    "grossProfitRatio": 0.1655457047,
    "researchAndDevelopmentExpenses": 210635000,
    "generalAndAdministrativeExpenses": 0,
    "sellingAndMarketingExpenses": 0,
    "sellingGeneralAndAdministrativeExpenses": 98864000,
    "otherExpenses": 0,
    "operatingExpenses": 309499000,
    "costAndExpenses": 986415000,
    "interestIncome": 4805000,
    "interestExpense": 0,
    "depreciationAndAmortization": 46573000,
    "ebitda": -128634000,
    "ebitdaratio": -0.1585709214,
    "operatingIncome": -175207000,
    "operatingIncomeRatio": -0.2159828305,
    "totalOtherIncomeExpensesNet": 6160000,
    "incomeBeforeTax": -169047000,
    "incomeBeforeTaxRatio": -0.2083892171,
    "incomeTaxExpense": -28086000,
    "netIncome": -140961000,
    "netIncomeRatio": -0.1737667774,
    "eps": -0.0062,
    "epsdiluted": -0.0062,
    "weightedAverageShsOut": 22910560000,
    "weightedAverageShsOutDil": 22910560000,
    "link": "https://www.sec.gov/Archives/edgar/data/1045810/000104581010000029/0001045810-10-000029-index.htm",
    "finalLink": "https://www.sec.gov/Archives/edgar/data/1045810/000104581010000029/q211form10q.htm"
  },
  {
    "date": "2010-05-02",
    "symbol": "NVDA",
    "reportedCurrency": "USD",
    "cik": "0001045810",
    "fillingDate": "2010-05-21",
    "acceptedDate": "2010-05-21 16:36:56",
    "calendarYear": "2011",
    "period": "Q1",
    "revenue": 1001813000,
    "costOfRevenue": 545436000,
    "grossProfit": 456377000,
    "grossProfitRatio": 0.4555510859,
    "researchAndDevelopmentExpenses": 218105000,
    "generalAndAdministrativeExpenses": 0,
    "sellingAndMarketingExpenses": 0,
    "sellingGeneralAndAdministrativeExpenses": 90879000,
    "otherExpenses": 0,
    "operatingExpenses": 308984000,
    "costAndExpenses": 854420000,
    "interestIncome": 5571000,
    "interestExpense": 0,
    "depreciationAndAmortization": 47147000,
    "ebitda": 194540000,
    "ebitdaratio": 0.1941879373,
    "operatingIncome": 147393000,
    "operatingIncomeRatio": 0.1471262601,
    "totalOtherIncomeExpensesNet": 3332000,
    "incomeBeforeTax": 150725000,
    "incomeBeforeTaxRatio": 0.1504522301,
    "incomeTaxExpense": 13131000,
    "netIncome": 137594000,
    "netIncomeRatio": 0.1373449935,
    "eps": 0.006,
    "epsdiluted": 0.0058,
    "weightedAverageShsOut": 22687320000,
    "weightedAverageShsOutDil": 23639880000,
    "link": "https://www.sec.gov/Archives/edgar/data/1045810/000104581010000018/0001045810-10-000018-index.htm",
    "finalLink": "https://www.sec.gov/Archives/edgar/data/1045810/000104581010000018/q111form10q.htm"
  },
  {
    "date": "2010-01-31",
    "symbol": "NVDA",
    "reportedCurrency": "USD",
    "cik": "0001045810",
    "fillingDate": "2010-03-18",
    "acceptedDate": "2010-03-17 19:16:55",
    "calendarYear": "2010",
    "period": "Q4",
    "revenue": 982488000,
    "costOfRevenue": 543767000,
    "grossProfit": 438721000,
    "grossProfitRatio": 0.4465408229,
    "researchAndDevelopmentExpenses": 216251000,
    "generalAndAdministrativeExpenses": 0,
    "sellingAndMarketingExpenses": 0,
    "sellingGeneralAndAdministrativeExpenses": 88188000,
    "otherExpenses": 0,
    "operatingExpenses": 304439000,
    "costAndExpenses": 848206000,
    "interestIncome": 5768000,
    "interestExpense": 0,
    "depreciationAndAmortization": 47914000,
    "ebitda": 202167000,
    "ebitdaratio": 0.2057704522,
    "operatingIncome": 134282000,
    "operatingIncomeRatio": 0.1366754607,
    "totalOtherIncomeExpensesNet": 5139000,
    "incomeBeforeTax": 139421000,
    "incomeBeforeTaxRatio": 0.1419060589,
    "incomeTaxExpense": 8345000,
    "netIncome": 131076000,
    "netIncomeRatio": 0.1334123165,
    "eps": 0.0057,
    "epsdiluted": 0.0057,
    "weightedAverageShsOut": 22323400000,
    "weightedAverageShsOutDil": 22976000000,
    "link": "https://www.sec.gov/Archives/edgar/data/1045810/000104581010000006/0001045810-10-000006-index.htm",
    "finalLink": "https://www.sec.gov/Archives/edgar/data/1045810/000104581010000006/fy2010form10k.htm"
  },
  {
    "date": "2009-10-25",
    "symbol": "NVDA",
    "reportedCurrency": "USD",
    "cik": "0001045810",
    "fillingDate": "2009-11-19",
    "acceptedDate": "2009-11-19 09:03:13",
    "calendarYear": "2010",
    "period": "Q3",
    "revenue": 903206000,
    "costOfRevenue": 511423000,
    "grossProfit": 391783000,
    "grossProfitRatio": 0.4337692619,
    "researchAndDevelopmentExpenses": 197948000,
    "generalAndAdministrativeExpenses": 0,
    "sellingAndMarketingExpenses": 0,
    "sellingGeneralAndAdministrativeExpenses": 85990000,
    "otherExpenses": 0,
    "operatingExpenses": 283938000,
    "costAndExpenses": 795361000,
    "interestIncome": 5444000,
    "interestExpense": 0,
    "depreciationAndAmortization": 48770000,
    "ebitda": 156615000,
    "ebitdaratio": 0.173398981,
    "operatingIncome": 107845000,
    "operatingIncomeRatio": 0.1194024398,
    "totalOtherIncomeExpensesNet": 2362000,
    "incomeBeforeTax": 110207000,
    "incomeBeforeTaxRatio": 0.1220175685,
    "incomeTaxExpense": 2630000,
    "netIncome": 107577000,
    "netIncomeRatio": 0.119105719,
    "eps": 0.005,
    "epsdiluted": 0.0048,
    "weightedAverageShsOut": 22051320000,
    "weightedAverageShsOutDil": 22975240000,
    "link": "https://www.sec.gov/Archives/edgar/data/1045810/000104581009000036/0001045810-09-000036-index.htm",
    "finalLink": "https://www.sec.gov/Archives/edgar/data/1045810/000104581009000036/q310form10q.htm"
  },
  {
    "date": "2009-07-26",
    "symbol": "NVDA",
    "reportedCurrency": "USD",
    "cik": "0001045810",
    "fillingDate": "2009-08-20",
    "acceptedDate": "2009-08-20 16:59:23",
    "calendarYear": "2010",
    "period": "Q2",
    "revenue": 776520000,
    "costOfRevenue": 619797000,
    "grossProfit": 156723000,
    "grossProfitRatio": 0.2018273837,
    "researchAndDevelopmentExpenses": 192855000,
    "generalAndAdministrativeExpenses": 0,
    "sellingAndMarketingExpenses": 0,
    "sellingGeneralAndAdministrativeExpenses": 73975000,
    "otherExpenses": 0,
    "operatingExpenses": 266830000,
    "costAndExpenses": 886627000,
    "interestIncome": 5779000,
    "interestExpense": 0,
    "depreciationAndAmortization": 49322000,
    "ebitda": -60785000,
    "ebitdaratio": -0.0782787307,
    "operatingIncome": -110107000,
    "operatingIncomeRatio": -0.1417954464,
    "totalOtherIncomeExpensesNet": 3006000,
    "incomeBeforeTax": -107101000,
    "incomeBeforeTaxRatio": -0.1379243291,
    "incomeTaxExpense": -1799000,
    "netIncome": -105302000,
    "netIncomeRatio": -0.1356075825,
    "eps": -0.0048,
    "epsdiluted": -0.0048,
    "weightedAverageShsOut": 21865560000,
    "weightedAverageShsOutDil": 21865560000,
    "link": "https://www.sec.gov/Archives/edgar/data/1045810/000104581009000024/0001045810-09-000024-index.htm",
    "finalLink": "https://www.sec.gov/Archives/edgar/data/1045810/000104581009000024/q210form10q.htm"
  },
  {
    "date": "2009-04-26",
    "symbol": "NVDA",
    "reportedCurrency": "USD",
    "cik": "0001045810",
    "fillingDate": "2009-05-20",
    "acceptedDate": "2009-05-20 08:49:59",
    "calendarYear": "2010",
    "period": "Q1",
    "revenue": 664231000,
    "costOfRevenue": 474535000,
    "grossProfit": 189696000,
    "grossProfitRatio": 0.2855873935,
    "researchAndDevelopmentExpenses": 301797000,
    "generalAndAdministrativeExpenses": 0,
    "sellingAndMarketingExpenses": 0,
    "sellingGeneralAndAdministrativeExpenses": 118864000,
    "otherExpenses": 0,
    "operatingExpenses": 420661000,
    "costAndExpenses": 895196000,
    "interestIncome": 6124000,
    "interestExpense": 0,
    "depreciationAndAmortization": 50658000,
    "ebitda": -180307000,
    "ebitdaratio": -0.2714522508,
    "operatingIncome": -230965000,
    "operatingIncomeRatio": -0.3477178873,
    "totalOtherIncomeExpensesNet": 6144000,
    "incomeBeforeTax": -224821000,
    "incomeBeforeTaxRatio": -0.3384680932,
    "incomeTaxExpense": -23483000,
    "netIncome": -201338000,
    "netIncomeRatio": -0.3031144286,
    "eps": -0.0093,
    "epsdiluted": -0.0093,
    "weightedAverageShsOut": 21692280000,
    "weightedAverageShsOutDil": 21692280000,
    "link": "https://www.sec.gov/Archives/edgar/data/1045810/000104581009000017/0001045810-09-000017-index.htm",
    "finalLink": "https://www.sec.gov/Archives/edgar/data/1045810/000104581009000017/q110form10q.htm"
  },
  {
    "date": "2009-01-25",
    "symbol": "NVDA",
    "reportedCurrency": "USD",
    "cik": "0001045810",
    "fillingDate": "2009-03-13",
    "acceptedDate": "2009-03-13 09:02:25",
    "calendarYear": "2009",
    "period": "Q4",
    "revenue": 481140000,
    "costOfRevenue": 339474000,
    "grossProfit": 141666000,
    "grossProfitRatio": 0.2944382093,
    "researchAndDevelopmentExpenses": 211779000,
    "generalAndAdministrativeExpenses": 0,
    "sellingAndMarketingExpenses": 0,
    "sellingGeneralAndAdministrativeExpenses": 86440000,
    "otherExpenses": 18530000,
    "operatingExpenses": 316749000,
    "costAndExpenses": 656223000,
    "interestIncome": 0,
    "interestExpense": 0,
    "depreciationAndAmortization": 48055000,
    "ebitda": -108498000,
    "ebitdaratio": -0.2255019329,
    "operatingIncome": -175083000,
    "operatingIncomeRatio": -0.3638920065,
    "totalOtherIncomeExpensesNet": 4708000,
    "incomeBeforeTax": -170375000,
    "incomeBeforeTaxRatio": -0.3541069127,
    "incomeTaxExpense": -22710000,
    "netIncome": -147665000,
    "netIncomeRatio": -0.3069065137,
    "eps": -0.0069,
    "epsdiluted": -0.0068,
    "weightedAverageShsOut": 21505400000,
    "weightedAverageShsOutDil": 21752280000,
    "link": "https://www.sec.gov/Archives/edgar/data/1045810/000104581009000013/0001045810-09-000013-index.htm",
    "finalLink": "https://www.sec.gov/Archives/edgar/data/1045810/000104581009000013/fy2009form10k.htm"
  },
  {
    "date": "2008-10-31",
    "symbol": "NVDA",
    "reportedCurrency": "USD",
    "cik": "0001045810",
    "fillingDate": "2008-10-31",
    "acceptedDate": "2008-10-30 20:00:00",
    "calendarYear": "2009",
    "period": "Q3",
    "revenue": 897655000,
    "costOfRevenue": 529812000,
    "grossProfit": 367843000,
    "grossProfitRatio": 0.4097821546,
    "researchAndDevelopmentExpenses": 212360000,
    "generalAndAdministrativeExpenses": 0,
    "sellingAndMarketingExpenses": 0,
    "sellingGeneralAndAdministrativeExpenses": 90349000,
    "otherExpenses": 8338000,
    "operatingExpenses": 311047000,
    "costAndExpenses": 840859000,
    "interestIncome": 0,
    "interestExpense": 0,
    "depreciationAndAmortization": 49304000,
    "ebitda": 114438000,
    "ebitdaratio": 0.1274855039,
    "operatingIncome": 56796000,
    "operatingIncomeRatio": 0.0632715241,
    "totalOtherIncomeExpensesNet": 4207000,
    "incomeBeforeTax": 61003000,
    "incomeBeforeTaxRatio": 0.0679581799,
    "incomeTaxExpense": -745000,
    "netIncome": 61748000,
    "netIncomeRatio": 0.0687881202,
    "eps": 0.0028,
    "epsdiluted": 0.0028,
    "weightedAverageShsOut": 21752280000,
    "weightedAverageShsOutDil": 22581440000,
    "link": "",
    "finalLink": ""
  },
  {
    "date": "2008-07-31",
    "symbol": "NVDA",
    "reportedCurrency": "USD",
    "cik": "0001045810",
    "fillingDate": "2008-07-31",
    "acceptedDate": "2008-07-30 20:00:00",
    "calendarYear": "2009",
    "period": "Q2",
    "revenue": 892676000,
    "costOfRevenue": 742759000,
    "grossProfit": 149917000,
    "grossProfitRatio": 0.1679411119,
    "researchAndDevelopmentExpenses": 212910000,
    "generalAndAdministrativeExpenses": 0,
    "sellingAndMarketingExpenses": 0,
    "sellingGeneralAndAdministrativeExpenses": 92399000,
    "otherExpenses": 0,
    "operatingExpenses": 305309000,
    "costAndExpenses": 1048068000,
    "interestIncome": 0,
    "interestExpense": 0,
    "depreciationAndAmortization": 46306000,
    "ebitda": -109086000,
    "ebitdaratio": -0.1222011122,
    "operatingIncome": -155392000,
    "operatingIncomeRatio": -0.1740743562,
    "totalOtherIncomeExpensesNet": 8792000,
    "incomeBeforeTax": -146600000,
    "incomeBeforeTaxRatio": -0.164225318,
    "incomeTaxExpense": -25671000,
    "netIncome": -120929000,
    "netIncomeRatio": -0.1354679637,
    "eps": -0.0054,
    "epsdiluted": -0.0054,
    "weightedAverageShsOut": 22216680000,
    "weightedAverageShsOutDil": 22216680000,
    "link": "",
    "finalLink": ""
  },
  {
    "date": "2008-04-27",
    "symbol": "NVDA",
    "reportedCurrency": "USD",
    "cik": "0001045810",
    "fillingDate": "2008-05-22",
    "acceptedDate": "2008-05-22 08:42:53",
    "calendarYear": "2009",
    "period": "Q1",
    "revenue": 1153388000,
    "costOfRevenue": 638545000,
    "grossProfit": 514843000,
    "grossProfitRatio": 0.4463745071,
    "researchAndDevelopmentExpenses": 218830000,
    "generalAndAdministrativeExpenses": 0,
    "sellingAndMarketingExpenses": 0,
    "sellingGeneralAndAdministrativeExpenses": 93034000,
    "otherExpenses": 0,
    "operatingExpenses": 311864000,
    "costAndExpenses": 950409000,
    "interestIncome": 0,
    "interestExpense": 0,
    "depreciationAndAmortization": 41358000,
    "ebitda": 244337000,
    "ebitdaratio": 0.2118428491,
    "operatingIncome": 202979000,
    "operatingIncomeRatio": 0.1759850111,
    "totalOtherIncomeExpensesNet": 10039000,
    "incomeBeforeTax": 213018000,
    "incomeBeforeTaxRatio": 0.1846889338,
    "incomeTaxExpense": 36213000,
    "netIncome": 176805000,
    "netIncomeRatio": 0.1532918671,
    "eps": 0.008,
    "epsdiluted": 0.0075,
    "weightedAverageShsOut": 22226920000,
    "weightedAverageShsOutDil": 23679560000,
    "link": "https://www.sec.gov/Archives/edgar/data/1045810/000104581008000016/0001045810-08-000016-index.htm",
    "finalLink": "https://www.sec.gov/Archives/edgar/data/1045810/000104581008000016/q109form10q.htm"
  },
  {
    "date": "2008-01-31",
    "symbol": "NVDA",
    "reportedCurrency": "USD",
    "cik": "0001045810",
    "fillingDate": "2008-01-31",
    "acceptedDate": "2008-01-30 19:00:00",
    "calendarYear": "2008",
    "period": "Q4",
    "revenue": 1202730000,
    "costOfRevenue": 653133000,
    "grossProfit": 549597000,
    "grossProfitRatio": 0.4569579207,
    "researchAndDevelopmentExpenses": 195835000,
    "generalAndAdministrativeExpenses": 0,
    "sellingAndMarketingExpenses": 0,
    "sellingGeneralAndAdministrativeExpenses": 91263000,
    "otherExpenses": 0,
    "operatingExpenses": 287098000,
    "costAndExpenses": 940231000,
    "interestIncome": 0,
    "interestExpense": 0,
    "depreciationAndAmortization": 36936000,
    "ebitda": 299435000,
    "ebitdaratio": 0.2489627764,
    "operatingIncome": 262499000,
    "operatingIncomeRatio": 0.2182526419,
    "totalOtherIncomeExpensesNet": 17403000,
    "incomeBeforeTax": 279902000,
    "incomeBeforeTaxRatio": 0.2327222236,
    "incomeTaxExpense": 22909000,
    "netIncome": 256993000,
    "netIncomeRatio": 0.2136747233,
    "eps": 0.012,
    "epsdiluted": 0.012,
    "weightedAverageShsOut": 22198640000,
    "weightedAverageShsOutDil": 22198640000,
    "link": "",
    "finalLink": ""
  },
  {
    "date": "2007-10-31",
    "symbol": "NVDA",
    "reportedCurrency": "USD",
    "cik": "0001045810",
    "fillingDate": "2007-10-31",
    "acceptedDate": "2007-10-30 20:00:00",
    "calendarYear": "2008",
    "period": "Q3",
    "revenue": 1115597000,
    "costOfRevenue": 600044000,
    "grossProfit": 515553000,
    "grossProfitRatio": 0.4621319347,
    "researchAndDevelopmentExpenses": 179529000,
    "generalAndAdministrativeExpenses": 0,
    "sellingAndMarketingExpenses": 0,
    "sellingGeneralAndAdministrativeExpenses": 88183000,
    "otherExpenses": 0,
    "operatingExpenses": 267712000,
    "costAndExpenses": 867756000,
    "interestIncome": 0,
    "interestExpense": 0,
    "depreciationAndAmortization": 33030000,
    "ebitda": 280871000,
    "ebitdaratio": 0.2517674393,
    "operatingIncome": 247841000,
    "operatingIncomeRatio": 0.2221599735,
    "totalOtherIncomeExpensesNet": 18958000,
    "incomeBeforeTax": 266799000,
    "incomeBeforeTaxRatio": 0.2391535653,
    "incomeTaxExpense": 31138000,
    "netIncome": 235661000,
    "netIncomeRatio": 0.2112420525,
    "eps": 0.011,
    "epsdiluted": 0.0095,
    "weightedAverageShsOut": 22198640000,
    "weightedAverageShsOutDil": 24519400000,
    "link": "",
    "finalLink": ""
  },
  {
    "date": "2007-07-31",
    "symbol": "NVDA",
    "reportedCurrency": "USD",
    "cik": "0001045810",
    "fillingDate": "2007-07-31",
    "acceptedDate": "2007-07-30 20:00:00",
    "calendarYear": "2008",
    "period": "Q2",
    "revenue": 935253000,
    "costOfRevenue": 511261000,
    "grossProfit": 423992000,
    "grossProfitRatio": 0.4533447099,
    "researchAndDevelopmentExpenses": 157952000,
    "generalAndAdministrativeExpenses": 0,
    "sellingAndMarketingExpenses": 0,
    "sellingGeneralAndAdministrativeExpenses": 81280000,
    "otherExpenses": 0,
    "operatingExpenses": 239232000,
    "costAndExpenses": 750493000,
    "interestIncome": 0,
    "interestExpense": 0,
    "depreciationAndAmortization": 31892000,
    "ebitda": 216652000,
    "ebitdaratio": 0.231650687,
    "operatingIncome": 184760000,
    "operatingIncomeRatio": 0.1975508231,
    "totalOtherIncomeExpensesNet": 16091000,
    "incomeBeforeTax": 200851000,
    "incomeBeforeTaxRatio": 0.2147557934,
    "incomeTaxExpense": 28119000,
    "netIncome": 172732000,
    "netIncomeRatio": 0.184690132,
    "eps": 0.0078,
    "epsdiluted": 0.0072,
    "weightedAverageShsOut": 21892200000,
    "weightedAverageShsOutDil": 24153180000,
    "link": "",
    "finalLink": ""
  },
  {
    "date": "2007-04-29",
    "symbol": "NVDA",
    "reportedCurrency": "USD",
    "cik": "0001045810",
    "fillingDate": "2007-05-24",
    "acceptedDate": "2007-05-24 08:50:49",
    "calendarYear": "2008",
    "period": "Q1",
    "revenue": 844280000,
    "costOfRevenue": 464142000,
    "grossProfit": 380138000,
    "grossProfitRatio": 0.4502511015,
    "researchAndDevelopmentExpenses": 158321000,
    "generalAndAdministrativeExpenses": 0,
    "sellingAndMarketingExpenses": 0,
    "sellingGeneralAndAdministrativeExpenses": 80571000,
    "otherExpenses": 0,
    "operatingExpenses": 238892000,
    "costAndExpenses": 703034000,
    "interestIncome": 0,
    "interestExpense": 0,
    "depreciationAndAmortization": 31334000,
    "ebitda": 172580000,
    "ebitdaratio": 0.204410859,
    "operatingIncome": 141246000,
    "operatingIncomeRatio": 0.167297579,
    "totalOtherIncomeExpensesNet": 12543000,
    "incomeBeforeTax": 153789000,
    "incomeBeforeTaxRatio": 0.1821540247,
    "incomeTaxExpense": 21530000,
    "netIncome": 132259000,
    "netIncomeRatio": 0.1566530061,
    "eps": 0.006,
    "epsdiluted": 0.0055,
    "weightedAverageShsOut": 21649880000,
    "weightedAverageShsOutDil": 23931960000,
    "link": "https://www.sec.gov/Archives/edgar/data/1045810/000104581007000019/0001045810-07-000019-index.htm",
    "finalLink": "https://www.sec.gov/Archives/edgar/data/1045810/000104581007000019/q108form10q.htm"
  },
  {
    "date": "2007-01-28",
    "symbol": "NVDA",
    "reportedCurrency": "USD",
    "cik": "0001045810",
    "fillingDate": "2007-03-16",
    "acceptedDate": "2007-03-16 14:12:51",
    "calendarYear": "2007",
    "period": "Q4",
    "revenue": 878873000,
    "costOfRevenue": 493167000,
    "grossProfit": 385706000,
    "grossProfitRatio": 0.4388643183,
    "researchAndDevelopmentExpenses": 162276000,
    "generalAndAdministrativeExpenses": 0,
    "sellingAndMarketingExpenses": 0,
    "sellingGeneralAndAdministrativeExpenses": 84916000,
    "otherExpenses": 0,
    "operatingExpenses": 247192000,
    "costAndExpenses": 740359000,
    "interestIncome": 0,
    "interestExpense": 0,
    "depreciationAndAmortization": 34292000,
    "ebitda": 172806000,
    "ebitdaratio": 0.1966222651,
    "operatingIncome": 138514000,
    "operatingIncomeRatio": 0.1576041134,
    "totalOtherIncomeExpensesNet": 13045000,
    "incomeBeforeTax": 151559000,
    "incomeBeforeTaxRatio": 0.1724469861,
    "incomeTaxExpense": -11947000,
    "netIncome": 163506000,
    "netIncomeRatio": 0.1860405315,
    "eps": 0.0068,
    "epsdiluted": 0.0068,
    "weightedAverageShsOut": 22872143880,
    "weightedAverageShsOutDil": 23940000000,
    "link": "https://www.sec.gov/Archives/edgar/data/1045810/000104581007000008/0001045810-07-000008-index.htm",
    "finalLink": "https://www.sec.gov/Archives/edgar/data/1045810/000104581007000008/fy2007annualreportonform10-k.htm"
  },
  {
    "date": "2006-10-29",
    "symbol": "NVDA",
    "reportedCurrency": "USD",
    "cik": "0001045810",
    "fillingDate": "2006-12-07",
    "acceptedDate": "2006-12-07 16:23:34",
    "calendarYear": "2007",
    "period": "Q3",
    "revenue": 820572000,
    "costOfRevenue": 486630000,
    "grossProfit": 333942000,
    "grossProfitRatio": 0.4069624603,
    "researchAndDevelopmentExpenses": 140732000,
    "generalAndAdministrativeExpenses": 0,
    "sellingAndMarketingExpenses": 0,
    "sellingGeneralAndAdministrativeExpenses": 75597000,
    "otherExpenses": 0,
    "operatingExpenses": 216329000,
    "costAndExpenses": 702959000,
    "interestIncome": 0,
    "interestExpense": 0,
    "depreciationAndAmortization": 25031000,
    "ebitda": 142644000,
    "ebitdaratio": 0.1738348372,
    "operatingIncome": 117613000,
    "operatingIncomeRatio": 0.143330506,
    "totalOtherIncomeExpensesNet": 10714000,
    "incomeBeforeTax": 128327000,
    "incomeBeforeTaxRatio": 0.1563872518,
    "incomeTaxExpense": 21816000,
    "netIncome": 106511000,
    "netIncomeRatio": 0.1298009194,
    "eps": 0.005,
    "epsdiluted": 0.0045,
    "weightedAverageShsOut": 21148845560,
    "weightedAverageShsOutDil": 23457571200,
    "link": "https://www.sec.gov/Archives/edgar/data/1045810/000104581006000035/0001045810-06-000035-index.htm",
    "finalLink": "https://www.sec.gov/Archives/edgar/data/1045810/000104581006000035/q307form10q.htm"
  },
  {
    "date": "2006-07-30",
    "symbol": "NVDA",
    "reportedCurrency": "USD",
    "cik": "0001045810",
    "fillingDate": "2006-11-29",
    "acceptedDate": "2006-11-29 06:20:46",
    "calendarYear": "2007",
    "period": "Q2",
    "revenue": 687519000,
    "costOfRevenue": 395391000,
    "grossProfit": 292128000,
    "grossProfitRatio": 0.4249017118,
    "researchAndDevelopmentExpenses": 127257000,
    "generalAndAdministrativeExpenses": 0,
    "sellingAndMarketingExpenses": 0,
    "sellingGeneralAndAdministrativeExpenses": 69055000,
    "otherExpenses": 0,
    "operatingExpenses": 196312000,
    "costAndExpenses": 591703000,
    "interestIncome": 0,
    "interestExpense": 0,
    "depreciationAndAmortization": 24208000,
    "ebitda": 120024000,
    "ebitdaratio": 0.174575539,
    "operatingIncome": 95816000,
    "operatingIncomeRatio": 0.1393648757,
    "totalOtherIncomeExpensesNet": 8706000,
    "incomeBeforeTax": 104522000,
    "incomeBeforeTaxRatio": 0.1520277985,
    "incomeTaxExpense": 17769000,
    "netIncome": 86753000,
    "netIncomeRatio": 0.1261826946,
    "eps": 0.0042,
    "epsdiluted": 0.0037,
    "weightedAverageShsOut": 21014640000,
    "weightedAverageShsOutDil": 23135340000,
    "link": "https://www.sec.gov/Archives/edgar/data/1045810/000119312506243229/0001193125-06-243229-index.htm",
    "finalLink": "https://www.sec.gov/Archives/edgar/data/1045810/000119312506243229/d10q.htm"
  },
  {
    "date": "2006-04-30",
    "symbol": "NVDA",
    "reportedCurrency": "USD",
    "cik": "0001045810",
    "fillingDate": "2006-05-31",
    "acceptedDate": "2006-05-31 17:01:49",
    "calendarYear": "2007",
    "period": "Q1",
    "revenue": 681807000,
    "costOfRevenue": 393050000,
    "grossProfit": 288757000,
    "grossProfitRatio": 0.4235172123,
    "researchAndDevelopmentExpenses": 122404000,
    "generalAndAdministrativeExpenses": 0,
    "sellingAndMarketingExpenses": 0,
    "sellingGeneralAndAdministrativeExpenses": 65668000,
    "otherExpenses": 0,
    "operatingExpenses": 188072000,
    "costAndExpenses": 581122000,
    "interestIncome": 0,
    "interestExpense": 0,
    "depreciationAndAmortization": 24031000,
    "ebitda": 124716000,
    "ebitdaratio": 0.1829197999,
    "operatingIncome": 100685000,
    "operatingIncomeRatio": 0.1476737552,
    "totalOtherIncomeExpensesNet": 8563000,
    "incomeBeforeTax": 109248000,
    "incomeBeforeTaxRatio": 0.1602330278,
    "incomeTaxExpense": 18572000,
    "netIncome": 90676000,
    "netIncomeRatio": 0.1329936478,
    "eps": 0.0043,
    "epsdiluted": 0.0038,
    "weightedAverageShsOut": 20876220000,
    "weightedAverageShsOutDil": 23422200000,
    "link": "https://www.sec.gov/Archives/edgar/data/1045810/000104581006000023/0001045810-06-000023-index.htm",
    "finalLink": "https://www.sec.gov/Archives/edgar/data/1045810/000104581006000023/q107form10q.htm"
  },
  {
    "date": "2006-01-29",
    "symbol": "NVDA",
    "reportedCurrency": "USD",
    "cik": "0001045810",
    "fillingDate": "2006-03-16",
    "acceptedDate": "2006-03-16 17:08:37",
    "calendarYear": "2006",
    "period": "Q4",
    "revenue": 633614000,
    "costOfRevenue": 378674000,
    "grossProfit": 254940000,
    "grossProfitRatio": 0.4023585337,
    "researchAndDevelopmentExpenses": 92435000,
    "generalAndAdministrativeExpenses": 0,
    "sellingAndMarketingExpenses": 0,
    "sellingGeneralAndAdministrativeExpenses": 50163000,
    "otherExpenses": 0,
    "operatingExpenses": 142598000,
    "costAndExpenses": 521272000,
    "interestIncome": 0,
    "interestExpense": 0,
    "depreciationAndAmortization": 23788000,
    "ebitda": 136130000,
    "ebitdaratio": 0.2148468942,
    "operatingIncome": 112342000,
    "operatingIncomeRatio": 0.1773035318,
    "totalOtherIncomeExpensesNet": 4386000,
    "incomeBeforeTax": 116728000,
    "incomeBeforeTaxRatio": 0.1842257273,
    "incomeTaxExpense": 18676000,
    "netIncome": 98052000,
    "netIncomeRatio": 0.1547503685,
    "eps": 0.0044,
    "epsdiluted": 0.0044,
    "weightedAverageShsOut": 20352623680,
    "weightedAverageShsOutDil": 21931274360,
    "link": "https://www.sec.gov/Archives/edgar/data/1045810/000104581006000014/0001045810-06-000014-index.htm",
    "finalLink": "https://www.sec.gov/Archives/edgar/data/1045810/000104581006000014/fy2006annualreportonform10-k.htm"
  },
  {
    "date": "2005-10-30",
    "symbol": "NVDA",
    "reportedCurrency": "USD",
    "cik": "0001045810",
    "fillingDate": "2005-11-23",
    "acceptedDate": "2005-11-23 13:16:35",
    "calendarYear": "2006",
    "period": "Q3",
    "revenue": 583415000,
    "costOfRevenue": 355420000,
    "grossProfit": 227995000,
    "grossProfitRatio": 0.3907938603,
    "researchAndDevelopmentExpenses": 88829000,
    "generalAndAdministrativeExpenses": 0,
    "sellingAndMarketingExpenses": 0,
    "sellingGeneralAndAdministrativeExpenses": 55436000,
    "otherExpenses": 14158000,
    "operatingExpenses": 158423000,
    "costAndExpenses": 513843000,
    "interestIncome": 0,
    "interestExpense": 0,
    "depreciationAndAmortization": 24522000,
    "ebitda": 94094000,
    "ebitdaratio": 0.1612814206,
    "operatingIncome": 69572000,
    "operatingIncomeRatio": 0.1192495908,
    "totalOtherIncomeExpensesNet": 6146000,
    "incomeBeforeTax": 75718000,
    "incomeBeforeTaxRatio": 0.1297841159,
    "incomeTaxExpense": 11271000,
    "netIncome": 64447000,
    "netIncomeRatio": 0.1104651063,
    "eps": 0.0032,
    "epsdiluted": 0.003,
    "weightedAverageShsOut": 20405037480,
    "weightedAverageShsOutDil": 22000419800,
    "link": "https://www.sec.gov/Archives/edgar/data/1045810/000104581005000028/0001045810-05-000028-index.htm",
    "finalLink": "https://www.sec.gov/Archives/edgar/data/1045810/000104581005000028/q306form10q.htm"
  },
  {
    "date": "2005-07-31",
    "symbol": "NVDA",
    "reportedCurrency": "USD",
    "cik": "0001045810",
    "fillingDate": "2005-08-25",
    "acceptedDate": "2005-08-25 13:25:53",
    "calendarYear": "2006",
    "period": "Q2",
    "revenue": 574812000,
    "costOfRevenue": 357437000,
    "grossProfit": 217375000,
    "grossProfitRatio": 0.3781671225,
    "researchAndDevelopmentExpenses": 87113000,
    "generalAndAdministrativeExpenses": 0,
    "sellingAndMarketingExpenses": 0,
    "sellingGeneralAndAdministrativeExpenses": 52669000,
    "otherExpenses": 0,
    "operatingExpenses": 139782000,
    "costAndExpenses": 497219000,
    "interestIncome": 0,
    "interestExpense": 0,
    "depreciationAndAmortization": 24770000,
    "ebitda": 102363000,
    "ebitdaratio": 0.1780808334,
    "operatingIncome": 77593000,
    "operatingIncomeRatio": 0.1349884832,
    "totalOtherIncomeExpensesNet": 5219000,
    "incomeBeforeTax": 82812000,
    "incomeBeforeTaxRatio": 0.1440679735,
    "incomeTaxExpense": 8979000,
    "netIncome": 73833000,
    "netIncomeRatio": 0.128447214,
    "eps": 0.0037,
    "epsdiluted": 0.0033,
    "weightedAverageShsOut": 20273160000,
    "weightedAverageShsOutDil": 21700440000,
    "link": "https://www.sec.gov/Archives/edgar/data/1045810/000104581005000024/0001045810-05-000024-index.htm",
    "finalLink": "https://www.sec.gov/Archives/edgar/data/1045810/000104581005000024/q206form10q.htm"
  },
  {
    "date": "2005-05-01",
    "symbol": "NVDA",
    "reportedCurrency": "USD",
    "cik": "0001045810",
    "fillingDate": "2005-06-02",
    "acceptedDate": "2005-06-02 16:39:58",
    "calendarYear": "2006",
    "period": "Q1",
    "revenue": 583846000,
    "costOfRevenue": 373693000,
    "grossProfit": 210153000,
    "grossProfitRatio": 0.3599459446,
    "researchAndDevelopmentExpenses": 85913000,
    "generalAndAdministrativeExpenses": 0,
    "sellingAndMarketingExpenses": 0,
    "sellingGeneralAndAdministrativeExpenses": 48058000,
    "otherExpenses": 0,
    "operatingExpenses": 133971000,
    "costAndExpenses": 507664000,
    "interestIncome": 0,
    "interestExpense": 0,
    "depreciationAndAmortization": 24897000,
    "ebitda": 101079000,
    "ebitdaratio": 0.1731261326,
    "operatingIncome": 76182000,
    "operatingIncomeRatio": 0.1304830383,
    "totalOtherIncomeExpensesNet": 4373000,
    "incomeBeforeTax": 80555000,
    "incomeBeforeTaxRatio": 0.1379730271,
    "incomeTaxExpense": 16111000,
    "netIncome": 64444000,
    "netIncomeRatio": 0.1103784217,
    "eps": 0.0032,
    "epsdiluted": 0.003,
    "weightedAverageShsOut": 20237640000,
    "weightedAverageShsOutDil": 21659040000,
    "link": "https://www.sec.gov/Archives/edgar/data/1045810/000104581005000020/0001045810-05-000020-index.htm",
    "finalLink": "https://www.sec.gov/Archives/edgar/data/1045810/000104581005000020/q106form10q.htm"
  },
  {
    "date": "2005-01-30",
    "symbol": "NVDA",
    "reportedCurrency": "USD",
    "cik": "0001045810",
    "fillingDate": "2005-03-22",
    "acceptedDate": "2005-03-22 14:33:30",
    "calendarYear": "2005",
    "period": "Q4",
    "revenue": 566476000,
    "costOfRevenue": 372661000,
    "grossProfit": 193815000,
    "grossProfitRatio": 0.3421415912,
    "researchAndDevelopmentExpenses": 84054000,
    "generalAndAdministrativeExpenses": 0,
    "sellingAndMarketingExpenses": 0,
    "sellingGeneralAndAdministrativeExpenses": 52605000,
    "otherExpenses": 0,
    "operatingExpenses": 136659000,
    "costAndExpenses": 509320000,
    "interestIncome": 0,
    "interestExpense": 0,
    "depreciationAndAmortization": 31085000,
    "ebitda": 88241000,
    "ebitdaratio": 0.1557718244,
    "operatingIncome": 57156000,
    "operatingIncomeRatio": 0.1008974784,
    "totalOtherIncomeExpensesNet": 2854000,
    "incomeBeforeTax": 60010000,
    "incomeBeforeTaxRatio": 0.1059356442,
    "incomeTaxExpense": 12001000,
    "netIncome": 48009000,
    "netIncomeRatio": 0.0847502807,
    "eps": 0.0023,
    "epsdiluted": 0.0023,
    "weightedAverageShsOut": 19917481240,
    "weightedAverageShsOutDil": 21176371800,
    "link": "https://www.sec.gov/Archives/edgar/data/1045810/000104581005000008/0001045810-05-000008-index.htm",
    "finalLink": "https://www.sec.gov/Archives/edgar/data/1045810/000104581005000008/annualreport.htm"
  },
  {
    "date": "2004-10-24",
    "symbol": "NVDA",
    "reportedCurrency": "USD",
    "cik": "0001045810",
    "fillingDate": "2004-11-22",
    "acceptedDate": "2004-11-22 15:12:02",
    "calendarYear": "2005",
    "period": "Q3",
    "revenue": 515591000,
    "costOfRevenue": 348849000,
    "grossProfit": 166742000,
    "grossProfitRatio": 0.323399749,
    "researchAndDevelopmentExpenses": 87880000,
    "generalAndAdministrativeExpenses": 0,
    "sellingAndMarketingExpenses": 0,
    "sellingGeneralAndAdministrativeExpenses": 50104000,
    "otherExpenses": 0,
    "operatingExpenses": 137984000,
    "costAndExpenses": 486833000,
    "interestIncome": 0,
    "interestExpense": 0,
    "depreciationAndAmortization": 24026000,
    "ebitda": 52784000,
    "ebitdaratio": 0.1023757203,
    "operatingIncome": 28758000,
    "operatingIncomeRatio": 0.0557767688,
    "totalOtherIncomeExpensesNet": 3591000,
    "incomeBeforeTax": 32349000,
    "incomeBeforeTaxRatio": 0.0627415917,
    "incomeTaxExpense": 6470000,
    "netIncome": 25879000,
    "netIncomeRatio": 0.0501928854,
    "eps": 0.0013,
    "epsdiluted": 0.0013,
    "weightedAverageShsOut": 19924677680,
    "weightedAverageShsOutDil": 20733913040,
    "link": "https://www.sec.gov/Archives/edgar/data/1045810/000104581004000034/0001045810-04-000034-index.htm",
    "finalLink": "https://www.sec.gov/Archives/edgar/data/1045810/000104581004000034/q305form10q.htm"
  },
  {
    "date": "2004-07-25",
    "symbol": "NVDA",
    "reportedCurrency": "USD",
    "cik": "0001045810",
    "fillingDate": "2004-08-19",
    "acceptedDate": "2004-08-19 14:21:23",
    "calendarYear": "2005",
    "period": "Q2",
    "revenue": 456061000,
    "costOfRevenue": 315968000,
    "grossProfit": 140093000,
    "grossProfitRatio": 0.3071803991,
    "researchAndDevelopmentExpenses": 85420000,
    "generalAndAdministrativeExpenses": 0,
    "sellingAndMarketingExpenses": 0,
    "sellingGeneralAndAdministrativeExpenses": 50874000,
    "otherExpenses": 0,
    "operatingExpenses": 136294000,
    "costAndExpenses": 452262000,
    "interestIncome": 0,
    "interestExpense": 0,
    "depreciationAndAmortization": 24074000,
    "ebitda": 27873000,
    "ebitdaratio": 0.0611168243,
    "operatingIncome": 3799000,
    "operatingIncomeRatio": 0.008330026,
    "totalOtherIncomeExpensesNet": 2600000,
    "incomeBeforeTax": 6399000,
    "incomeBeforeTaxRatio": 0.0140310178,
    "incomeTaxExpense": 1280000,
    "netIncome": 5119000,
    "netIncomeRatio": 0.0112243757,
    "eps": 0.0003,
    "epsdiluted": 0.0003,
    "weightedAverageShsOut": 19950240000,
    "weightedAverageShsOutDil": 21290280000,
    "link": "https://www.sec.gov/Archives/edgar/data/1045810/000104581004000023/0001045810-04-000023-index.htm",
    "finalLink": "https://www.sec.gov/Archives/edgar/data/1045810/000104581004000023/q205form10q.htm"
  },
  {
    "date": "2004-04-25",
    "symbol": "NVDA",
    "reportedCurrency": "USD",
    "cik": "0001045810",
    "fillingDate": "2004-05-20",
    "acceptedDate": "2004-05-20 13:56:18",
    "calendarYear": "2005",
    "period": "Q1",
    "revenue": 471905000,
    "costOfRevenue": 323069000,
    "grossProfit": 148836000,
    "grossProfitRatio": 0.3153939882,
    "researchAndDevelopmentExpenses": 77750000,
    "generalAndAdministrativeExpenses": 0,
    "sellingAndMarketingExpenses": 0,
    "sellingGeneralAndAdministrativeExpenses": 47206000,
    "otherExpenses": 0,
    "operatingExpenses": 124956000,
    "costAndExpenses": 448025000,
    "interestIncome": 0,
    "interestExpense": 0,
    "depreciationAndAmortization": 23412000,
    "ebitda": 47292000,
    "ebitdaratio": 0.1002150857,
    "operatingIncome": 23880000,
    "operatingIncomeRatio": 0.0506034053,
    "totalOtherIncomeExpensesNet": 2807000,
    "incomeBeforeTax": 26687000,
    "incomeBeforeTaxRatio": 0.0565516365,
    "incomeTaxExpense": 5338000,
    "netIncome": 21349000,
    "netIncomeRatio": 0.0452400377,
    "eps": 0.0011,
    "epsdiluted": 0.001,
    "weightedAverageShsOut": 19820520000,
    "weightedAverageShsOutDil": 21417480000,
    "link": "https://www.sec.gov/Archives/edgar/data/1045810/000104581004000015/0001045810-04-000015-index.htm",
    "finalLink": "https://www.sec.gov/Archives/edgar/data/1045810/000104581004000015/q105form10-q.htm"
  },
  {
    "date": "2004-01-25",
    "symbol": "NVDA",
    "reportedCurrency": "USD",
    "cik": "0001045810",
    "fillingDate": "2004-03-29",
    "acceptedDate": "2004-03-29 12:31:52",
    "calendarYear": "2004",
    "period": "Q4",
    "revenue": 472119000,
    "costOfRevenue": 333914000,
    "grossProfit": 138205000,
    "grossProfitRatio": 0.2927333998,
    "researchAndDevelopmentExpenses": 71990000,
    "generalAndAdministrativeExpenses": 0,
    "sellingAndMarketingExpenses": 0,
    "sellingGeneralAndAdministrativeExpenses": 42399000,
    "otherExpenses": 0,
    "operatingExpenses": 114389000,
    "costAndExpenses": 448303000,
    "interestIncome": 0,
    "interestExpense": 0,
    "depreciationAndAmortization": 24278000,
    "ebitda": 48094000,
    "ebitdaratio": 0.1018683849,
    "operatingIncome": 23816000,
    "operatingIncomeRatio": 0.050444909,
    "totalOtherIncomeExpensesNet": 2433000,
    "incomeBeforeTax": 26249000,
    "incomeBeforeTaxRatio": 0.0555982708,
    "incomeTaxExpense": 2083000,
    "netIncome": 24166000,
    "netIncomeRatio": 0.0511862475,
    "eps": 0.0013,
    "epsdiluted": 0.0013,
    "weightedAverageShsOut": 19380149920,
    "weightedAverageShsOutDil": 19380149920,
    "link": "https://www.sec.gov/Archives/edgar/data/1045810/000104581004000007/0001045810-04-000007-index.htm",
    "finalLink": "https://www.sec.gov/Archives/edgar/data/1045810/000104581004000007/annualreport.htm"
  },
  {
    "date": "2003-10-26",
    "symbol": "NVDA",
    "reportedCurrency": "USD",
    "cik": "0001045810",
    "fillingDate": "2003-11-21",
    "acceptedDate": "2003-11-21 12:48:13",
    "calendarYear": "2004",
    "period": "Q3",
    "revenue": 486069000,
    "costOfRevenue": 351938000,
    "grossProfit": 134131000,
    "grossProfitRatio": 0.2759505338,
    "researchAndDevelopmentExpenses": 73052000,
    "generalAndAdministrativeExpenses": 0,
    "sellingAndMarketingExpenses": 0,
    "sellingGeneralAndAdministrativeExpenses": 42218000,
    "otherExpenses": 3500000,
    "operatingExpenses": 118770000,
    "costAndExpenses": 470708000,
    "interestIncome": 0,
    "interestExpense": 0,
    "depreciationAndAmortization": 22842000,
    "ebitda": 41703000,
    "ebitdaratio": 0.085796461,
    "operatingIncome": 15361000,
    "operatingIncomeRatio": 0.0316025091,
    "totalOtherIncomeExpensesNet": -9808000,
    "incomeBeforeTax": 5553000,
    "incomeBeforeTaxRatio": 0.011424304,
    "incomeTaxExpense": -803000,
    "netIncome": 6356000,
    "netIncomeRatio": 0.0130763328,
    "eps": 0.0003,
    "epsdiluted": 0.0003,
    "weightedAverageShsOut": 19380149920,
    "weightedAverageShsOutDil": 20767496240,
    "link": "https://www.sec.gov/Archives/edgar/data/1045810/000104581003000010/0001045810-03-000010-index.htm",
    "finalLink": "https://www.sec.gov/Archives/edgar/data/1045810/000104581003000010/q30410q.htm"
  },
  {
    "date": "2003-07-27",
    "symbol": "NVDA",
    "reportedCurrency": "USD",
    "cik": "0001045810",
    "fillingDate": "2003-09-09",
    "acceptedDate": "2003-09-09 13:31:38",
    "calendarYear": "2004",
    "period": "Q2",
    "revenue": 459774000,
    "costOfRevenue": 329800000,
    "grossProfit": 129974000,
    "grossProfitRatio": 0.2826910613,
    "researchAndDevelopmentExpenses": 65620000,
    "generalAndAdministrativeExpenses": 0,
    "sellingAndMarketingExpenses": 0,
    "sellingGeneralAndAdministrativeExpenses": 39722000,
    "otherExpenses": 0,
    "operatingExpenses": 105342000,
    "costAndExpenses": 435142000,
    "interestIncome": 0,
    "interestExpense": 0,
    "depreciationAndAmortization": 19610000,
    "ebitda": 44242000,
    "ebitdaratio": 0.0962255369,
    "operatingIncome": 24632000,
    "operatingIncomeRatio": 0.0535741473,
    "totalOtherIncomeExpensesNet": 2029000,
    "incomeBeforeTax": 26661000,
    "incomeBeforeTaxRatio": 0.057987185,
    "incomeTaxExpense": 2511000,
    "netIncome": 24150000,
    "netIncomeRatio": 0.0525258062,
    "eps": 0.0013,
    "epsdiluted": 0.0012,
    "weightedAverageShsOut": 19209240000,
    "weightedAverageShsOutDil": 20946120000,
    "link": "https://www.sec.gov/Archives/edgar/data/1045810/000119312503047111/0001193125-03-047111-index.htm",
    "finalLink": "https://www.sec.gov/Archives/edgar/data/1045810/000119312503047111/d10q.htm"
  },
  {
    "date": "2003-04-27",
    "symbol": "NVDA",
    "reportedCurrency": "USD",
    "cik": "0001045810",
    "fillingDate": "2003-05-22",
    "acceptedDate": "2003-05-22 16:14:18",
    "calendarYear": "2004",
    "period": "Q1",
    "revenue": 404983000,
    "costOfRevenue": 278415000,
    "grossProfit": 126568000,
    "grossProfitRatio": 0.3125266987,
    "researchAndDevelopmentExpenses": 59310000,
    "generalAndAdministrativeExpenses": 0,
    "sellingAndMarketingExpenses": 0,
    "sellingGeneralAndAdministrativeExpenses": 40910000,
    "otherExpenses": 0,
    "operatingExpenses": 100220000,
    "costAndExpenses": 378635000,
    "interestIncome": 0,
    "interestExpense": 0,
    "depreciationAndAmortization": 15958000,
    "ebitda": 42306000,
    "ebitdaratio": 0.1044636442,
    "operatingIncome": 26348000,
    "operatingIncomeRatio": 0.065059521,
    "totalOtherIncomeExpensesNet": 1862000,
    "incomeBeforeTax": 28210000,
    "incomeBeforeTaxRatio": 0.0696572449,
    "incomeTaxExpense": 8463000,
    "netIncome": 19747000,
    "netIncomeRatio": 0.0487600714,
    "eps": 0.001,
    "epsdiluted": 0.001,
    "weightedAverageShsOut": 19034640000,
    "weightedAverageShsOutDil": 20151000000,
    "link": "https://www.sec.gov/Archives/edgar/data/1045810/000101287003002787/0001012870-03-002787-index.htm",
    "finalLink": "https://www.sec.gov/Archives/edgar/data/1045810/000101287003002787/d10q.htm"
  },
  {
    "date": "2003-01-26",
    "symbol": "NVDA",
    "reportedCurrency": "USD",
    "cik": "0001045810",
    "fillingDate": "2003-04-25",
    "acceptedDate": "2003-04-24 21:55:57",
    "calendarYear": "2003",
    "period": "Q4",
    "revenue": 468953000,
    "costOfRevenue": 307606000,
    "grossProfit": 161347000,
    "grossProfitRatio": 0.3440579333,
    "researchAndDevelopmentExpenses": 57373000,
    "generalAndAdministrativeExpenses": 0,
    "sellingAndMarketingExpenses": 0,
    "sellingGeneralAndAdministrativeExpenses": 95070000,
    "otherExpenses": -61832000,
    "operatingExpenses": 90611000,
    "costAndExpenses": 398217000,
    "interestIncome": 0,
    "interestExpense": 0,
    "depreciationAndAmortization": 15151000,
    "ebitda": 85887000,
    "ebitdaratio": 0.1831462854,
    "operatingIncome": 70736000,
    "operatingIncomeRatio": 0.1508381437,
    "totalOtherIncomeExpensesNet": 2030000,
    "incomeBeforeTax": 72766000,
    "incomeBeforeTaxRatio": 0.1551669357,
    "incomeTaxExpense": 21830000,
    "netIncome": 50936000,
    "netIncomeRatio": 0.1086164285,
    "eps": 0.0025,
    "epsdiluted": 0.0025,
    "weightedAverageShsOut": 18412353840,
    "weightedAverageShsOutDil": 20197061480,
    "link": "https://www.sec.gov/Archives/edgar/data/1045810/000104596903001196/0001045969-03-001196-index.htm",
    "finalLink": "https://www.sec.gov/Archives/edgar/data/1045810/000104596903001196/d10k.htm"
  },
  {
    "date": "2002-10-27",
    "symbol": "NVDA",
    "reportedCurrency": "USD",
    "cik": "0001045810",
    "fillingDate": "2002-12-10",
    "acceptedDate": "2002-12-10 16:24:33",
    "calendarYear": "2003",
    "period": "Q3",
    "revenue": 430304000,
    "costOfRevenue": 322106000,
    "grossProfit": 108198000,
    "grossProfitRatio": 0.2514454897,
    "researchAndDevelopmentExpenses": 57779000,
    "generalAndAdministrativeExpenses": 0,
    "sellingAndMarketingExpenses": 0,
    "sellingGeneralAndAdministrativeExpenses": 38693000,
    "otherExpenses": 61832000,
    "operatingExpenses": 158304000,
    "costAndExpenses": 480410000,
    "interestIncome": 0,
    "interestExpense": 0,
    "depreciationAndAmortization": 16166000,
    "ebitda": -33940000,
    "ebitdaratio": -0.0788744701,
    "operatingIncome": -50106000,
    "operatingIncomeRatio": -0.1164432587,
    "totalOtherIncomeExpensesNet": 1470000,
    "incomeBeforeTax": -48636000,
    "incomeBeforeTaxRatio": -0.1130270692,
    "incomeTaxExpense": 0,
    "netIncome": -48636000,
    "netIncomeRatio": -0.1130270692,
    "eps": -0.0026,
    "epsdiluted": -0.0026,
    "weightedAverageShsOut": 18399760120,
    "weightedAverageShsOutDil": 18399760120,
    "link": "https://www.sec.gov/Archives/edgar/data/1045810/000101287002004623/0001012870-02-004623-index.htm",
    "finalLink": "https://www.sec.gov/Archives/edgar/data/1045810/000101287002004623/d10q.htm"
  },
  {
    "date": "2002-07-28",
    "symbol": "NVDA",
    "reportedCurrency": "USD",
    "cik": "0001045810",
    "fillingDate": "2002-09-10",
    "acceptedDate": "2002-09-10 15:37:19",
    "calendarYear": "2003",
    "period": "Q2",
    "revenue": 427285000,
    "costOfRevenue": 327983000,
    "grossProfit": 99302000,
    "grossProfitRatio": 0.2324022608,
    "researchAndDevelopmentExpenses": 57229000,
    "generalAndAdministrativeExpenses": 0,
    "sellingAndMarketingExpenses": 0,
    "sellingGeneralAndAdministrativeExpenses": 35908000,
    "otherExpenses": 0,
    "operatingExpenses": 93137000,
    "costAndExpenses": 421120000,
    "interestIncome": 0,
    "interestExpense": 0,
    "depreciationAndAmortization": 14069000,
    "ebitda": 20234000,
    "ebitdaratio": 0.04735481,
    "operatingIncome": 6165000,
    "operatingIncomeRatio": 0.014428309,
    "totalOtherIncomeExpensesNet": 1340000,
    "incomeBeforeTax": 7505000,
    "incomeBeforeTaxRatio": 0.0175643891,
    "incomeTaxExpense": 2251000,
    "netIncome": 5254000,
    "netIncomeRatio": 0.0122962426,
    "eps": 0.0003,
    "epsdiluted": 0.0003,
    "weightedAverageShsOut": 18275520000,
    "weightedAverageShsOutDil": 20252400000,
    "link": "https://www.sec.gov/Archives/edgar/data/1045810/000101287002003728/0001012870-02-003728-index.htm",
    "finalLink": "https://www.sec.gov/Archives/edgar/data/1045810/000101287002003728/d10q.htm"
  },
  {
    "date": "2002-04-28",
    "symbol": "NVDA",
    "reportedCurrency": "USD",
    "cik": "0001045810",
    "fillingDate": "2002-06-10",
    "acceptedDate": "2002-06-10 14:18:59",
    "calendarYear": "2003",
    "period": "Q1",
    "revenue": 582905000,
    "costOfRevenue": 375740000,
    "grossProfit": 207165000,
    "grossProfitRatio": 0.3554009659,
    "researchAndDevelopmentExpenses": 52492000,
    "generalAndAdministrativeExpenses": 0,
    "sellingAndMarketingExpenses": 0,
    "sellingGeneralAndAdministrativeExpenses": 37482000,
    "otherExpenses": 0,
    "operatingExpenses": 89974000,
    "costAndExpenses": 465714000,
    "interestIncome": 0,
    "interestExpense": 0,
    "depreciationAndAmortization": 12830000,
    "ebitda": 130021000,
    "ebitdaratio": 0.2230569304,
    "operatingIncome": 117191000,
    "operatingIncomeRatio": 0.2010464827,
    "totalOtherIncomeExpensesNet": 1731000,
    "incomeBeforeTax": 118922000,
    "incomeBeforeTaxRatio": 0.2040160918,
    "incomeTaxExpense": 35677000,
    "netIncome": 83245000,
    "netIncomeRatio": 0.1428105781,
    "eps": 0.0046,
    "epsdiluted": 0.0039,
    "weightedAverageShsOut": 18082080000,
    "weightedAverageShsOutDil": 21907800000,
    "link": "https://www.sec.gov/Archives/edgar/data/1045810/000101287002002660/0001012870-02-002660-index.htm",
    "finalLink": "https://www.sec.gov/Archives/edgar/data/1045810/000101287002002660/d10q.htm"
  },
  {
    "date": "2002-01-27",
    "symbol": "NVDA",
    "reportedCurrency": "USD",
    "cik": "0001045810",
    "fillingDate": "2002-05-14",
    "acceptedDate": "2002-05-14 08:11:42",
    "calendarYear": "2002",
    "period": "Q4",
    "revenue": 498039000,
    "costOfRevenue": 312669000,
    "grossProfit": 185370000,
    "grossProfitRatio": 0.3721997675,
    "researchAndDevelopmentExpenses": 44528000,
    "generalAndAdministrativeExpenses": 0,
    "sellingAndMarketingExpenses": 0,
    "sellingGeneralAndAdministrativeExpenses": 33824000,
    "otherExpenses": 4147000,
    "operatingExpenses": 82499000,
    "costAndExpenses": 395168000,
    "interestIncome": 0,
    "interestExpense": 0,
    "depreciationAndAmortization": 14759000,
    "ebitda": 117323000,
    "ebitdaratio": 0.2355699052,
    "operatingIncome": 102871000,
    "operatingIncomeRatio": 0.2065520973,
    "totalOtherIncomeExpensesNet": 1157000,
    "incomeBeforeTax": 104028000,
    "incomeBeforeTaxRatio": 0.2088752086,
    "incomeTaxExpense": 31208000,
    "netIncome": 72820000,
    "netIncomeRatio": 0.1462134491,
    "eps": 0.0036,
    "epsdiluted": 0.0036,
    "weightedAverageShsOut": 17153223400,
    "weightedAverageShsOutDil": 20518620680,
    "link": "https://www.sec.gov/Archives/edgar/data/1045810/000101287002002262/0001012870-02-002262-index.htm",
    "finalLink": "https://www.sec.gov/Archives/edgar/data/1045810/000101287002002262/d10k.htm"
  },
  {
    "date": "2001-10-28",
    "symbol": "NVDA",
    "reportedCurrency": "USD",
    "cik": "0001045810",
    "fillingDate": "2001-11-23",
    "acceptedDate": "2001-11-23 00:00:00",
    "calendarYear": "2002",
    "period": "Q3",
    "revenue": 364976000,
    "costOfRevenue": 231508000,
    "grossProfit": 133468000,
    "grossProfitRatio": 0.3656897988,
    "researchAndDevelopmentExpenses": 44308000,
    "generalAndAdministrativeExpenses": 0,
    "sellingAndMarketingExpenses": 0,
    "sellingGeneralAndAdministrativeExpenses": 24897000,
    "otherExpenses": 6924000,
    "operatingExpenses": 76129000,
    "costAndExpenses": 307637000,
    "interestIncome": 0,
    "interestExpense": 0,
    "depreciationAndAmortization": 11917000,
    "ebitda": 69256000,
    "ebitdaratio": 0.1897549428,
    "operatingIncome": 57339000,
    "operatingIncomeRatio": 0.1571034808,
    "totalOtherIncomeExpensesNet": 1682000,
    "incomeBeforeTax": 59021000,
    "incomeBeforeTaxRatio": 0.161712003,
    "incomeTaxExpense": 17706000,
    "netIncome": 41315000,
    "netIncomeRatio": 0.1131992241,
    "eps": 0.0024,
    "epsdiluted": 0.002,
    "weightedAverageShsOut": 17273403280,
    "weightedAverageShsOutDil": 20408875560,
    "link": "https://www.sec.gov/Archives/edgar/data/1045810/000101287001502932/0001012870-01-502932-index.htm",
    "finalLink": "https://www.sec.gov/Archives/edgar/data/1045810/000101287001502932/d10q.txt"
  },
  {
    "date": "2001-07-29",
    "symbol": "NVDA",
    "reportedCurrency": "USD",
    "cik": "0001045810",
    "fillingDate": "2001-09-10",
    "acceptedDate": "2001-09-10 00:00:00",
    "calendarYear": "2002",
    "period": "Q2",
    "revenue": 259875000,
    "costOfRevenue": 157636000,
    "grossProfit": 102239000,
    "grossProfitRatio": 0.3934160654,
    "researchAndDevelopmentExpenses": 33894000,
    "generalAndAdministrativeExpenses": 0,
    "sellingAndMarketingExpenses": 0,
    "sellingGeneralAndAdministrativeExpenses": 20278000,
    "otherExpenses": 3693000,
    "operatingExpenses": 57865000,
    "costAndExpenses": 215501000,
    "interestIncome": 0,
    "interestExpense": 0,
    "depreciationAndAmortization": 10622000,
    "ebitda": 55453000,
    "ebitdaratio": 0.2133833574,
    "operatingIncome": 44374000,
    "operatingIncomeRatio": 0.1707513228,
    "totalOtherIncomeExpensesNet": 2663000,
    "incomeBeforeTax": 47037000,
    "incomeBeforeTaxRatio": 0.180998557,
    "incomeTaxExpense": 14111000,
    "netIncome": 32926000,
    "netIncomeRatio": 0.1266993747,
    "eps": 0.002,
    "epsdiluted": 0.0016,
    "weightedAverageShsOut": 17016611680,
    "weightedAverageShsOutDil": 20426027000,
    "link": "https://www.sec.gov/Archives/edgar/data/1045810/000101287001501827/0001012870-01-501827-index.htm",
    "finalLink": "https://www.sec.gov/Archives/edgar/data/1045810/000101287001501827/d10q.txt"
  },
  {
    "date": "2001-04-29",
    "symbol": "NVDA",
    "reportedCurrency": "USD",
    "cik": "0001045810",
    "fillingDate": "2001-06-12",
    "acceptedDate": "2001-06-12 00:00:00",
    "calendarYear": "2002",
    "period": "Q1",
    "revenue": 240932000,
    "costOfRevenue": 146712000,
    "grossProfit": 94220000,
    "grossProfitRatio": 0.3910646988,
    "researchAndDevelopmentExpenses": 32593000,
    "generalAndAdministrativeExpenses": 0,
    "sellingAndMarketingExpenses": 0,
    "sellingGeneralAndAdministrativeExpenses": 19122000,
    "otherExpenses": 9948000,
    "operatingExpenses": 61663000,
    "costAndExpenses": 208375000,
    "interestIncome": 0,
    "interestExpense": 0,
    "depreciationAndAmortization": 6199000,
    "ebitda": 48329000,
    "ebitdaratio": 0.2005918682,
    "operatingIncome": 32557000,
    "operatingIncomeRatio": 0.1351294141,
    "totalOtherIncomeExpensesNet": 5515000,
    "incomeBeforeTax": 38072000,
    "incomeBeforeTaxRatio": 0.1580196902,
    "incomeTaxExpense": 11422000,
    "netIncome": 26650000,
    "netIncomeRatio": 0.1106121229,
    "eps": 0.0016,
    "epsdiluted": 0.0013,
    "weightedAverageShsOut": 16628845560,
    "weightedAverageShsOutDil": 19875382320,
    "link": "https://www.sec.gov/Archives/edgar/data/1045810/000101287001501180/0001012870-01-501180-index.htm",
    "finalLink": "https://www.sec.gov/Archives/edgar/data/1045810/000101287001501180/d10q.txt"
  },
  {
    "date": "2001-01-28",
    "symbol": "NVDA",
    "reportedCurrency": "USD",
    "cik": "0001045810",
    "fillingDate": "2001-04-27",
    "acceptedDate": "2001-04-27 00:00:00",
    "calendarYear": "2001",
    "period": "Q4",
    "revenue": 218218000,
    "costOfRevenue": 130837000,
    "grossProfit": 87381000,
    "grossProfitRatio": 0.4004298454,
    "researchAndDevelopmentExpenses": 26444000,
    "generalAndAdministrativeExpenses": 0,
    "sellingAndMarketingExpenses": 0,
    "sellingGeneralAndAdministrativeExpenses": 16868000,
    "otherExpenses": 5012000,
    "operatingExpenses": 48324000,
    "costAndExpenses": 179161000,
    "interestIncome": 0,
    "interestExpense": 0,
    "depreciationAndAmortization": 5012000,
    "ebitda": 44069000,
    "ebitdaratio": 0.2019494267,
    "operatingIncome": 39057000,
    "operatingIncomeRatio": 0.1789815689,
    "totalOtherIncomeExpensesNet": 6617000,
    "incomeBeforeTax": 45674000,
    "incomeBeforeTaxRatio": 0.209304457,
    "incomeTaxExpense": 14614000,
    "netIncome": 31060000,
    "netIncomeRatio": 0.1423347295,
    "eps": 0.0019,
    "epsdiluted": 0.0016,
    "weightedAverageShsOut": 15711904040,
    "weightedAverageShsOutDil": 19105727120,
    "link": "https://www.sec.gov/Archives/edgar/data/1045810/000101287001500492/0001012870-01-500492-index.htm",
    "finalLink": "https://www.sec.gov/Archives/edgar/data/1045810/000101287001500492/d10k405.txt"
  },
  {
    "date": "2000-10-29",
    "symbol": "NVDA",
    "reportedCurrency": "USD",
    "cik": "0001045810",
    "fillingDate": "2000-12-08",
    "acceptedDate": "2000-12-08 00:00:00",
    "calendarYear": "2001",
    "period": "Q3",
    "revenue": 198165000,
    "costOfRevenue": 120263000,
    "grossProfit": 77902000,
    "grossProfitRatio": 0.3931168471,
    "researchAndDevelopmentExpenses": 22023000,
    "generalAndAdministrativeExpenses": 0,
    "sellingAndMarketingExpenses": 0,
    "sellingGeneralAndAdministrativeExpenses": 14852000,
    "otherExpenses": 4380000,
    "operatingExpenses": 41255000,
    "costAndExpenses": 161518000,
    "interestIncome": 0,
    "interestExpense": 0,
    "depreciationAndAmortization": 4380000,
    "ebitda": 41027000,
    "ebitdaratio": 0.2070345419,
    "operatingIncome": 36647000,
    "operatingIncomeRatio": 0.1849317488,
    "totalOtherIncomeExpensesNet": 4630000,
    "incomeBeforeTax": 41277000,
    "incomeBeforeTaxRatio": 0.2082961169,
    "incomeTaxExpense": 13209000,
    "netIncome": 28068000,
    "netIncomeRatio": 0.1416395428,
    "eps": 0.0018,
    "epsdiluted": 0.0015,
    "weightedAverageShsOut": 15832803600,
    "weightedAverageShsOutDil": 19294752640,
    "link": "https://www.sec.gov/Archives/edgar/data/1045810/000101287000006127/0001012870-00-006127-index.htm",
    "finalLink": "https://www.sec.gov/Archives/edgar/data/1045810/000101287000006127/0001012870-00-006127-0001.txt"
  },
  {
    "date": "2000-07-30",
    "symbol": "NVDA",
    "reportedCurrency": "USD",
    "cik": "0001045810",
    "fillingDate": "2000-09-13",
    "acceptedDate": "2000-09-13 00:00:00",
    "calendarYear": "2001",
    "period": "Q2",
    "revenue": 170398000,
    "costOfRevenue": 103288000,
    "grossProfit": 67110000,
    "grossProfitRatio": 0.3938426507,
    "researchAndDevelopmentExpenses": 20141000,
    "generalAndAdministrativeExpenses": 0,
    "sellingAndMarketingExpenses": 0,
    "sellingGeneralAndAdministrativeExpenses": 14603000,
    "otherExpenses": 3343000,
    "operatingExpenses": 38087000,
    "costAndExpenses": 141375000,
    "interestIncome": 0,
    "interestExpense": 0,
    "depreciationAndAmortization": 3343000,
    "ebitda": 32366000,
    "ebitdaratio": 0.1899435439,
    "operatingIncome": 29023000,
    "operatingIncomeRatio": 0.1703247691,
    "totalOtherIncomeExpensesNet": 4098000,
    "incomeBeforeTax": 33121000,
    "incomeBeforeTaxRatio": 0.1943743471,
    "incomeTaxExpense": 10599000,
    "netIncome": 22522000,
    "netIncomeRatio": 0.1321729128,
    "eps": 0.0015,
    "epsdiluted": 0.0012,
    "weightedAverageShsOut": 15519601800,
    "weightedAverageShsOutDil": 18980736320,
    "link": "https://www.sec.gov/Archives/edgar/data/1045810/000101287000004766/0001012870-00-004766-index.htm",
    "finalLink": "https://www.sec.gov/Archives/edgar/data/1045810/000101287000004766/0001012870-00-004766-0001.txt"
  },
  {
    "date": "2000-04-30",
    "symbol": "NVDA",
    "reportedCurrency": "USD",
    "cik": "0001045810",
    "fillingDate": "2000-06-14",
    "acceptedDate": "2000-06-14 00:00:00",
    "calendarYear": "2001",
    "period": "Q1",
    "revenue": 148483000,
    "costOfRevenue": 89874000,
    "grossProfit": 58609000,
    "grossProfitRatio": 0.3947185873,
    "researchAndDevelopmentExpenses": 17830000,
    "generalAndAdministrativeExpenses": 0,
    "sellingAndMarketingExpenses": 0,
    "sellingGeneralAndAdministrativeExpenses": 12114000,
    "otherExpenses": 3101000,
    "operatingExpenses": 33045000,
    "costAndExpenses": 122919000,
    "interestIncome": 0,
    "interestExpense": 0,
    "depreciationAndAmortization": 3101000,
    "ebitda": 28665000,
    "ebitdaratio": 0.1930524033,
    "operatingIncome": 25564000,
    "operatingIncomeRatio": 0.1721678576,
    "totalOtherIncomeExpensesNet": 1328000,
    "incomeBeforeTax": 26892000,
    "incomeBeforeTaxRatio": 0.1811116424,
    "incomeTaxExpense": 8605000,
    "netIncome": 18287000,
    "netIncomeRatio": 0.1231588801,
    "eps": 0.0012,
    "epsdiluted": 0.001,
    "weightedAverageShsOut": 15206400000,
    "weightedAverageShsOutDil": 18666720000,
    "link": "https://www.sec.gov/Archives/edgar/data/1045810/000101287000003358/0001012870-00-003358-index.htm",
    "finalLink": "https://www.sec.gov/Archives/edgar/data/1045810/000101287000003358/0001012870-00-003358-0001.txt"
  },
  {
    "date": "2000-01-30",
    "symbol": "NVDA",
    "reportedCurrency": "USD",
    "cik": "0001045810",
    "fillingDate": "2000-03-13",
    "acceptedDate": "2000-03-13 00:00:00",
    "calendarYear": "2000",
    "period": "Q4",
    "revenue": 128400000,
    "costOfRevenue": 76800000,
    "grossProfit": 51600000,
    "grossProfitRatio": 0.4018691589,
    "researchAndDevelopmentExpenses": 15400000,
    "generalAndAdministrativeExpenses": 0,
    "sellingAndMarketingExpenses": 0,
    "sellingGeneralAndAdministrativeExpenses": 12400000,
    "otherExpenses": 3000000,
    "operatingExpenses": 30800000,
    "costAndExpenses": 107600000,
    "interestIncome": 0,
    "interestExpense": 0,
    "depreciationAndAmortization": 3000000,
    "ebitda": 23800000,
    "ebitdaratio": 0.1853582555,
    "operatingIncome": 20800000,
    "operatingIncomeRatio": 0.1619937695,
    "totalOtherIncomeExpensesNet": 700000,
    "incomeBeforeTax": 21500000,
    "incomeBeforeTaxRatio": 0.1674454829,
    "incomeTaxExpense": 6900000,
    "netIncome": 14600000,
    "netIncomeRatio": 0.1137071651,
    "eps": 0.0009,
    "epsdiluted": 0.0008,
    "weightedAverageShsOut": 14331394320,
    "weightedAverageShsOutDil": 17318380800,
    "link": "https://www.sec.gov/Archives/edgar/data/1045810/000101287000001346/0001012870-00-001346-index.html",
    "finalLink": "https://www.sec.gov/Archives/edgar/data/1045810/000101287000001346/"
  },
  {
    "date": "1999-10-31",
    "symbol": "NVDA",
    "reportedCurrency": "USD",
    "cik": "0001045810",
    "fillingDate": "1999-12-10",
    "acceptedDate": "1999-12-10 00:00:00",
    "calendarYear": "2000",
    "period": "Q3",
    "revenue": 97000000,
    "costOfRevenue": 57600000,
    "grossProfit": 39400000,
    "grossProfitRatio": 0.406185567,
    "researchAndDevelopmentExpenses": 12400000,
    "generalAndAdministrativeExpenses": 0,
    "sellingAndMarketingExpenses": 0,
    "sellingGeneralAndAdministrativeExpenses": 9300000,
    "otherExpenses": 2600000,
    "operatingExpenses": 24300000,
    "costAndExpenses": 81900000,
    "interestIncome": 0,
    "interestExpense": 0,
    "depreciationAndAmortization": 2600000,
    "ebitda": 17700000,
    "ebitdaratio": 0.1824742268,
    "operatingIncome": 15100000,
    "operatingIncomeRatio": 0.1556701031,
    "totalOtherIncomeExpensesNet": 500000,
    "incomeBeforeTax": 15600000,
    "incomeBeforeTaxRatio": 0.1608247423,
    "incomeTaxExpense": 5000000,
    "netIncome": 10600000,
    "netIncomeRatio": 0.1092783505,
    "eps": 0.0008,
    "epsdiluted": 0.0006,
    "weightedAverageShsOut": 14126270200,
    "weightedAverageShsOutDil": 16951185380,
    "link": "https://www.sec.gov/Archives/edgar/data/1045810/000101287099004592/0001012870-99-004592-index.html",
    "finalLink": "https://www.sec.gov/Archives/edgar/data/1045810/000101287099004592/"
  },
  {
    "date": "1999-08-01",
    "symbol": "NVDA",
    "reportedCurrency": "USD",
    "cik": "0001045810",
    "fillingDate": "1999-09-10",
    "acceptedDate": "1999-09-10 00:00:00",
    "calendarYear": "2000",
    "period": "Q2",
    "revenue": 78000000,
    "costOfRevenue": 47200000,
    "grossProfit": 30800000,
    "grossProfitRatio": 0.3948717949,
    "researchAndDevelopmentExpenses": 10800000,
    "generalAndAdministrativeExpenses": 0,
    "sellingAndMarketingExpenses": 0,
    "sellingGeneralAndAdministrativeExpenses": 8100000,
    "otherExpenses": 2400000,
    "operatingExpenses": 21300000,
    "costAndExpenses": 68500000,
    "interestIncome": 0,
    "interestExpense": 0,
    "depreciationAndAmortization": 2383000,
    "ebitda": 11900000,
    "ebitdaratio": 0.1525641026,
    "operatingIncome": 9500000,
    "operatingIncomeRatio": 0.1217948718,
    "totalOtherIncomeExpensesNet": 300000,
    "incomeBeforeTax": 9800000,
    "incomeBeforeTaxRatio": 0.1256410256,
    "incomeTaxExpense": 3100000,
    "netIncome": 6700000,
    "netIncomeRatio": 0.0858974359,
    "eps": 0.0005,
    "epsdiluted": 0.0004,
    "weightedAverageShsOut": 13393303350,
    "weightedAverageShsOutDil": 16071964020,
    "link": "https://www.sec.gov/Archives/edgar/data/1045810/000089843099003541/0000898430-99-003541-index.html",
    "finalLink": "https://www.sec.gov/Archives/edgar/data/1045810/000089843099003541/"
  },
  {
    "date": "1999-05-02",
    "symbol": "NVDA",
    "reportedCurrency": "USD",
    "cik": "0001045810",
    "fillingDate": "1999-06-15",
    "acceptedDate": "1999-06-15 00:00:00",
    "calendarYear": "2000",
    "period": "Q1",
    "revenue": 71018000,
    "costOfRevenue": 44229000,
    "grossProfit": 26789000,
    "grossProfitRatio": 0.3772142274,
    "researchAndDevelopmentExpenses": 8785000,
    "generalAndAdministrativeExpenses": 0,
    "sellingAndMarketingExpenses": 0,
    "sellingGeneralAndAdministrativeExpenses": 7284000,
    "otherExpenses": 1717000,
    "operatingExpenses": 17786000,
    "costAndExpenses": 62015000,
    "interestIncome": 0,
    "interestExpense": 0,
    "depreciationAndAmortization": 1717000,
    "ebitda": 10720000,
    "ebitdaratio": 0.1509476471,
    "operatingIncome": 9003000,
    "operatingIncomeRatio": 0.1267706779,
    "totalOtherIncomeExpensesNet": 342000,
    "incomeBeforeTax": 9345000,
    "incomeBeforeTaxRatio": 0.1315863584,
    "incomeTaxExpense": 3084000,
    "netIncome": 6261000,
    "netIncomeRatio": 0.088160748,
    "eps": 0.0005,
    "epsdiluted": 0.0004,
    "weightedAverageShsOut": 14045937040,
    "weightedAverageShsOutDil": 17009415280,
    "link": "https://www.sec.gov/Archives/edgar/data/1045810/000101287099001954/0001012870-99-001954-index.html",
    "finalLink": "https://www.sec.gov/Archives/edgar/data/1045810/000101287099001954/"
  }
]