[
  {
    "date": "2025-06-30",
    "symbol": "NVR",
    "reportedCurrency": "USD",
    "cik": "0000906163",
    "fillingDate": "2025-08-06",
    "acceptedDate": "2025-08-06 14:02:25",
    "calendarYear": "2025",
    "period": "Q2",
    "revenue": 2603307000,
    "costOfRevenue": 1999983000,
    "grossProfit": 603324000,
    "grossProfitRatio": 0.2317529204,
    "researchAndDevelopmentExpenses": 0,
    "generalAndAdministrativeExpenses": 175595000,
    "sellingAndMarketingExpenses": 0,
    "sellingGeneralAndAdministrativeExpenses": 175595000,
    "otherExpenses": 287000,
    "operatingExpenses": 175595000,
    "costAndExpenses": 2175578000,
    "interestIncome": 4493000,
    "interestExpense": 6685000,
    "depreciationAndAmortization": 5689000,
    "ebitda": 459807000,
    "ebitdaratio": 0.1766241938,
    "operatingIncome": 427729000,
    "operatingIncomeRatio": 0.1643021741,
    "totalOtherIncomeExpensesNet": 19404000,
    "incomeBeforeTax": 447133000,
    "incomeBeforeTaxRatio": 0.1717557706,
    "incomeTaxExpense": 113396000,
    "netIncome": 333737000,
    "netIncomeRatio": 0.1281973275,
    "eps": 114.37,
    "epsdiluted": 108.37,
    "weightedAverageShsOut": 2949000,
    "weightedAverageShsOutDil": 3117000,
    "link": "https://www.sec.gov/Archives/edgar/data/906163/000090616325000089/0000906163-25-000089-index.htm",
    "finalLink": "https://www.sec.gov/Archives/edgar/data/906163/000090616325000089/nvr-20250630.htm"
  },
  {
    "date": "2025-03-31",
    "symbol": "NVR",
    "reportedCurrency": "USD",
    "cik": "0000906163",
    "fillingDate": "2025-05-05",
    "acceptedDate": "2025-05-05 14:45:13",
    "calendarYear": "2025",
    "period": "Q1",
    "revenue": 2350445000,
    "costOfRevenue": 1835375000,
    "grossProfit": 515070000,
    "grossProfitRatio": 0.2191372272,
    "researchAndDevelopmentExpenses": 0,
    "generalAndAdministrativeExpenses": 189810000,
    "sellingAndMarketingExpenses": 0,
    "sellingGeneralAndAdministrativeExpenses": 189810000,
    "otherExpenses": -51405000,
    "operatingExpenses": 138405000,
    "costAndExpenses": 1973780000,
    "interestIncome": 3806000,
    "interestExpense": 7454000,
    "depreciationAndAmortization": 5782000,
    "ebitda": 415240000,
    "ebitdaratio": 0.1766644189,
    "operatingIncome": 376665000,
    "operatingIncomeRatio": 0.160252633,
    "totalOtherIncomeExpensesNet": 25339000,
    "incomeBeforeTax": 402004000,
    "incomeBeforeTaxRatio": 0.1710331448,
    "incomeTaxExpense": 102428000,
    "netIncome": 299576000,
    "netIncomeRatio": 0.1274550138,
    "eps": 100.41,
    "epsdiluted": 94.83,
    "weightedAverageShsOut": 2984000,
    "weightedAverageShsOutDil": 3159000,
    "link": "https://www.sec.gov/Archives/edgar/data/906163/000090616325000054/0000906163-25-000054-index.htm",
    "finalLink": "https://www.sec.gov/Archives/edgar/data/906163/000090616325000054/nvr-20250331.htm"
  },
  {
    "date": "2024-12-31",
    "symbol": "NVR",
    "reportedCurrency": "USD",
    "cik": "0000906163",
    "fillingDate": "2025-02-12",
    "acceptedDate": "2025-02-12 15:26:37",
    "calendarYear": "2024",
    "period": "Q4",
    "revenue": 2851208000,
    "costOfRevenue": 2125633000,
    "grossProfit": 725575000,
    "grossProfitRatio": 0.2544798556,
    "researchAndDevelopmentExpenses": 0,
    "generalAndAdministrativeExpenses": 180584000,
    "sellingAndMarketingExpenses": 0,
    "sellingGeneralAndAdministrativeExpenses": 180584000,
    "otherExpenses": 11527000,
    "operatingExpenses": 192111000,
    "costAndExpenses": 2317744000,
    "interestIncome": 0,
    "interestExpense": 7013000,
    "depreciationAndAmortization": 4953000,
    "ebitda": 584600000,
    "ebitdaratio": 0.2050359006,
    "operatingIncome": 533464000,
    "operatingIncomeRatio": 0.1871010463,
    "totalOtherIncomeExpensesNet": 39170000,
    "incomeBeforeTax": 572634000,
    "incomeBeforeTaxRatio": 0.2008390829,
    "incomeTaxExpense": 115202000,
    "netIncome": 457432000,
    "netIncomeRatio": 0.1604344544,
    "eps": 149.84,
    "epsdiluted": 139.93,
    "weightedAverageShsOut": 3110000,
    "weightedAverageShsOutDil": 3319000,
    "link": "https://www.sec.gov/Archives/edgar/data/906163/000090616325000011/0000906163-25-000011-index.htm",
    "finalLink": "https://www.sec.gov/Archives/edgar/data/906163/000090616325000011/nvr-20241231.htm"
  },
  {
    "date": "2024-09-30",
    "symbol": "NVR",
    "reportedCurrency": "USD",
    "cik": "0000906163",
    "fillingDate": "2024-11-05",
    "acceptedDate": "2024-11-05 13:57:37",
    "calendarYear": "2024",
    "period": "Q3",
    "revenue": 2737679000,
    "costOfRevenue": 2051087000,
    "grossProfit": 686592000,
    "grossProfitRatio": 0.2507934641,
    "researchAndDevelopmentExpenses": 0,
    "generalAndAdministrativeExpenses": 176094000,
    "sellingAndMarketingExpenses": 0,
    "sellingGeneralAndAdministrativeExpenses": 176094000,
    "otherExpenses": -24000,
    "operatingExpenses": 176094000,
    "costAndExpenses": 2227181000,
    "interestIncome": 0,
    "interestExpense": 7046000,
    "depreciationAndAmortization": 4685000,
    "ebitda": 550343000,
    "ebitdaratio": 0.2010253941,
    "operatingIncome": 510522000,
    "operatingIncomeRatio": 0.1864798612,
    "totalOtherIncomeExpensesNet": 28090000,
    "incomeBeforeTax": 538612000,
    "incomeBeforeTaxRatio": 0.1967403775,
    "incomeTaxExpense": 109289000,
    "netIncome": 429323000,
    "netIncomeRatio": 0.1568200655,
    "eps": 139.65,
    "epsdiluted": 130.5,
    "weightedAverageShsOut": 3074000,
    "weightedAverageShsOutDil": 3290000,
    "link": "https://www.sec.gov/Archives/edgar/data/906163/000090616324000123/0000906163-24-000123-index.htm",
    "finalLink": "https://www.sec.gov/Archives/edgar/data/906163/000090616324000123/nvr-20240930.htm"
  },
  {
    "date": "2024-06-30",
    "symbol": "NVR",
    "reportedCurrency": "USD",
    "cik": "0000906163",
    "fillingDate": "2024-08-06",
    "acceptedDate": "2024-08-06 14:11:09",
    "calendarYear": "2024",
    "period": "Q2",
    "revenue": 2617129000,
    "costOfRevenue": 1947616000,
    "grossProfit": 669513000,
    "grossProfitRatio": 0.2558196405,
    "researchAndDevelopmentExpenses": 0,
    "generalAndAdministrativeExpenses": 166564000,
    "sellingAndMarketingExpenses": 0,
    "sellingGeneralAndAdministrativeExpenses": 166564000,
    "otherExpenses": 7703000,
    "operatingExpenses": 174267000,
    "costAndExpenses": 2121883000,
    "interestIncome": 0,
    "interestExpense": 6898000,
    "depreciationAndAmortization": 4356000,
    "ebitda": 544634000,
    "ebitdaratio": 0.2081036128,
    "operatingIncome": 495246000,
    "operatingIncomeRatio": 0.1892325522,
    "totalOtherIncomeExpensesNet": 38322000,
    "incomeBeforeTax": 533568000,
    "incomeBeforeTaxRatio": 0.2038753153,
    "incomeTaxExpense": 132664000,
    "netIncome": 400904000,
    "netIncomeRatio": 0.1531846539,
    "eps": 128.21,
    "epsdiluted": 120.69,
    "weightedAverageShsOut": 3126831,
    "weightedAverageShsOutDil": 3321654,
    "link": "https://www.sec.gov/Archives/edgar/data/906163/000090616324000109/0000906163-24-000109-index.htm",
    "finalLink": "https://www.sec.gov/Archives/edgar/data/906163/000090616324000109/nvr-20240630.htm"
  },
  {
    "date": "2024-03-31",
    "symbol": "NVR",
    "reportedCurrency": "USD",
    "cik": "0000906163",
    "fillingDate": "2024-05-06",
    "acceptedDate": "2024-05-06 16:04:01",
    "calendarYear": "2024",
    "period": "Q1",
    "revenue": 2337555000,
    "costOfRevenue": 1726213000,
    "grossProfit": 611342000,
    "grossProfitRatio": 0.2615305308,
    "researchAndDevelopmentExpenses": 0,
    "generalAndAdministrativeExpenses": 175861000,
    "sellingAndMarketingExpenses": 0,
    "sellingGeneralAndAdministrativeExpenses": 175861000,
    "otherExpenses": -12846000,
    "operatingExpenses": 163015000,
    "costAndExpenses": 1889228000,
    "interestIncome": 0,
    "interestExpense": 6826000,
    "depreciationAndAmortization": 4381000,
    "ebitda": 481899000,
    "ebitdaratio": 0.2061551493,
    "operatingIncome": 448327000,
    "operatingIncomeRatio": 0.1917931343,
    "totalOtherIncomeExpensesNet": 22365000,
    "incomeBeforeTax": 470692000,
    "incomeBeforeTaxRatio": 0.2013608236,
    "incomeTaxExpense": 76423000,
    "netIncome": 394269000,
    "netIncomeRatio": 0.1686672613,
    "eps": 123.75,
    "epsdiluted": 116.41,
    "weightedAverageShsOut": 3186000,
    "weightedAverageShsOutDil": 3387000,
    "link": "https://www.sec.gov/Archives/edgar/data/906163/000090616324000071/0000906163-24-000071-index.htm",
    "finalLink": "https://www.sec.gov/Archives/edgar/data/906163/000090616324000071/nvr-20240331.htm"
  },
  {
    "date": "2023-12-31",
    "symbol": "NVR",
    "reportedCurrency": "USD",
    "cik": "0000906163",
    "fillingDate": "2024-02-14",
    "acceptedDate": "2024-02-14 16:34:39",
    "calendarYear": "2023",
    "period": "Q4",
    "revenue": 2437349000,
    "costOfRevenue": 1812968000,
    "grossProfit": 624381000,
    "grossProfitRatio": 0.2561721772,
    "researchAndDevelopmentExpenses": 0,
    "generalAndAdministrativeExpenses": 175623000,
    "sellingAndMarketingExpenses": 0,
    "sellingGeneralAndAdministrativeExpenses": 175623000,
    "otherExpenses": -12173000,
    "operatingExpenses": 163450000,
    "costAndExpenses": 1976418000,
    "interestIncome": 0,
    "interestExpense": 6791000,
    "depreciationAndAmortization": 4331000,
    "ebitda": 494996000,
    "ebitdaratio": 0.2030878631,
    "operatingIncome": 460931000,
    "operatingIncomeRatio": 0.1891116127,
    "totalOtherIncomeExpensesNet": 23116000,
    "incomeBeforeTax": 484047000,
    "incomeBeforeTaxRatio": 0.1985956874,
    "incomeTaxExpense": 73972000,
    "netIncome": 410075000,
    "netIncomeRatio": 0.1682463201,
    "eps": 128.47,
    "epsdiluted": 121.58,
    "weightedAverageShsOut": 3192000,
    "weightedAverageShsOutDil": 3373000,
    "link": "https://www.sec.gov/Archives/edgar/data/906163/000090616324000033/0000906163-24-000033-index.htm",
    "finalLink": "https://www.sec.gov/Archives/edgar/data/906163/000090616324000033/nvr-20231231.htm"
  },
  {
    "date": "2023-09-30",
    "symbol": "NVR",
    "reportedCurrency": "USD",
    "cik": "0000906163",
    "fillingDate": "2023-11-03",
    "acceptedDate": "2023-11-03 15:21:21",
    "calendarYear": "2023",
    "period": "Q3",
    "revenue": 2574092000,
    "costOfRevenue": 1902174000,
    "grossProfit": 671918000,
    "grossProfitRatio": 0.2610310743,
    "researchAndDevelopmentExpenses": 0,
    "generalAndAdministrativeExpenses": 166765000,
    "sellingAndMarketingExpenses": 0,
    "sellingGeneralAndAdministrativeExpenses": 166765000,
    "otherExpenses": -2281000,
    "operatingExpenses": 164484000,
    "costAndExpenses": 2066658000,
    "interestIncome": 0,
    "interestExpense": 6896000,
    "depreciationAndAmortization": 4180000,
    "ebitda": 550148000,
    "ebitdaratio": 0.2137250728,
    "operatingIncome": 507434000,
    "operatingIncomeRatio": 0.1971312603,
    "totalOtherIncomeExpensesNet": 31906000,
    "incomeBeforeTax": 539340000,
    "incomeBeforeTaxRatio": 0.2095263106,
    "incomeTaxExpense": 106183000,
    "netIncome": 433157000,
    "netIncomeRatio": 0.1682756483,
    "eps": 132.92,
    "epsdiluted": 125.26,
    "weightedAverageShsOut": 3258863,
    "weightedAverageShsOutDil": 3458142,
    "link": "https://www.sec.gov/Archives/edgar/data/906163/000090616323000155/0000906163-23-000155-index.htm",
    "finalLink": "https://www.sec.gov/Archives/edgar/data/906163/000090616323000155/nvr-20230930.htm"
  },
  {
    "date": "2023-06-30",
    "symbol": "NVR",
    "reportedCurrency": "USD",
    "cik": "0000906163",
    "fillingDate": "2023-08-02",
    "acceptedDate": "2023-08-02 15:40:01",
    "calendarYear": "2023",
    "period": "Q2",
    "revenue": 2342153000,
    "costOfRevenue": 1728146000,
    "grossProfit": 614007000,
    "grossProfitRatio": 0.2621549489,
    "researchAndDevelopmentExpenses": 0,
    "generalAndAdministrativeExpenses": 171397000,
    "sellingAndMarketingExpenses": 0,
    "sellingGeneralAndAdministrativeExpenses": 171397000,
    "otherExpenses": 1271000,
    "operatingExpenses": 172668000,
    "costAndExpenses": 1900814000,
    "interestIncome": 0,
    "interestExpense": 6795000,
    "depreciationAndAmortization": 4217000,
    "ebitda": 482021000,
    "ebitdaratio": 0.2058025244,
    "operatingIncome": 441339000,
    "operatingIncomeRatio": 0.1884330358,
    "totalOtherIncomeExpensesNet": 29837000,
    "incomeBeforeTax": 471176000,
    "incomeBeforeTaxRatio": 0.2011721694,
    "incomeTaxExpense": 67149000,
    "netIncome": 404027000,
    "netIncomeRatio": 0.1725023942,
    "eps": 123.84,
    "epsdiluted": 116.54,
    "weightedAverageShsOut": 3262529,
    "weightedAverageShsOutDil": 3466936,
    "link": "https://www.sec.gov/Archives/edgar/data/906163/000090616323000108/0000906163-23-000108-index.htm",
    "finalLink": "https://www.sec.gov/Archives/edgar/data/906163/000090616323000108/nvr-20230630.htm"
  },
  {
    "date": "2023-03-31",
    "symbol": "NVR",
    "reportedCurrency": "USD",
    "cik": "0000906163",
    "fillingDate": "2023-05-02",
    "acceptedDate": "2023-05-02 15:54:32",
    "calendarYear": "2023",
    "period": "Q1",
    "revenue": 2181295000,
    "costOfRevenue": 1607910000,
    "grossProfit": 573385000,
    "grossProfitRatio": 0.262864491,
    "researchAndDevelopmentExpenses": 0,
    "generalAndAdministrativeExpenses": 166252000,
    "sellingAndMarketingExpenses": 0,
    "sellingGeneralAndAdministrativeExpenses": 166252000,
    "otherExpenses": -5618000,
    "operatingExpenses": 160634000,
    "costAndExpenses": 1768544000,
    "interestIncome": 0,
    "interestExpense": 7258000,
    "depreciationAndAmortization": 4188000,
    "ebitda": 445256000,
    "ebitdaratio": 0.204124614,
    "operatingIncome": 412751000,
    "operatingIncomeRatio": 0.1892229157,
    "totalOtherIncomeExpensesNet": 21059000,
    "incomeBeforeTax": 433810000,
    "incomeBeforeTaxRatio": 0.1988772724,
    "incomeTaxExpense": 89458000,
    "netIncome": 344352000,
    "netIncomeRatio": 0.1578658549,
    "eps": 106.31,
    "epsdiluted": 99.89,
    "weightedAverageShsOut": 3239000,
    "weightedAverageShsOutDil": 3447474,
    "link": "https://www.sec.gov/Archives/edgar/data/906163/000090616323000048/0000906163-23-000048-index.htm",
    "finalLink": "https://www.sec.gov/Archives/edgar/data/906163/000090616323000048/nvr-20230331.htm"
  },
  {
    "date": "2022-12-31",
    "symbol": "NVR",
    "reportedCurrency": "USD",
    "cik": "0000906163",
    "fillingDate": "2023-02-15",
    "acceptedDate": "2023-02-15 15:38:46",
    "calendarYear": "2022",
    "period": "Q4",
    "revenue": 2715752000,
    "costOfRevenue": 1993722000,
    "grossProfit": 722030000,
    "grossProfitRatio": 0.2658674282,
    "researchAndDevelopmentExpenses": 0,
    "generalAndAdministrativeExpenses": 163295000,
    "sellingAndMarketingExpenses": 0,
    "sellingGeneralAndAdministrativeExpenses": 163295000,
    "otherExpenses": 3824000,
    "operatingExpenses": 167119000,
    "costAndExpenses": 2160841000,
    "interestIncome": 0,
    "interestExpense": 6899000,
    "depreciationAndAmortization": 4159000,
    "ebitda": 585780000,
    "ebitdaratio": 0.2156971623,
    "operatingIncome": 554911000,
    "operatingIncomeRatio": 0.2043305132,
    "totalOtherIncomeExpensesNet": 19811000,
    "incomeBeforeTax": 574722000,
    "incomeBeforeTaxRatio": 0.211625362,
    "incomeTaxExpense": 119954000,
    "netIncome": 454768000,
    "netIncomeRatio": 0.167455644,
    "eps": 141.8,
    "epsdiluted": 133.44,
    "weightedAverageShsOut": 3207000,
    "weightedAverageShsOutDil": 3408000,
    "link": "https://www.sec.gov/Archives/edgar/data/906163/000090616323000023/0000906163-23-000023-index.htm",
    "finalLink": "https://www.sec.gov/Archives/edgar/data/906163/000090616323000023/nvr-20221231.htm"
  },
  {
    "date": "2022-09-30",
    "symbol": "NVR",
    "reportedCurrency": "USD",
    "cik": "0000906163",
    "fillingDate": "2022-11-04",
    "acceptedDate": "2022-11-04 11:23:32",
    "calendarYear": "2022",
    "period": "Q3",
    "revenue": 2780337000,
    "costOfRevenue": 2092457000,
    "grossProfit": 687880000,
    "grossProfitRatio": 0.2474088573,
    "researchAndDevelopmentExpenses": 0,
    "generalAndAdministrativeExpenses": 153668000,
    "sellingAndMarketingExpenses": 0,
    "sellingGeneralAndAdministrativeExpenses": 153668000,
    "otherExpenses": 6429000,
    "operatingExpenses": 160097000,
    "costAndExpenses": 2252554000,
    "interestIncome": 0,
    "interestExpense": 7202000,
    "depreciationAndAmortization": 4246000,
    "ebitda": 549615000,
    "ebitdaratio": 0.1976792741,
    "operatingIncome": 527783000,
    "operatingIncomeRatio": 0.1898269886,
    "totalOtherIncomeExpensesNet": 10732000,
    "incomeBeforeTax": 538515000,
    "incomeBeforeTaxRatio": 0.1936869523,
    "incomeTaxExpense": 127122000,
    "netIncome": 411393000,
    "netIncomeRatio": 0.1479651567,
    "eps": 118.52,
    "epsdiluted": 118.52,
    "weightedAverageShsOut": 3471000,
    "weightedAverageShsOutDil": 3471000,
    "link": "https://www.sec.gov/Archives/edgar/data/906163/000090616322000104/0000906163-22-000104-index.htm",
    "finalLink": "https://www.sec.gov/Archives/edgar/data/906163/000090616322000104/nvr-20220930.htm"
  },
  {
    "date": "2022-06-30",
    "symbol": "NVR",
    "reportedCurrency": "USD",
    "cik": "0000906163",
    "fillingDate": "2022-08-03",
    "acceptedDate": "2022-08-03 14:56:16",
    "calendarYear": "2022",
    "period": "Q2",
    "revenue": 2661715000,
    "costOfRevenue": 1924727000,
    "grossProfit": 736988000,
    "grossProfitRatio": 0.2768846402,
    "researchAndDevelopmentExpenses": 0,
    "generalAndAdministrativeExpenses": 155918000,
    "sellingAndMarketingExpenses": 0,
    "sellingGeneralAndAdministrativeExpenses": 155918000,
    "otherExpenses": 24271000,
    "operatingExpenses": 180189000,
    "costAndExpenses": 2104916000,
    "interestIncome": 0,
    "interestExpense": 12257000,
    "depreciationAndAmortization": 4531000,
    "ebitda": 590395000,
    "ebitdaratio": 0.2218099984,
    "operatingIncome": 556799000,
    "operatingIncomeRatio": 0.2091880611,
    "totalOtherIncomeExpensesNet": 17213000,
    "incomeBeforeTax": 574012000,
    "incomeBeforeTaxRatio": 0.2156549443,
    "incomeTaxExpense": 140698000,
    "netIncome": 433314000,
    "netIncomeRatio": 0.16279504,
    "eps": 123.65,
    "epsdiluted": 123.65,
    "weightedAverageShsOut": 3504304,
    "weightedAverageShsOutDil": 3504304,
    "link": "https://www.sec.gov/Archives/edgar/data/906163/000090616322000074/0000906163-22-000074-index.htm",
    "finalLink": "https://www.sec.gov/Archives/edgar/data/906163/000090616322000074/nvr-20220630.htm"
  },
  {
    "date": "2022-03-31",
    "symbol": "NVR",
    "reportedCurrency": "USD",
    "cik": "0000906163",
    "fillingDate": "2022-05-03",
    "acceptedDate": "2022-05-03 15:05:39",
    "calendarYear": "2022",
    "period": "Q1",
    "revenue": 2380483000,
    "costOfRevenue": 1651365000,
    "grossProfit": 729118000,
    "grossProfitRatio": 0.306289942,
    "researchAndDevelopmentExpenses": 0,
    "generalAndAdministrativeExpenses": 152418000,
    "sellingAndMarketingExpenses": 0,
    "sellingGeneralAndAdministrativeExpenses": 152418000,
    "otherExpenses": 47009000,
    "operatingExpenses": 199427000,
    "costAndExpenses": 1850792000,
    "interestIncome": 0,
    "interestExpense": 13166000,
    "depreciationAndAmortization": 4460000,
    "ebitda": 583209000,
    "ebitdaratio": 0.2449960785,
    "operatingIncome": 529691000,
    "operatingIncomeRatio": 0.2225140864,
    "totalOtherIncomeExpensesNet": 36254000,
    "incomeBeforeTax": 565945000,
    "incomeBeforeTaxRatio": 0.2377437688,
    "incomeTaxExpense": 139845000,
    "netIncome": 426100000,
    "netIncomeRatio": 0.1789972875,
    "eps": 116.56,
    "epsdiluted": 116.55,
    "weightedAverageShsOut": 3655628,
    "weightedAverageShsOutDil": 3656000,
    "link": "https://www.sec.gov/Archives/edgar/data/906163/000090616322000030/0000906163-22-000030-index.htm",
    "finalLink": "https://www.sec.gov/Archives/edgar/data/906163/000090616322000030/nvr-20220331.htm"
  },
  {
    "date": "2021-12-31",
    "symbol": "NVR",
    "reportedCurrency": "USD",
    "cik": "0000906163",
    "fillingDate": "2022-02-16",
    "acceptedDate": "2022-02-16 16:39:25",
    "calendarYear": "2021",
    "period": "Q4",
    "revenue": 2232489000,
    "costOfRevenue": 1646050000,
    "grossProfit": 586439000,
    "grossProfitRatio": 0.2626839371,
    "researchAndDevelopmentExpenses": 0,
    "generalAndAdministrativeExpenses": 149148000,
    "sellingAndMarketingExpenses": 0,
    "sellingGeneralAndAdministrativeExpenses": 149148000,
    "otherExpenses": 32446000,
    "operatingExpenses": 181594000,
    "costAndExpenses": 1827644000,
    "interestIncome": 0,
    "interestExpense": 13207000,
    "depreciationAndAmortization": 4743000,
    "ebitda": 444384000,
    "ebitdaratio": 0.1990531644,
    "operatingIncome": 404845000,
    "operatingIncomeRatio": 0.1813424389,
    "totalOtherIncomeExpensesNet": 21960000,
    "incomeBeforeTax": 426805000,
    "incomeBeforeTaxRatio": 0.1911789935,
    "incomeTaxExpense": 92224000,
    "netIncome": 334581000,
    "netIncomeRatio": 0.1498690475,
    "eps": 96.47,
    "epsdiluted": 89.09,
    "weightedAverageShsOut": 3468000,
    "weightedAverageShsOutDil": 3755000,
    "link": "https://www.sec.gov/Archives/edgar/data/906163/000090616322000008/0000906163-22-000008-index.htm",
    "finalLink": "https://www.sec.gov/Archives/edgar/data/906163/000090616322000008/nvr-20211231.htm"
  },
  {
    "date": "2021-09-30",
    "symbol": "NVR",
    "reportedCurrency": "USD",
    "cik": "0000906163",
    "fillingDate": "2021-11-02",
    "acceptedDate": "2021-11-02 14:34:57",
    "calendarYear": "2021",
    "period": "Q3",
    "revenue": 2397976000,
    "costOfRevenue": 1817939000,
    "grossProfit": 580037000,
    "grossProfitRatio": 0.2418860739,
    "researchAndDevelopmentExpenses": 0,
    "generalAndAdministrativeExpenses": 135185000,
    "sellingAndMarketingExpenses": 0,
    "sellingGeneralAndAdministrativeExpenses": 135185000,
    "otherExpenses": 36906000,
    "operatingExpenses": 172091000,
    "costAndExpenses": 1990030000,
    "interestIncome": 0,
    "interestExpense": 13243000,
    "depreciationAndAmortization": 4682000,
    "ebitda": 451647000,
    "ebitdaratio": 0.1883450877,
    "operatingIncome": 407946000,
    "operatingIncomeRatio": 0.1701209687,
    "totalOtherIncomeExpensesNet": 26181000,
    "incomeBeforeTax": 434127000,
    "incomeBeforeTaxRatio": 0.1810389262,
    "incomeTaxExpense": 102046000,
    "netIncome": 332081000,
    "netIncomeRatio": 0.1384838714,
    "eps": 93.25,
    "epsdiluted": 86.44,
    "weightedAverageShsOut": 3561000,
    "weightedAverageShsOutDil": 3842000,
    "link": "https://www.sec.gov/Archives/edgar/data/906163/000090616321000099/0000906163-21-000099-index.htm",
    "finalLink": "https://www.sec.gov/Archives/edgar/data/906163/000090616321000099/nvr-20210930.htm"
  },
  {
    "date": "2021-06-30",
    "symbol": "NVR",
    "reportedCurrency": "USD",
    "cik": "0000906163",
    "fillingDate": "2021-08-03",
    "acceptedDate": "2021-08-03 15:49:14",
    "calendarYear": "2021",
    "period": "Q2",
    "revenue": 2285807000,
    "costOfRevenue": 1721673000,
    "grossProfit": 564134000,
    "grossProfitRatio": 0.2467986142,
    "researchAndDevelopmentExpenses": 0,
    "generalAndAdministrativeExpenses": 136019000,
    "sellingAndMarketingExpenses": 0,
    "sellingGeneralAndAdministrativeExpenses": 136019000,
    "otherExpenses": 37002000,
    "operatingExpenses": 173021000,
    "costAndExpenses": 1894694000,
    "interestIncome": 0,
    "interestExpense": 13270000,
    "depreciationAndAmortization": 4835000,
    "ebitda": 435150000,
    "ebitdaratio": 0.1903704031,
    "operatingIncome": 391113000,
    "operatingIncomeRatio": 0.1711049971,
    "totalOtherIncomeExpensesNet": 26352000,
    "incomeBeforeTax": 417465000,
    "incomeBeforeTaxRatio": 0.1826335294,
    "incomeTaxExpense": 96170000,
    "netIncome": 321295000,
    "netIncomeRatio": 0.140560861,
    "eps": 88.69,
    "epsdiluted": 82.45,
    "weightedAverageShsOut": 3622635,
    "weightedAverageShsOutDil": 3896709,
    "link": "https://www.sec.gov/Archives/edgar/data/906163/000090616321000084/0000906163-21-000084-index.htm",
    "finalLink": "https://www.sec.gov/Archives/edgar/data/906163/000090616321000084/nvr-20210630.htm"
  },
  {
    "date": "2021-03-31",
    "symbol": "NVR",
    "reportedCurrency": "USD",
    "cik": "0000906163",
    "fillingDate": "2021-05-04",
    "acceptedDate": "2021-05-04 15:33:03",
    "calendarYear": "2021",
    "period": "Q1",
    "revenue": 2043478000,
    "costOfRevenue": 1577453000,
    "grossProfit": 466025000,
    "grossProfitRatio": 0.2280548163,
    "researchAndDevelopmentExpenses": 0,
    "generalAndAdministrativeExpenses": 143075000,
    "sellingAndMarketingExpenses": 0,
    "sellingGeneralAndAdministrativeExpenses": 143075000,
    "otherExpenses": 56525000,
    "operatingExpenses": 199600000,
    "costAndExpenses": 1777053000,
    "interestIncome": 0,
    "interestExpense": 13397000,
    "depreciationAndAmortization": 5203000,
    "ebitda": 330215000,
    "ebitdaratio": 0.1615945951,
    "operatingIncome": 266425000,
    "operatingIncomeRatio": 0.1303782081,
    "totalOtherIncomeExpensesNet": 45581000,
    "incomeBeforeTax": 312006000,
    "incomeBeforeTaxRatio": 0.1526838067,
    "incomeTaxExpense": 63244000,
    "netIncome": 248762000,
    "netIncomeRatio": 0.1217346113,
    "eps": 67.72,
    "epsdiluted": 63.21,
    "weightedAverageShsOut": 3673000,
    "weightedAverageShsOutDil": 3935000,
    "link": "https://www.sec.gov/Archives/edgar/data/906163/000090616321000056/0000906163-21-000056-index.htm",
    "finalLink": "https://www.sec.gov/Archives/edgar/data/906163/000090616321000056/nvr-20210331.htm"
  },
  {
    "date": "2020-12-31",
    "symbol": "NVR",
    "reportedCurrency": "USD",
    "cik": "0000906163",
    "fillingDate": "2021-02-12",
    "acceptedDate": "2021-02-12 14:29:48",
    "calendarYear": "2020",
    "period": "Q4",
    "revenue": 2346400000,
    "costOfRevenue": 1822121000,
    "grossProfit": 524279000,
    "grossProfitRatio": 0.2234397375,
    "researchAndDevelopmentExpenses": 0,
    "generalAndAdministrativeExpenses": 133975000,
    "sellingAndMarketingExpenses": 0,
    "sellingGeneralAndAdministrativeExpenses": 133975000,
    "otherExpenses": 53944000,
    "operatingExpenses": 187919000,
    "costAndExpenses": 2010040000,
    "interestIncome": 0,
    "interestExpense": 13174000,
    "depreciationAndAmortization": 5191000,
    "ebitda": 403330000,
    "ebitdaratio": 0.1718931129,
    "operatingIncome": 336360000,
    "operatingIncomeRatio": 0.1433515172,
    "totalOtherIncomeExpensesNet": 49010000,
    "incomeBeforeTax": 385370000,
    "incomeBeforeTaxRatio": 0.164238834,
    "incomeTaxExpense": 80366000,
    "netIncome": 305004000,
    "netIncomeRatio": 0.1299880668,
    "eps": 82.08,
    "epsdiluted": 76.93,
    "weightedAverageShsOut": 3716000,
    "weightedAverageShsOutDil": 3965000,
    "link": "https://www.sec.gov/Archives/edgar/data/906163/000090616321000017/0000906163-21-000017-index.htm",
    "finalLink": "https://www.sec.gov/Archives/edgar/data/906163/000090616321000017/nvr-20201231.htm"
  },
  {
    "date": "2020-09-30",
    "symbol": "NVR",
    "reportedCurrency": "USD",
    "cik": "0000906163",
    "fillingDate": "2020-11-04",
    "acceptedDate": "2020-11-04 14:39:32",
    "calendarYear": "2020",
    "period": "Q3",
    "revenue": 1992234000,
    "costOfRevenue": 1536044000,
    "grossProfit": 456190000,
    "grossProfitRatio": 0.2289841454,
    "researchAndDevelopmentExpenses": 0,
    "generalAndAdministrativeExpenses": 125921000,
    "sellingAndMarketingExpenses": 0,
    "sellingGeneralAndAdministrativeExpenses": 125921000,
    "otherExpenses": 49315000,
    "operatingExpenses": 175236000,
    "costAndExpenses": 1711280000,
    "interestIncome": 0,
    "interestExpense": 11687000,
    "depreciationAndAmortization": 5547000,
    "ebitda": 338313000,
    "ebitdaratio": 0.1698158951,
    "operatingIncome": 280954000,
    "operatingIncomeRatio": 0.1410245985,
    "totalOtherIncomeExpensesNet": 40503000,
    "incomeBeforeTax": 321457000,
    "incomeBeforeTaxRatio": 0.1613550416,
    "incomeTaxExpense": 64991000,
    "netIncome": 256466000,
    "netIncomeRatio": 0.1287328697,
    "eps": 69.19,
    "epsdiluted": 65.11,
    "weightedAverageShsOut": 3706000,
    "weightedAverageShsOutDil": 3939000,
    "link": "https://www.sec.gov/Archives/edgar/data/906163/000090616320000090/0000906163-20-000090-index.htm",
    "finalLink": "https://www.sec.gov/Archives/edgar/data/906163/000090616320000090/nvr-20200930.htm"
  },
  {
    "date": "2020-06-30",
    "symbol": "NVR",
    "reportedCurrency": "USD",
    "cik": "0000906163",
    "fillingDate": "2020-08-03",
    "acceptedDate": "2020-08-03 16:12:06",
    "calendarYear": "2020",
    "period": "Q2",
    "revenue": 1622222000,
    "costOfRevenue": 1284493000,
    "grossProfit": 337729000,
    "grossProfitRatio": 0.2081891381,
    "researchAndDevelopmentExpenses": 0,
    "generalAndAdministrativeExpenses": 121460000,
    "sellingAndMarketingExpenses": 0,
    "sellingGeneralAndAdministrativeExpenses": 121460000,
    "otherExpenses": 12298000,
    "operatingExpenses": 133758000,
    "costAndExpenses": 1418251000,
    "interestIncome": 0,
    "interestExpense": 9525000,
    "depreciationAndAmortization": 5632000,
    "ebitda": 224629000,
    "ebitdaratio": 0.1384699505,
    "operatingIncome": 203971000,
    "operatingIncomeRatio": 0.1257355652,
    "totalOtherIncomeExpensesNet": 5860000,
    "incomeBeforeTax": 209831000,
    "incomeBeforeTaxRatio": 0.1293478944,
    "incomeTaxExpense": 45756000,
    "netIncome": 164075000,
    "netIncomeRatio": 0.1011421371,
    "eps": 44.56,
    "epsdiluted": 42.5,
    "weightedAverageShsOut": 3682000,
    "weightedAverageShsOutDil": 3861000,
    "link": "https://www.sec.gov/Archives/edgar/data/906163/000090616320000075/0000906163-20-000075-index.htm",
    "finalLink": "https://www.sec.gov/Archives/edgar/data/906163/000090616320000075/nvr-20200630.htm"
  },
  {
    "date": "2020-03-31",
    "symbol": "NVR",
    "reportedCurrency": "USD",
    "cik": "0000906163",
    "fillingDate": "2020-05-07",
    "acceptedDate": "2020-05-07 14:12:58",
    "calendarYear": "2020",
    "period": "Q1",
    "revenue": 1584997000,
    "costOfRevenue": 1294743000,
    "grossProfit": 290254000,
    "grossProfitRatio": 0.1831258987,
    "researchAndDevelopmentExpenses": 0,
    "generalAndAdministrativeExpenses": 128378000,
    "sellingAndMarketingExpenses": 0,
    "sellingGeneralAndAdministrativeExpenses": 128378000,
    "otherExpenses": 5743000,
    "operatingExpenses": 134121000,
    "costAndExpenses": 1428864000,
    "interestIncome": 0,
    "interestExpense": 6486000,
    "depreciationAndAmortization": 5622000,
    "ebitda": 209611000,
    "ebitdaratio": 0.132246938,
    "operatingIncome": 156133000,
    "operatingIncomeRatio": 0.0985068111,
    "totalOtherIncomeExpensesNet": 5242000,
    "incomeBeforeTax": 161375000,
    "incomeBeforeTaxRatio": 0.1018140728,
    "incomeTaxExpense": -14328000,
    "netIncome": 175703000,
    "netIncomeRatio": 0.1108538376,
    "eps": 47.97,
    "epsdiluted": 44.96,
    "weightedAverageShsOut": 3663000,
    "weightedAverageShsOutDil": 3908000,
    "link": "https://www.sec.gov/Archives/edgar/data/906163/000090616320000054/0000906163-20-000054-index.htm",
    "finalLink": "https://www.sec.gov/Archives/edgar/data/906163/000090616320000054/nvr-20200331.htm"
  },
  {
    "date": "2019-12-31",
    "symbol": "NVR",
    "reportedCurrency": "USD",
    "cik": "0000906163",
    "fillingDate": "2020-02-19",
    "acceptedDate": "2020-02-19 15:42:43",
    "calendarYear": "2019",
    "period": "Q4",
    "revenue": 1993427000,
    "costOfRevenue": 1567392000,
    "grossProfit": 426035000,
    "grossProfitRatio": 0.2137198904,
    "researchAndDevelopmentExpenses": 0,
    "generalAndAdministrativeExpenses": 131493000,
    "sellingAndMarketingExpenses": 0,
    "sellingGeneralAndAdministrativeExpenses": 131493000,
    "otherExpenses": 18196000,
    "operatingExpenses": 149689000,
    "costAndExpenses": 1717081000,
    "interestIncome": 0,
    "interestExpense": 6571000,
    "depreciationAndAmortization": 5449000,
    "ebitda": 307052000,
    "ebitdaratio": 0.1540322269,
    "operatingIncome": 276346000,
    "operatingIncomeRatio": 0.1386286029,
    "totalOtherIncomeExpensesNet": 18956000,
    "incomeBeforeTax": 295302000,
    "incomeBeforeTaxRatio": 0.1481378551,
    "incomeTaxExpense": 39165000,
    "netIncome": 256137000,
    "netIncomeRatio": 0.128490785,
    "eps": 69.78,
    "epsdiluted": 64.41,
    "weightedAverageShsOut": 3671000,
    "weightedAverageShsOutDil": 3977000,
    "link": "https://www.sec.gov/Archives/edgar/data/906163/000090616320000026/0000906163-20-000026-index.htm",
    "finalLink": "https://www.sec.gov/Archives/edgar/data/906163/000090616320000026/a201910-k.htm"
  },
  {
    "date": "2019-09-30",
    "symbol": "NVR",
    "reportedCurrency": "USD",
    "cik": "0000906163",
    "fillingDate": "2019-11-01",
    "acceptedDate": "2019-11-01 15:22:36",
    "calendarYear": "2019",
    "period": "Q3",
    "revenue": 1914604000,
    "costOfRevenue": 1518276000,
    "grossProfit": 396328000,
    "grossProfitRatio": 0.2070025969,
    "researchAndDevelopmentExpenses": 0,
    "generalAndAdministrativeExpenses": 130376000,
    "sellingAndMarketingExpenses": 0,
    "sellingGeneralAndAdministrativeExpenses": 130376000,
    "otherExpenses": 14170000,
    "operatingExpenses": 144546000,
    "costAndExpenses": 1662822000,
    "interestIncome": 0,
    "interestExpense": 6293000,
    "depreciationAndAmortization": 5223000,
    "ebitda": 278405000,
    "ebitdaratio": 0.1454112704,
    "operatingIncome": 251782000,
    "operatingIncomeRatio": 0.1315060451,
    "totalOtherIncomeExpensesNet": 15392000,
    "incomeBeforeTax": 267174000,
    "incomeBeforeTaxRatio": 0.1395453055,
    "incomeTaxExpense": 43387000,
    "netIncome": 223787000,
    "netIncomeRatio": 0.1168842225,
    "eps": 60.94,
    "epsdiluted": 56.11,
    "weightedAverageShsOut": 3672000,
    "weightedAverageShsOutDil": 3988000,
    "link": "https://www.sec.gov/Archives/edgar/data/906163/000090616319000153/0000906163-19-000153-index.htm",
    "finalLink": "https://www.sec.gov/Archives/edgar/data/906163/000090616319000153/q3201910-q.htm"
  },
  {
    "date": "2019-06-30",
    "symbol": "NVR",
    "reportedCurrency": "USD",
    "cik": "0000906163",
    "fillingDate": "2019-07-31",
    "acceptedDate": "2019-07-31 14:07:30",
    "calendarYear": "2019",
    "period": "Q2",
    "revenue": 1802931000,
    "costOfRevenue": 1425388000,
    "grossProfit": 377543000,
    "grossProfitRatio": 0.2094051298,
    "researchAndDevelopmentExpenses": 0,
    "generalAndAdministrativeExpenses": 133044000,
    "sellingAndMarketingExpenses": 0,
    "sellingGeneralAndAdministrativeExpenses": 133044000,
    "otherExpenses": 18816000,
    "operatingExpenses": 151860000,
    "costAndExpenses": 1577248000,
    "interestIncome": 0,
    "interestExpense": 6301000,
    "depreciationAndAmortization": 5084000,
    "ebitda": 255829000,
    "ebitdaratio": 0.141896168,
    "operatingIncome": 225683000,
    "operatingIncomeRatio": 0.1251756168,
    "totalOtherIncomeExpensesNet": 19029000,
    "incomeBeforeTax": 244712000,
    "incomeBeforeTaxRatio": 0.1357300973,
    "incomeTaxExpense": 34503000,
    "netIncome": 210209000,
    "netIncomeRatio": 0.1165929256,
    "eps": 58.2,
    "epsdiluted": 53.09,
    "weightedAverageShsOut": 3612000,
    "weightedAverageShsOutDil": 3959000,
    "link": "https://www.sec.gov/Archives/edgar/data/906163/000090616319000116/0000906163-19-000116-index.htm",
    "finalLink": "https://www.sec.gov/Archives/edgar/data/906163/000090616319000116/q2201910-q.htm"
  },
  {
    "date": "2019-03-31",
    "symbol": "NVR",
    "reportedCurrency": "USD",
    "cik": "0000906163",
    "fillingDate": "2019-05-01",
    "acceptedDate": "2019-05-01 16:06:31",
    "calendarYear": "2019",
    "period": "Q1",
    "revenue": 1689844000,
    "costOfRevenue": 1338806000,
    "grossProfit": 351038000,
    "grossProfitRatio": 0.2077339683,
    "researchAndDevelopmentExpenses": 0,
    "generalAndAdministrativeExpenses": 132492000,
    "sellingAndMarketingExpenses": 0,
    "sellingGeneralAndAdministrativeExpenses": 132492000,
    "otherExpenses": 24143000,
    "operatingExpenses": 156635000,
    "costAndExpenses": 1495441000,
    "interestIncome": 0,
    "interestExpense": 6215000,
    "depreciationAndAmortization": 5062000,
    "ebitda": 229662000,
    "ebitdaratio": 0.1359072198,
    "operatingIncome": 194403000,
    "operatingIncomeRatio": 0.1150419802,
    "totalOtherIncomeExpensesNet": 24204000,
    "incomeBeforeTax": 218607000,
    "incomeBeforeTaxRatio": 0.1293651958,
    "incomeTaxExpense": 30201000,
    "netIncome": 188406000,
    "netIncomeRatio": 0.1114931319,
    "eps": 52.23,
    "epsdiluted": 47.64,
    "weightedAverageShsOut": 3607000,
    "weightedAverageShsOutDil": 3955000,
    "link": "https://www.sec.gov/Archives/edgar/data/906163/000090616319000070/0000906163-19-000070-index.htm",
    "finalLink": "https://www.sec.gov/Archives/edgar/data/906163/000090616319000070/q1201910-q.htm"
  },
  {
    "date": "2018-12-31",
    "symbol": "NVR",
    "reportedCurrency": "USD",
    "cik": "0000906163",
    "fillingDate": "2019-02-13",
    "acceptedDate": "2019-02-13 16:40:11",
    "calendarYear": "2018",
    "period": "Q4",
    "revenue": 1997771000,
    "costOfRevenue": 1590735000,
    "grossProfit": 407036000,
    "grossProfitRatio": 0.2037450739,
    "researchAndDevelopmentExpenses": 0,
    "generalAndAdministrativeExpenses": 128905000,
    "sellingAndMarketingExpenses": 0,
    "sellingGeneralAndAdministrativeExpenses": 128905000,
    "otherExpenses": 17043000,
    "operatingExpenses": 145948000,
    "costAndExpenses": 1736683000,
    "interestIncome": 0,
    "interestExpense": 6273000,
    "depreciationAndAmortization": 5115000,
    "ebitda": 288567000,
    "ebitdaratio": 0.1444444834,
    "operatingIncome": 261088000,
    "operatingIncomeRatio": 0.1306896536,
    "totalOtherIncomeExpensesNet": 16350000,
    "incomeBeforeTax": 277438000,
    "incomeBeforeTaxRatio": 0.1388737748,
    "incomeTaxExpense": 45280000,
    "netIncome": 232158000,
    "netIncomeRatio": 0.1162085144,
    "eps": 64.46,
    "epsdiluted": 58.57,
    "weightedAverageShsOut": 3601000,
    "weightedAverageShsOutDil": 3964000,
    "link": "https://www.sec.gov/Archives/edgar/data/906163/000090616319000029/0000906163-19-000029-index.htm",
    "finalLink": "https://www.sec.gov/Archives/edgar/data/906163/000090616319000029/nvr201810-k.htm"
  },
  {
    "date": "2018-09-30",
    "symbol": "NVR",
    "reportedCurrency": "USD",
    "cik": "0000906163",
    "fillingDate": "2018-10-31",
    "acceptedDate": "2018-10-31 17:19:18",
    "calendarYear": "2018",
    "period": "Q3",
    "revenue": 1855769000,
    "costOfRevenue": 1472649000,
    "grossProfit": 383120000,
    "grossProfitRatio": 0.2064481086,
    "researchAndDevelopmentExpenses": 0,
    "generalAndAdministrativeExpenses": 130712000,
    "sellingAndMarketingExpenses": 0,
    "sellingGeneralAndAdministrativeExpenses": 130712000,
    "otherExpenses": 22244000,
    "operatingExpenses": 152956000,
    "costAndExpenses": 1625605000,
    "interestIncome": 0,
    "interestExpense": 6197000,
    "depreciationAndAmortization": 5029000,
    "ebitda": 260707000,
    "ebitdaratio": 0.1404846185,
    "operatingIncome": 230164000,
    "operatingIncomeRatio": 0.1240262123,
    "totalOtherIncomeExpensesNet": 19546000,
    "incomeBeforeTax": 249710000,
    "incomeBeforeTaxRatio": 0.1345587732,
    "incomeTaxExpense": 53894000,
    "netIncome": 195816000,
    "netIncomeRatio": 0.1055174432,
    "eps": 54.21,
    "epsdiluted": 48.28,
    "weightedAverageShsOut": 3612000,
    "weightedAverageShsOutDil": 4056000,
    "link": "https://www.sec.gov/Archives/edgar/data/906163/000090616318000123/0000906163-18-000123-index.htm",
    "finalLink": "https://www.sec.gov/Archives/edgar/data/906163/000090616318000123/q3201810-q.htm"
  },
  {
    "date": "2018-06-30",
    "symbol": "NVR",
    "reportedCurrency": "USD",
    "cik": "0000906163",
    "fillingDate": "2018-07-30",
    "acceptedDate": "2018-07-30 17:02:53",
    "calendarYear": "2018",
    "period": "Q2",
    "revenue": 1790220000,
    "costOfRevenue": 1416797000,
    "grossProfit": 373423000,
    "grossProfitRatio": 0.2085905643,
    "researchAndDevelopmentExpenses": 0,
    "generalAndAdministrativeExpenses": 128313000,
    "sellingAndMarketingExpenses": 0,
    "sellingGeneralAndAdministrativeExpenses": 128313000,
    "otherExpenses": 15797000,
    "operatingExpenses": 144110000,
    "costAndExpenses": 1560907000,
    "interestIncome": 0,
    "interestExpense": 6329000,
    "depreciationAndAmortization": 4988000,
    "ebitda": 252621000,
    "ebitdaratio": 0.1411117069,
    "operatingIncome": 229313000,
    "operatingIncomeRatio": 0.1280920781,
    "totalOtherIncomeExpensesNet": 12273000,
    "incomeBeforeTax": 241586000,
    "incomeBeforeTaxRatio": 0.1349476601,
    "incomeTaxExpense": 38412000,
    "netIncome": 203174000,
    "netIncomeRatio": 0.1134910793,
    "eps": 55.9,
    "epsdiluted": 49.05,
    "weightedAverageShsOut": 3635000,
    "weightedAverageShsOutDil": 4142000,
    "link": "https://www.sec.gov/Archives/edgar/data/906163/000090616318000106/0000906163-18-000106-index.htm",
    "finalLink": "https://www.sec.gov/Archives/edgar/data/906163/000090616318000106/q2201810-q.htm"
  },
  {
    "date": "2018-03-31",
    "symbol": "NVR",
    "reportedCurrency": "USD",
    "cik": "0000906163",
    "fillingDate": "2018-05-01",
    "acceptedDate": "2018-05-01 12:35:49",
    "calendarYear": "2018",
    "period": "Q1",
    "revenue": 1531507000,
    "costOfRevenue": 1211946000,
    "grossProfit": 319561000,
    "grossProfitRatio": 0.2086578775,
    "researchAndDevelopmentExpenses": 0,
    "generalAndAdministrativeExpenses": 124782000,
    "sellingAndMarketingExpenses": 0,
    "sellingGeneralAndAdministrativeExpenses": 124782000,
    "otherExpenses": 20202000,
    "operatingExpenses": 144984000,
    "costAndExpenses": 1356930000,
    "interestIncome": 0,
    "interestExpense": 6282000,
    "depreciationAndAmortization": 5036000,
    "ebitda": 202041000,
    "ebitdaratio": 0.1319230013,
    "operatingIncome": 174577000,
    "operatingIncomeRatio": 0.1139903376,
    "totalOtherIncomeExpensesNet": 16421000,
    "incomeBeforeTax": 190998000,
    "incomeBeforeTaxRatio": 0.1247124564,
    "incomeTaxExpense": 24949000,
    "netIncome": 166049000,
    "netIncomeRatio": 0.1084219661,
    "eps": 45.19,
    "epsdiluted": 39.34,
    "weightedAverageShsOut": 3675000,
    "weightedAverageShsOutDil": 4220000,
    "link": "https://www.sec.gov/Archives/edgar/data/906163/000090616318000026/0000906163-18-000026-index.htm",
    "finalLink": "https://www.sec.gov/Archives/edgar/data/906163/000090616318000026/q1201810-q.htm"
  },
  {
    "date": "2017-12-31",
    "symbol": "NVR",
    "reportedCurrency": "USD",
    "cik": "0000906163",
    "fillingDate": "2018-02-14",
    "acceptedDate": "2018-02-14 17:37:19",
    "calendarYear": "2017",
    "period": "Q4",
    "revenue": 1819018000,
    "costOfRevenue": 1438307000,
    "grossProfit": 380711000,
    "grossProfitRatio": 0.2092947953,
    "researchAndDevelopmentExpenses": 0,
    "generalAndAdministrativeExpenses": 116000000,
    "sellingAndMarketingExpenses": 0,
    "sellingGeneralAndAdministrativeExpenses": 116000000,
    "otherExpenses": 16914000,
    "operatingExpenses": 132914000,
    "costAndExpenses": 1571221000,
    "interestIncome": 0,
    "interestExpense": 6315000,
    "depreciationAndAmortization": 5580000,
    "ebitda": 272895000,
    "ebitdaratio": 0.1500232543,
    "operatingIncome": 247797000,
    "operatingIncomeRatio": 0.1362256998,
    "totalOtherIncomeExpensesNet": 13521000,
    "incomeBeforeTax": 261318000,
    "incomeBeforeTaxRatio": 0.1436588313,
    "incomeTaxExpense": 136699000,
    "netIncome": 124619000,
    "netIncomeRatio": 0.0685089427,
    "eps": 33.39,
    "epsdiluted": 28.88,
    "weightedAverageShsOut": 3732000,
    "weightedAverageShsOutDil": 4315000,
    "link": "https://www.sec.gov/Archives/edgar/data/906163/000090616318000007/0000906163-18-000007-index.htm",
    "finalLink": "https://www.sec.gov/Archives/edgar/data/906163/000090616318000007/a201710-k.htm"
  },
  {
    "date": "2017-09-30",
    "symbol": "NVR",
    "reportedCurrency": "USD",
    "cik": "0000906163",
    "fillingDate": "2017-10-30",
    "acceptedDate": "2017-10-30 14:26:36",
    "calendarYear": "2017",
    "period": "Q3",
    "revenue": 1669873000,
    "costOfRevenue": 1307971000,
    "grossProfit": 361902000,
    "grossProfitRatio": 0.2167242659,
    "researchAndDevelopmentExpenses": 0,
    "generalAndAdministrativeExpenses": 113616000,
    "sellingAndMarketingExpenses": 0,
    "sellingGeneralAndAdministrativeExpenses": 113616000,
    "otherExpenses": 16422000,
    "operatingExpenses": 130038000,
    "costAndExpenses": 1438009000,
    "interestIncome": 0,
    "interestExpense": 6120000,
    "depreciationAndAmortization": 5593000,
    "ebitda": 255878000,
    "ebitdaratio": 0.1532320123,
    "operatingIncome": 231864000,
    "operatingIncomeRatio": 0.1388512779,
    "totalOtherIncomeExpensesNet": 12600000,
    "incomeBeforeTax": 244464000,
    "incomeBeforeTaxRatio": 0.1463967619,
    "incomeTaxExpense": 82362000,
    "netIncome": 162102000,
    "netIncomeRatio": 0.0970744482,
    "eps": 43.26,
    "epsdiluted": 38.02,
    "weightedAverageShsOut": 3747000,
    "weightedAverageShsOutDil": 4263000,
    "link": "https://www.sec.gov/Archives/edgar/data/906163/000090616317000009/0000906163-17-000009-index.htm",
    "finalLink": "https://www.sec.gov/Archives/edgar/data/906163/000090616317000009/q3201710-q.htm"
  },
  {
    "date": "2017-06-30",
    "symbol": "NVR",
    "reportedCurrency": "USD",
    "cik": "0000906163",
    "fillingDate": "2017-07-28",
    "acceptedDate": "2017-07-28 14:17:36",
    "calendarYear": "2017",
    "period": "Q2",
    "revenue": 1546046000,
    "costOfRevenue": 1218083000,
    "grossProfit": 327963000,
    "grossProfitRatio": 0.2121301695,
    "researchAndDevelopmentExpenses": 0,
    "generalAndAdministrativeExpenses": 115034000,
    "sellingAndMarketingExpenses": 0,
    "sellingGeneralAndAdministrativeExpenses": 115034000,
    "otherExpenses": 15951000,
    "operatingExpenses": 130985000,
    "costAndExpenses": 1349068000,
    "interestIncome": 0,
    "interestExpense": 5914000,
    "depreciationAndAmortization": 5795000,
    "ebitda": 220404000,
    "ebitdaratio": 0.1425597945,
    "operatingIncome": 196978000,
    "operatingIncomeRatio": 0.1274075933,
    "totalOtherIncomeExpensesNet": 11990000,
    "incomeBeforeTax": 208968000,
    "incomeBeforeTaxRatio": 0.1351628606,
    "incomeTaxExpense": 61091000,
    "netIncome": 147877000,
    "netIncomeRatio": 0.0956485124,
    "eps": 39.46,
    "epsdiluted": 35.19,
    "weightedAverageShsOut": 3748000,
    "weightedAverageShsOutDil": 4202000,
    "link": "https://www.sec.gov/Archives/edgar/data/906163/000156459017014370/0001564590-17-014370-index.htm",
    "finalLink": "https://www.sec.gov/Archives/edgar/data/906163/000156459017014370/nvr-10q_20170630.htm"
  },
  {
    "date": "2017-03-31",
    "symbol": "NVR",
    "reportedCurrency": "USD",
    "cik": "0000906163",
    "fillingDate": "2017-04-28",
    "acceptedDate": "2017-04-28 14:38:33",
    "calendarYear": "2017",
    "period": "Q1",
    "revenue": 1278753000,
    "costOfRevenue": 1026017000,
    "grossProfit": 252736000,
    "grossProfitRatio": 0.1976425471,
    "researchAndDevelopmentExpenses": 0,
    "generalAndAdministrativeExpenses": 116150000,
    "sellingAndMarketingExpenses": 0,
    "sellingGeneralAndAdministrativeExpenses": 116150000,
    "otherExpenses": 13818000,
    "operatingExpenses": 129968000,
    "costAndExpenses": 1155985000,
    "interestIncome": 0,
    "interestExpense": 5836000,
    "depreciationAndAmortization": 5699000,
    "ebitda": 143438000,
    "ebitdaratio": 0.1121702158,
    "operatingIncome": 122768000,
    "operatingIncomeRatio": 0.0960060309,
    "totalOtherIncomeExpensesNet": 9393000,
    "incomeBeforeTax": 132161000,
    "incomeBeforeTaxRatio": 0.1033514682,
    "incomeTaxExpense": 29238000,
    "netIncome": 102923000,
    "netIncomeRatio": 0.0804870057,
    "eps": 27.78,
    "epsdiluted": 25.12,
    "weightedAverageShsOut": 3705000,
    "weightedAverageShsOutDil": 4097000,
    "link": "https://www.sec.gov/Archives/edgar/data/906163/000156459017007726/0001564590-17-007726-index.htm",
    "finalLink": "https://www.sec.gov/Archives/edgar/data/906163/000156459017007726/nvr-10q_20170331.htm"
  },
  {
    "date": "2016-12-31",
    "symbol": "NVR",
    "reportedCurrency": "USD",
    "cik": "0000906163",
    "fillingDate": "2017-02-15",
    "acceptedDate": "2017-02-15 15:26:26",
    "calendarYear": "2016",
    "period": "Q4",
    "revenue": 1755224000,
    "costOfRevenue": 1413440000,
    "grossProfit": 341784000,
    "grossProfitRatio": 0.1947238643,
    "researchAndDevelopmentExpenses": 0,
    "generalAndAdministrativeExpenses": 108050000,
    "sellingAndMarketingExpenses": 0,
    "sellingGeneralAndAdministrativeExpenses": 108050000,
    "otherExpenses": 19584000,
    "operatingExpenses": 127634000,
    "costAndExpenses": 1541074000,
    "interestIncome": 0,
    "interestExpense": 6181000,
    "depreciationAndAmortization": 5678000,
    "ebitda": 240227000,
    "ebitdaratio": 0.1368640128,
    "operatingIncome": 214150000,
    "operatingIncomeRatio": 0.1220072196,
    "totalOtherIncomeExpensesNet": 14512000,
    "incomeBeforeTax": 228662000,
    "incomeBeforeTaxRatio": 0.1302751102,
    "incomeTaxExpense": 77771000,
    "netIncome": 150891000,
    "netIncomeRatio": 0.0859668054,
    "eps": 40.25,
    "epsdiluted": 37.8,
    "weightedAverageShsOut": 3749000,
    "weightedAverageShsOutDil": 3992000,
    "link": "https://www.sec.gov/Archives/edgar/data/906163/000156459017001623/0001564590-17-001623-index.htm",
    "finalLink": "https://www.sec.gov/Archives/edgar/data/906163/000156459017001623/nvr-10k_20161231.htm"
  },
  {
    "date": "2016-09-30",
    "symbol": "NVR",
    "reportedCurrency": "USD",
    "cik": "0000906163",
    "fillingDate": "2016-10-28",
    "acceptedDate": "2016-10-28 12:18:13",
    "calendarYear": "2016",
    "period": "Q3",
    "revenue": 1539569000,
    "costOfRevenue": 1242292000,
    "grossProfit": 297277000,
    "grossProfitRatio": 0.1930910534,
    "researchAndDevelopmentExpenses": 0,
    "generalAndAdministrativeExpenses": 107826000,
    "sellingAndMarketingExpenses": 0,
    "sellingGeneralAndAdministrativeExpenses": 107826000,
    "otherExpenses": 16456000,
    "operatingExpenses": 124282000,
    "costAndExpenses": 1366574000,
    "interestIncome": 0,
    "interestExpense": 5624000,
    "depreciationAndAmortization": 5657000,
    "ebitda": 195998000,
    "ebitdaratio": 0.127307058,
    "operatingIncome": 172995000,
    "operatingIncomeRatio": 0.1123658634,
    "totalOtherIncomeExpensesNet": 12008000,
    "incomeBeforeTax": 185003000,
    "incomeBeforeTaxRatio": 0.1201654489,
    "incomeTaxExpense": 67611000,
    "netIncome": 117392000,
    "netIncomeRatio": 0.0762499115,
    "eps": 30.43,
    "epsdiluted": 28.46,
    "weightedAverageShsOut": 3858000,
    "weightedAverageShsOutDil": 4125000,
    "link": "https://www.sec.gov/Archives/edgar/data/906163/000156459016026452/0001564590-16-026452-index.htm",
    "finalLink": "https://www.sec.gov/Archives/edgar/data/906163/000156459016026452/nvr-10q_20160930.htm"
  },
  {
    "date": "2016-06-30",
    "symbol": "NVR",
    "reportedCurrency": "USD",
    "cik": "0000906163",
    "fillingDate": "2016-07-28",
    "acceptedDate": "2016-07-28 16:38:02",
    "calendarYear": "2016",
    "period": "Q2",
    "revenue": 1389620000,
    "costOfRevenue": 1126369000,
    "grossProfit": 263251000,
    "grossProfitRatio": 0.1894409983,
    "researchAndDevelopmentExpenses": 0,
    "generalAndAdministrativeExpenses": 114879000,
    "sellingAndMarketingExpenses": 0,
    "sellingGeneralAndAdministrativeExpenses": 114879000,
    "otherExpenses": 12290000,
    "operatingExpenses": 127169000,
    "costAndExpenses": 1253538000,
    "interestIncome": 1437000,
    "interestExpense": 4814000,
    "depreciationAndAmortization": 5487000,
    "ebitda": 154761000,
    "ebitdaratio": 0.1113692952,
    "operatingIncome": 136082000,
    "operatingIncomeRatio": 0.097927491,
    "totalOtherIncomeExpensesNet": 8638000,
    "incomeBeforeTax": 144720000,
    "incomeBeforeTaxRatio": 0.1041435788,
    "incomeTaxExpense": 53044000,
    "netIncome": 91676000,
    "netIncomeRatio": 0.0659719923,
    "eps": 23.51,
    "epsdiluted": 22.01,
    "weightedAverageShsOut": 3900000,
    "weightedAverageShsOutDil": 4165000,
    "link": "https://www.sec.gov/Archives/edgar/data/906163/000156459016021704/0001564590-16-021704-index.htm",
    "finalLink": "https://www.sec.gov/Archives/edgar/data/906163/000156459016021704/nvr-10q_20160630.htm"
  },
  {
    "date": "2016-03-31",
    "symbol": "NVR",
    "reportedCurrency": "USD",
    "cik": "0000906163",
    "fillingDate": "2016-04-29",
    "acceptedDate": "2016-04-29 14:39:45",
    "calendarYear": "2016",
    "period": "Q1",
    "revenue": 1145700000,
    "costOfRevenue": 925760000,
    "grossProfit": 219940000,
    "grossProfitRatio": 0.1919699747,
    "researchAndDevelopmentExpenses": 0,
    "generalAndAdministrativeExpenses": 112565000,
    "sellingAndMarketingExpenses": 0,
    "sellingGeneralAndAdministrativeExpenses": 112565000,
    "otherExpenses": 8879000,
    "operatingExpenses": 121444000,
    "costAndExpenses": 1047204000,
    "interestIncome": 1674000,
    "interestExpense": 5088000,
    "depreciationAndAmortization": 5447000,
    "ebitda": 113601000,
    "ebitdaratio": 0.0991542289,
    "operatingIncome": 98496000,
    "operatingIncomeRatio": 0.0859701493,
    "totalOtherIncomeExpensesNet": 4816000,
    "incomeBeforeTax": 103312000,
    "incomeBeforeTaxRatio": 0.0901736929,
    "incomeTaxExpense": 38009000,
    "netIncome": 65303000,
    "netIncomeRatio": 0.0569983416,
    "eps": 16.81,
    "epsdiluted": 15.79,
    "weightedAverageShsOut": 3884000,
    "weightedAverageShsOutDil": 4135000,
    "link": "https://www.sec.gov/Archives/edgar/data/906163/000156459016017128/0001564590-16-017128-index.htm",
    "finalLink": "https://www.sec.gov/Archives/edgar/data/906163/000156459016017128/nvr-10q_20160331.htm"
  },
  {
    "date": "2015-12-31",
    "symbol": "NVR",
    "reportedCurrency": "USD",
    "cik": "0000906163",
    "fillingDate": "2016-02-17",
    "acceptedDate": "2016-02-17 16:03:38",
    "calendarYear": "2015",
    "period": "Q4",
    "revenue": 1557407000,
    "costOfRevenue": 1238588000,
    "grossProfit": 318819000,
    "grossProfitRatio": 0.204711421,
    "researchAndDevelopmentExpenses": 0,
    "generalAndAdministrativeExpenses": 106914000,
    "sellingAndMarketingExpenses": 0,
    "sellingGeneralAndAdministrativeExpenses": 106914000,
    "otherExpenses": 13863000,
    "operatingExpenses": 120777000,
    "costAndExpenses": 1359365000,
    "interestIncome": 0,
    "interestExpense": 5604000,
    "depreciationAndAmortization": 5352000,
    "ebitda": 217940000,
    "ebitdaratio": 0.1399377298,
    "operatingIncome": 198042000,
    "operatingIncomeRatio": 0.127161365,
    "totalOtherIncomeExpensesNet": 9127000,
    "incomeBeforeTax": 207169000,
    "incomeBeforeTaxRatio": 0.133021747,
    "incomeTaxExpense": 73165000,
    "netIncome": 134004000,
    "netIncomeRatio": 0.0860430189,
    "eps": 34.23,
    "epsdiluted": 31.92,
    "weightedAverageShsOut": 3915000,
    "weightedAverageShsOutDil": 4198000,
    "link": "https://www.sec.gov/Archives/edgar/data/906163/000156459016012809/0001564590-16-012809-index.htm",
    "finalLink": "https://www.sec.gov/Archives/edgar/data/906163/000156459016012809/nvr-10k_20151231.htm"
  },
  {
    "date": "2015-09-30",
    "symbol": "NVR",
    "reportedCurrency": "USD",
    "cik": "0000906163",
    "fillingDate": "2015-11-06",
    "acceptedDate": "2015-11-06 14:06:58",
    "calendarYear": "2015",
    "period": "Q3",
    "revenue": 1404323000,
    "costOfRevenue": 1111672000,
    "grossProfit": 292651000,
    "grossProfitRatio": 0.2083929409,
    "researchAndDevelopmentExpenses": 0,
    "generalAndAdministrativeExpenses": 102580000,
    "sellingAndMarketingExpenses": 0,
    "sellingGeneralAndAdministrativeExpenses": 102580000,
    "otherExpenses": 15297000,
    "operatingExpenses": 117877000,
    "costAndExpenses": 1229549000,
    "interestIncome": 1972000,
    "interestExpense": 6081000,
    "depreciationAndAmortization": 5441000,
    "ebitda": 196337000,
    "ebitdaratio": 0.1398090041,
    "operatingIncome": 174774000,
    "operatingIncomeRatio": 0.1244542744,
    "totalOtherIncomeExpensesNet": 10222000,
    "incomeBeforeTax": 184996000,
    "incomeBeforeTaxRatio": 0.1317332266,
    "incomeTaxExpense": 68526000,
    "netIncome": 116470000,
    "netIncomeRatio": 0.0829367603,
    "eps": 28.75,
    "epsdiluted": 27.11,
    "weightedAverageShsOut": 4050000,
    "weightedAverageShsOutDil": 4296000,
    "link": "https://www.sec.gov/Archives/edgar/data/906163/000156459015009895/0001564590-15-009895-index.htm",
    "finalLink": "https://www.sec.gov/Archives/edgar/data/906163/000156459015009895/nvr-10q_20150930.htm"
  },
  {
    "date": "2015-06-30",
    "symbol": "NVR",
    "reportedCurrency": "USD",
    "cik": "0000906163",
    "fillingDate": "2015-07-30",
    "acceptedDate": "2015-07-30 08:51:01",
    "calendarYear": "2015",
    "period": "Q2",
    "revenue": 1244936000,
    "costOfRevenue": 986854000,
    "grossProfit": 258082000,
    "grossProfitRatio": 0.2073054358,
    "researchAndDevelopmentExpenses": 0,
    "generalAndAdministrativeExpenses": 104807000,
    "sellingAndMarketingExpenses": 0,
    "sellingGeneralAndAdministrativeExpenses": 104807000,
    "otherExpenses": 10210000,
    "operatingExpenses": 115017000,
    "costAndExpenses": 1101871000,
    "interestIncome": 1303000,
    "interestExpense": 5956000,
    "depreciationAndAmortization": 5460000,
    "ebitda": 159961000,
    "ebitdaratio": 0.128489336,
    "operatingIncome": 143065000,
    "operatingIncomeRatio": 0.114917554,
    "totalOtherIncomeExpensesNet": 5619000,
    "incomeBeforeTax": 148684000,
    "incomeBeforeTaxRatio": 0.119431039,
    "incomeTaxExpense": 55289000,
    "netIncome": 93395000,
    "netIncomeRatio": 0.0750199207,
    "eps": 22.97,
    "epsdiluted": 21.91,
    "weightedAverageShsOut": 4066000,
    "weightedAverageShsOutDil": 4262000,
    "link": "https://www.sec.gov/Archives/edgar/data/906163/000156459015005833/0001564590-15-005833-index.htm",
    "finalLink": "https://www.sec.gov/Archives/edgar/data/906163/000156459015005833/nvr-10q_20150630.htm"
  },
  {
    "date": "2015-03-31",
    "symbol": "NVR",
    "reportedCurrency": "USD",
    "cik": "0000906163",
    "fillingDate": "2015-05-01",
    "acceptedDate": "2015-05-01 09:58:24",
    "calendarYear": "2015",
    "period": "Q1",
    "revenue": 958827000,
    "costOfRevenue": 781668000,
    "grossProfit": 177159000,
    "grossProfitRatio": 0.1847663864,
    "researchAndDevelopmentExpenses": 0,
    "generalAndAdministrativeExpenses": 109708000,
    "sellingAndMarketingExpenses": 0,
    "sellingGeneralAndAdministrativeExpenses": 109708000,
    "otherExpenses": 5085000,
    "operatingExpenses": 114793000,
    "costAndExpenses": 896461000,
    "interestIncome": 1078000,
    "interestExpense": 5918000,
    "depreciationAndAmortization": 5281000,
    "ebitda": 73426000,
    "ebitdaratio": 0.0765789866,
    "operatingIncome": 62366000,
    "operatingIncomeRatio": 0.065044059,
    "totalOtherIncomeExpensesNet": -3000,
    "incomeBeforeTax": 62363000,
    "incomeBeforeTaxRatio": 0.0650409302,
    "incomeTaxExpense": 23305000,
    "netIncome": 39058000,
    "netIncomeRatio": 0.04073519,
    "eps": 9.63,
    "epsdiluted": 9.22,
    "weightedAverageShsOut": 4057000,
    "weightedAverageShsOutDil": 4235000,
    "link": "https://www.sec.gov/Archives/edgar/data/906163/000156459015003154/0001564590-15-003154-index.htm",
    "finalLink": "https://www.sec.gov/Archives/edgar/data/906163/000156459015003154/nvr-10q_20150331.htm"
  },
  {
    "date": "2014-12-31",
    "symbol": "NVR",
    "reportedCurrency": "USD",
    "cik": "0000906163",
    "fillingDate": "2015-02-19",
    "acceptedDate": "2015-02-19 15:22:09",
    "calendarYear": "2014",
    "period": "Q4",
    "revenue": 1329596000,
    "costOfRevenue": 1070601000,
    "grossProfit": 258995000,
    "grossProfitRatio": 0.1947922527,
    "researchAndDevelopmentExpenses": 0,
    "generalAndAdministrativeExpenses": 102707000,
    "sellingAndMarketingExpenses": 0,
    "sellingGeneralAndAdministrativeExpenses": 102707000,
    "otherExpenses": 10513000,
    "operatingExpenses": 113220000,
    "costAndExpenses": 1183821000,
    "interestIncome": 0,
    "interestExpense": 5848000,
    "depreciationAndAmortization": 5031000,
    "ebitda": 161951000,
    "ebitdaratio": 0.1218046685,
    "operatingIncome": 145775000,
    "operatingIncomeRatio": 0.1096385669,
    "totalOtherIncomeExpensesNet": 5449000,
    "incomeBeforeTax": 151224000,
    "incomeBeforeTaxRatio": 0.1137368043,
    "incomeTaxExpense": 51773000,
    "netIncome": 99451000,
    "netIncomeRatio": 0.0747979085,
    "eps": 24.22,
    "epsdiluted": 23.24,
    "weightedAverageShsOut": 4106000,
    "weightedAverageShsOutDil": 4279000,
    "link": "https://www.sec.gov/Archives/edgar/data/906163/000156459015000764/0001564590-15-000764-index.htm",
    "finalLink": "https://www.sec.gov/Archives/edgar/data/906163/000156459015000764/nvr-10k_20141231.htm"
  },
  {
    "date": "2014-09-30",
    "symbol": "NVR",
    "reportedCurrency": "USD",
    "cik": "0000906163",
    "fillingDate": "2014-10-30",
    "acceptedDate": "2014-10-30 16:50:00",
    "calendarYear": "2014",
    "period": "Q3",
    "revenue": 1204539000,
    "costOfRevenue": 960055000,
    "grossProfit": 244484000,
    "grossProfitRatio": 0.2029689367,
    "researchAndDevelopmentExpenses": 0,
    "generalAndAdministrativeExpenses": 96063000,
    "sellingAndMarketingExpenses": 0,
    "sellingGeneralAndAdministrativeExpenses": 96063000,
    "otherExpenses": 6292000,
    "operatingExpenses": 102355000,
    "costAndExpenses": 1062410000,
    "interestIncome": 1373000,
    "interestExpense": 5775000,
    "depreciationAndAmortization": 4657000,
    "ebitda": 154066000,
    "ebitdaratio": 0.1279045344,
    "operatingIncome": 142129000,
    "operatingIncomeRatio": 0.1179945191,
    "totalOtherIncomeExpensesNet": 1662000,
    "incomeBeforeTax": 143791000,
    "incomeBeforeTaxRatio": 0.1193743,
    "incomeTaxExpense": 53639000,
    "netIncome": 90152000,
    "netIncomeRatio": 0.0748435709,
    "eps": 21.49,
    "epsdiluted": 20.7,
    "weightedAverageShsOut": 4196000,
    "weightedAverageShsOutDil": 4354000,
    "link": "https://www.sec.gov/Archives/edgar/data/906163/000119312514389808/0001193125-14-389808-index.htm",
    "finalLink": "https://www.sec.gov/Archives/edgar/data/906163/000119312514389808/d787917d10q.htm"
  },
  {
    "date": "2014-06-30",
    "symbol": "NVR",
    "reportedCurrency": "USD",
    "cik": "0000906163",
    "fillingDate": "2014-08-01",
    "acceptedDate": "2014-08-01 12:33:31",
    "calendarYear": "2014",
    "period": "Q2",
    "revenue": 1102879000,
    "costOfRevenue": 882778000,
    "grossProfit": 220101000,
    "grossProfitRatio": 0.1995694904,
    "researchAndDevelopmentExpenses": 0,
    "generalAndAdministrativeExpenses": 106200000,
    "sellingAndMarketingExpenses": 0,
    "sellingGeneralAndAdministrativeExpenses": 106200000,
    "otherExpenses": 5730000,
    "operatingExpenses": 111930000,
    "costAndExpenses": 994708000,
    "interestIncome": 825000,
    "interestExpense": 5723000,
    "depreciationAndAmortization": 4216000,
    "ebitda": 118633000,
    "ebitdaratio": 0.1075666506,
    "operatingIncome": 108171000,
    "operatingIncomeRatio": 0.0980805691,
    "totalOtherIncomeExpensesNet": 653000,
    "incomeBeforeTax": 108824000,
    "incomeBeforeTaxRatio": 0.0986726558,
    "incomeTaxExpense": 40646000,
    "netIncome": 68178000,
    "netIncomeRatio": 0.0618182049,
    "eps": 15.68,
    "epsdiluted": 15.17,
    "weightedAverageShsOut": 4349000,
    "weightedAverageShsOutDil": 4495000,
    "link": "https://www.sec.gov/Archives/edgar/data/906163/000119312514291128/0001193125-14-291128-index.htm",
    "finalLink": "https://www.sec.gov/Archives/edgar/data/906163/000119312514291128/d742944d10q.htm"
  },
  {
    "date": "2014-03-31",
    "symbol": "NVR",
    "reportedCurrency": "USD",
    "cik": "0000906163",
    "fillingDate": "2014-05-02",
    "acceptedDate": "2014-05-02 16:03:55",
    "calendarYear": "2014",
    "period": "Q1",
    "revenue": 812494000,
    "costOfRevenue": 655152000,
    "grossProfit": 157342000,
    "grossProfitRatio": 0.1936531224,
    "researchAndDevelopmentExpenses": 0,
    "generalAndAdministrativeExpenses": 102897000,
    "sellingAndMarketingExpenses": 0,
    "sellingGeneralAndAdministrativeExpenses": 102897000,
    "otherExpenses": 45000,
    "operatingExpenses": 102942000,
    "costAndExpenses": 758094000,
    "interestIncome": 1184000,
    "interestExpense": 5794000,
    "depreciationAndAmortization": 3710000,
    "ebitda": 59101000,
    "ebitdaratio": 0.0727402295,
    "operatingIncome": 54400000,
    "operatingIncomeRatio": 0.0669543406,
    "totalOtherIncomeExpensesNet": -4693000,
    "incomeBeforeTax": 49707000,
    "incomeBeforeTaxRatio": 0.0611782979,
    "incomeTaxExpense": 25858000,
    "netIncome": 23849000,
    "netIncomeRatio": 0.0293528321,
    "eps": 5.34,
    "epsdiluted": 5.16,
    "weightedAverageShsOut": 4467000,
    "weightedAverageShsOutDil": 4620000,
    "link": "https://www.sec.gov/Archives/edgar/data/906163/000119312514180134/0001193125-14-180134-index.htm",
    "finalLink": "https://www.sec.gov/Archives/edgar/data/906163/000119312514180134/d700029d10q.htm"
  },
  {
    "date": "2013-12-31",
    "symbol": "NVR",
    "reportedCurrency": "USD",
    "cik": "0000906163",
    "fillingDate": "2014-02-20",
    "acceptedDate": "2014-02-20 15:46:01",
    "calendarYear": "2013",
    "period": "Q4",
    "revenue": 1243737000,
    "costOfRevenue": 1001415000,
    "grossProfit": 242322000,
    "grossProfitRatio": 0.1948337952,
    "researchAndDevelopmentExpenses": 0,
    "generalAndAdministrativeExpenses": 85734000,
    "sellingAndMarketingExpenses": 0,
    "sellingGeneralAndAdministrativeExpenses": 85734000,
    "otherExpenses": 6986000,
    "operatingExpenses": 92720000,
    "costAndExpenses": 1094135000,
    "interestIncome": 0,
    "interestExpense": 5763000,
    "depreciationAndAmortization": 4016000,
    "ebitda": 161599000,
    "ebitdaratio": 0.1299302023,
    "operatingIncome": 149602000,
    "operatingIncomeRatio": 0.1202842723,
    "totalOtherIncomeExpensesNet": 2218000,
    "incomeBeforeTax": 151820000,
    "incomeBeforeTaxRatio": 0.1220676075,
    "incomeTaxExpense": 54009000,
    "netIncome": 97811000,
    "netIncomeRatio": 0.078642832,
    "eps": 21.74,
    "epsdiluted": 21.15,
    "weightedAverageShsOut": 4500000,
    "weightedAverageShsOutDil": 4626000,
    "link": "https://www.sec.gov/Archives/edgar/data/906163/000119312514060606/0001193125-14-060606-index.htm",
    "finalLink": "https://www.sec.gov/Archives/edgar/data/906163/000119312514060606/d638517d10k.htm"
  },
  {
    "date": "2013-09-30",
    "symbol": "NVR",
    "reportedCurrency": "USD",
    "cik": "0000906163",
    "fillingDate": "2013-11-01",
    "acceptedDate": "2013-11-01 13:59:53",
    "calendarYear": "2013",
    "period": "Q3",
    "revenue": 1190363000,
    "costOfRevenue": 964416000,
    "grossProfit": 225947000,
    "grossProfitRatio": 0.1898135275,
    "researchAndDevelopmentExpenses": 0,
    "generalAndAdministrativeExpenses": 89923000,
    "sellingAndMarketingExpenses": 0,
    "sellingGeneralAndAdministrativeExpenses": 89923000,
    "otherExpenses": 10712000,
    "operatingExpenses": 100635000,
    "costAndExpenses": 1065051000,
    "interestIncome": 1396000,
    "interestExpense": 5682000,
    "depreciationAndAmortization": 3527000,
    "ebitda": 140642000,
    "ebitdaratio": 0.1181505138,
    "operatingIncome": 125312000,
    "operatingIncomeRatio": 0.1052720893,
    "totalOtherIncomeExpensesNet": 6278000,
    "incomeBeforeTax": 131590000,
    "incomeBeforeTaxRatio": 0.1105461107,
    "incomeTaxExpense": 48655000,
    "netIncome": 82935000,
    "netIncomeRatio": 0.0696720244,
    "eps": 18.08,
    "epsdiluted": 17.67,
    "weightedAverageShsOut": 4588000,
    "weightedAverageShsOutDil": 4695000,
    "link": "https://www.sec.gov/Archives/edgar/data/906163/000119312513422661/0001193125-13-422661-index.htm",
    "finalLink": "https://www.sec.gov/Archives/edgar/data/906163/000119312513422661/d596426d10q.htm"
  },
  {
    "date": "2013-06-30",
    "symbol": "NVR",
    "reportedCurrency": "USD",
    "cik": "0000906163",
    "fillingDate": "2013-07-30",
    "acceptedDate": "2013-07-30 15:35:58",
    "calendarYear": "2013",
    "period": "Q2",
    "revenue": 1010939000,
    "costOfRevenue": 834288000,
    "grossProfit": 176651000,
    "grossProfitRatio": 0.1747395243,
    "researchAndDevelopmentExpenses": 0,
    "generalAndAdministrativeExpenses": 92372000,
    "sellingAndMarketingExpenses": 0,
    "sellingGeneralAndAdministrativeExpenses": 92372000,
    "otherExpenses": 7379000,
    "operatingExpenses": 99751000,
    "costAndExpenses": 934039000,
    "interestIncome": 1047000,
    "interestExpense": 5374000,
    "depreciationAndAmortization": 3076000,
    "ebitda": 88631000,
    "ebitdaratio": 0.0876719565,
    "operatingIncome": 76900000,
    "operatingIncomeRatio": 0.0760678933,
    "totalOtherIncomeExpensesNet": 3281000,
    "incomeBeforeTax": 80181000,
    "incomeBeforeTaxRatio": 0.0793133908,
    "incomeTaxExpense": 29491000,
    "netIncome": 50690000,
    "netIncomeRatio": 0.0501415021,
    "eps": 10.37,
    "epsdiluted": 10.11,
    "weightedAverageShsOut": 4889000,
    "weightedAverageShsOutDil": 5013000,
    "link": "https://www.sec.gov/Archives/edgar/data/906163/000119312513310039/0001193125-13-310039-index.htm",
    "finalLink": "https://www.sec.gov/Archives/edgar/data/906163/000119312513310039/d540338d10q.htm"
  },
  {
    "date": "2013-03-31",
    "symbol": "NVR",
    "reportedCurrency": "USD",
    "cik": "0000906163",
    "fillingDate": "2013-04-29",
    "acceptedDate": "2013-04-29 12:09:34",
    "calendarYear": "2013",
    "period": "Q1",
    "revenue": 771211000,
    "costOfRevenue": 624085000,
    "grossProfit": 147126000,
    "grossProfitRatio": 0.1907726939,
    "researchAndDevelopmentExpenses": 0,
    "generalAndAdministrativeExpenses": 87594000,
    "sellingAndMarketingExpenses": 0,
    "sellingGeneralAndAdministrativeExpenses": 87594000,
    "otherExpenses": 10136000,
    "operatingExpenses": 97730000,
    "costAndExpenses": 721815000,
    "interestIncome": 955000,
    "interestExpense": 5566000,
    "depreciationAndAmortization": 2772000,
    "ebitda": 63443000,
    "ebitdaratio": 0.0822641275,
    "operatingIncome": 49396000,
    "operatingIncomeRatio": 0.0640499163,
    "totalOtherIncomeExpensesNet": 5709000,
    "incomeBeforeTax": 55105000,
    "incomeBeforeTaxRatio": 0.0714525597,
    "incomeTaxExpense": 20064000,
    "netIncome": 35041000,
    "netIncomeRatio": 0.0454363332,
    "eps": 7.04,
    "epsdiluted": 6.84,
    "weightedAverageShsOut": 4979000,
    "weightedAverageShsOutDil": 5122000,
    "link": "https://www.sec.gov/Archives/edgar/data/906163/000119312513180722/0001193125-13-180722-index.htm",
    "finalLink": "https://www.sec.gov/Archives/edgar/data/906163/000119312513180722/d504904d10q.htm"
  },
  {
    "date": "2012-12-31",
    "symbol": "NVR",
    "reportedCurrency": "USD",
    "cik": "0000906163",
    "fillingDate": "2013-02-19",
    "acceptedDate": "2013-02-19 15:22:17",
    "calendarYear": "2012",
    "period": "Q4",
    "revenue": 945824000,
    "costOfRevenue": 756396000,
    "grossProfit": 189428000,
    "grossProfitRatio": 0.2002782759,
    "researchAndDevelopmentExpenses": 0,
    "generalAndAdministrativeExpenses": 88447000,
    "sellingAndMarketingExpenses": 0,
    "sellingGeneralAndAdministrativeExpenses": 88447000,
    "otherExpenses": 34154000,
    "operatingExpenses": 122601000,
    "costAndExpenses": 878997000,
    "interestIncome": 0,
    "interestExpense": 5495000,
    "depreciationAndAmortization": 2278000,
    "ebitda": 103804000,
    "ebitdaratio": 0.1097498055,
    "operatingIncome": 91707000,
    "operatingIncomeRatio": 0.0969598995,
    "totalOtherIncomeExpensesNet": 4324000,
    "incomeBeforeTax": 96031000,
    "incomeBeforeTaxRatio": 0.1015315746,
    "incomeTaxExpense": 35404000,
    "netIncome": 60627000,
    "netIncomeRatio": 0.0640996634,
    "eps": 12.38,
    "epsdiluted": 11.98,
    "weightedAverageShsOut": 4897000,
    "weightedAverageShsOutDil": 5060000,
    "link": "https://www.sec.gov/Archives/edgar/data/906163/000119312513065025/0001193125-13-065025-index.htm",
    "finalLink": "https://www.sec.gov/Archives/edgar/data/906163/000119312513065025/d446058d10k.htm"
  },
  {
    "date": "2012-09-30",
    "symbol": "NVR",
    "reportedCurrency": "USD",
    "cik": "0000906163",
    "fillingDate": "2012-11-01",
    "acceptedDate": "2012-11-01 11:51:10",
    "calendarYear": "2012",
    "period": "Q3",
    "revenue": 871662000,
    "costOfRevenue": 702436000,
    "grossProfit": 169226000,
    "grossProfitRatio": 0.194141766,
    "researchAndDevelopmentExpenses": 0,
    "generalAndAdministrativeExpenses": 84342000,
    "sellingAndMarketingExpenses": 0,
    "sellingGeneralAndAdministrativeExpenses": 84342000,
    "otherExpenses": 8878000,
    "operatingExpenses": 93220000,
    "costAndExpenses": 795656000,
    "interestIncome": 1025000,
    "interestExpense": 1511000,
    "depreciationAndAmortization": 2092000,
    "ebitda": 87736000,
    "ebitdaratio": 0.1006536937,
    "operatingIncome": 85644000,
    "operatingIncomeRatio": 0.0982536809,
    "totalOtherIncomeExpensesNet": -1511000,
    "incomeBeforeTax": 84133000,
    "incomeBeforeTaxRatio": 0.0965202108,
    "incomeTaxExpense": 31133000,
    "netIncome": 53000000,
    "netIncomeRatio": 0.0608033848,
    "eps": 10.6,
    "epsdiluted": 10.33,
    "weightedAverageShsOut": 4999000,
    "weightedAverageShsOutDil": 5132000,
    "link": "https://www.sec.gov/Archives/edgar/data/906163/000119312512445784/0001193125-12-445784-index.htm",
    "finalLink": "https://www.sec.gov/Archives/edgar/data/906163/000119312512445784/d405239d10q.htm"
  },
  {
    "date": "2012-06-30",
    "symbol": "NVR",
    "reportedCurrency": "USD",
    "cik": "0000906163",
    "fillingDate": "2012-07-27",
    "acceptedDate": "2012-07-27 13:35:51",
    "calendarYear": "2012",
    "period": "Q2",
    "revenue": 770598000,
    "costOfRevenue": 624978000,
    "grossProfit": 145620000,
    "grossProfitRatio": 0.1889701245,
    "researchAndDevelopmentExpenses": 0,
    "generalAndAdministrativeExpenses": 82081000,
    "sellingAndMarketingExpenses": 0,
    "sellingGeneralAndAdministrativeExpenses": 82081000,
    "otherExpenses": 6443000,
    "operatingExpenses": 88524000,
    "costAndExpenses": 713502000,
    "interestIncome": 815000,
    "interestExpense": 258000,
    "depreciationAndAmortization": 1925000,
    "ebitda": 66138000,
    "ebitdaratio": 0.0858268514,
    "operatingIncome": 64213000,
    "operatingIncomeRatio": 0.0833287914,
    "totalOtherIncomeExpensesNet": -258000,
    "incomeBeforeTax": 63955000,
    "incomeBeforeTaxRatio": 0.0829939865,
    "incomeTaxExpense": 17117000,
    "netIncome": 46838000,
    "netIncomeRatio": 0.0607813672,
    "eps": 9.17,
    "epsdiluted": 8.97,
    "weightedAverageShsOut": 5106000,
    "weightedAverageShsOutDil": 5221000,
    "link": "https://www.sec.gov/Archives/edgar/data/906163/000119312512319060/0001193125-12-319060-index.htm",
    "finalLink": "https://www.sec.gov/Archives/edgar/data/906163/000119312512319060/d359030d10q.htm"
  },
  {
    "date": "2012-03-31",
    "symbol": "NVR",
    "reportedCurrency": "USD",
    "cik": "0000906163",
    "fillingDate": "2012-04-27",
    "acceptedDate": "2012-04-27 15:16:40",
    "calendarYear": "2012",
    "period": "Q1",
    "revenue": 602157000,
    "costOfRevenue": 491829000,
    "grossProfit": 110328000,
    "grossProfitRatio": 0.1832213194,
    "researchAndDevelopmentExpenses": 0,
    "generalAndAdministrativeExpenses": 80089000,
    "sellingAndMarketingExpenses": 0,
    "sellingGeneralAndAdministrativeExpenses": 80089000,
    "otherExpenses": 7141000,
    "operatingExpenses": 87230000,
    "costAndExpenses": 579059000,
    "interestIncome": 1665000,
    "interestExpense": 265000,
    "depreciationAndAmortization": 1805000,
    "ebitda": 33028000,
    "ebitdaratio": 0.0548494828,
    "operatingIncome": 31223000,
    "operatingIncomeRatio": 0.0518519257,
    "totalOtherIncomeExpensesNet": -265000,
    "incomeBeforeTax": 30958000,
    "incomeBeforeTaxRatio": 0.0514118411,
    "incomeTaxExpense": 10835000,
    "netIncome": 20123000,
    "netIncomeRatio": 0.0334181949,
    "eps": 3.99,
    "epsdiluted": 3.9,
    "weightedAverageShsOut": 5044000,
    "weightedAverageShsOutDil": 5159000,
    "link": "https://www.sec.gov/Archives/edgar/data/906163/000119312512190645/0001193125-12-190645-index.htm",
    "finalLink": "https://www.sec.gov/Archives/edgar/data/906163/000119312512190645/d317446d10q.htm"
  },
  {
    "date": "2011-12-31",
    "symbol": "NVR",
    "reportedCurrency": "USD",
    "cik": "0000906163",
    "fillingDate": "2012-02-22",
    "acceptedDate": "2012-02-22 17:03:03",
    "calendarYear": "2011",
    "period": "Q4",
    "revenue": 742072000,
    "costOfRevenue": 616722000,
    "grossProfit": 125350000,
    "grossProfitRatio": 0.1689189189,
    "researchAndDevelopmentExpenses": 0,
    "generalAndAdministrativeExpenses": 76449000,
    "sellingAndMarketingExpenses": 0,
    "sellingGeneralAndAdministrativeExpenses": 76449000,
    "otherExpenses": 21950000,
    "operatingExpenses": 98399000,
    "costAndExpenses": 715121000,
    "interestIncome": 1913000,
    "interestExpense": 369000,
    "depreciationAndAmortization": 1724000,
    "ebitda": 52538000,
    "ebitdaratio": 0.0707990599,
    "operatingIncome": 44154000,
    "operatingIncomeRatio": 0.0595009649,
    "totalOtherIncomeExpensesNet": 23494000,
    "incomeBeforeTax": 50445000,
    "incomeBeforeTaxRatio": 0.0679785789,
    "incomeTaxExpense": 18053000,
    "netIncome": 32392000,
    "netIncomeRatio": 0.0436507509,
    "eps": 6.51,
    "epsdiluted": 6.32,
    "weightedAverageShsOut": 4979000,
    "weightedAverageShsOutDil": 5126000,
    "link": "https://www.sec.gov/Archives/edgar/data/906163/000119312512072956/0001193125-12-072956-index.htm",
    "finalLink": "https://www.sec.gov/Archives/edgar/data/906163/000119312512072956/d250145d10k.htm"
  },
  {
    "date": "2011-09-30",
    "symbol": "NVR",
    "reportedCurrency": "USD",
    "cik": "0000906163",
    "fillingDate": "2011-10-28",
    "acceptedDate": "2011-10-28 16:59:46",
    "calendarYear": "2011",
    "period": "Q3",
    "revenue": 708469000,
    "costOfRevenue": 572382000,
    "grossProfit": 136087000,
    "grossProfitRatio": 0.1920860334,
    "researchAndDevelopmentExpenses": 0,
    "generalAndAdministrativeExpenses": 68258000,
    "sellingAndMarketingExpenses": 0,
    "sellingGeneralAndAdministrativeExpenses": 68258000,
    "otherExpenses": -1589000,
    "operatingExpenses": 66669000,
    "costAndExpenses": 640640000,
    "interestIncome": 1589000,
    "interestExpense": 476000,
    "depreciationAndAmortization": 1712000,
    "ebitda": 71130000,
    "ebitdaratio": 0.1003995941,
    "operatingIncome": 69418000,
    "operatingIncomeRatio": 0.0979831157,
    "totalOtherIncomeExpensesNet": -476000,
    "incomeBeforeTax": 68942000,
    "incomeBeforeTaxRatio": 0.0973112444,
    "incomeTaxExpense": 25533000,
    "netIncome": 43409000,
    "netIncomeRatio": 0.0612715588,
    "eps": 8.19,
    "epsdiluted": 7.98,
    "weightedAverageShsOut": 5301000,
    "weightedAverageShsOutDil": 5437000,
    "link": "https://www.sec.gov/Archives/edgar/data/906163/000119312511286412/0001193125-11-286412-index.htm",
    "finalLink": "https://www.sec.gov/Archives/edgar/data/906163/000119312511286412/d244973d10q.htm"
  },
  {
    "date": "2011-06-30",
    "symbol": "NVR",
    "reportedCurrency": "USD",
    "cik": "0000906163",
    "fillingDate": "2011-08-08",
    "acceptedDate": "2011-08-08 11:06:21",
    "calendarYear": "2011",
    "period": "Q2",
    "revenue": 697364000,
    "costOfRevenue": 558601000,
    "grossProfit": 138763000,
    "grossProfitRatio": 0.1989821671,
    "researchAndDevelopmentExpenses": 0,
    "generalAndAdministrativeExpenses": 75943000,
    "sellingAndMarketingExpenses": 0,
    "sellingGeneralAndAdministrativeExpenses": 75943000,
    "otherExpenses": -1085000,
    "operatingExpenses": 74858000,
    "costAndExpenses": 634544000,
    "interestIncome": 1085000,
    "interestExpense": 551000,
    "depreciationAndAmortization": 1638000,
    "ebitda": 65543000,
    "ebitdaratio": 0.0939867845,
    "operatingIncome": 63905000,
    "operatingIncomeRatio": 0.0916379394,
    "totalOtherIncomeExpensesNet": -551000,
    "incomeBeforeTax": 63354000,
    "incomeBeforeTaxRatio": 0.0908478212,
    "incomeTaxExpense": 24909000,
    "netIncome": 38445000,
    "netIncomeRatio": 0.0551290287,
    "eps": 6.65,
    "epsdiluted": 6.48,
    "weightedAverageShsOut": 5785000,
    "weightedAverageShsOutDil": 5929000,
    "link": "https://www.sec.gov/Archives/edgar/data/906163/000095012311074182/0000950123-11-074182-index.htm",
    "finalLink": "https://www.sec.gov/Archives/edgar/data/906163/000095012311074182/w82899e10vq.htm"
  },
  {
    "date": "2011-03-31",
    "symbol": "NVR",
    "reportedCurrency": "USD",
    "cik": "0000906163",
    "fillingDate": "2011-05-03",
    "acceptedDate": "2011-05-03 15:13:22",
    "calendarYear": "2011",
    "period": "Q1",
    "revenue": 517116000,
    "costOfRevenue": 417920000,
    "grossProfit": 99196000,
    "grossProfitRatio": 0.1918254318,
    "researchAndDevelopmentExpenses": 0,
    "generalAndAdministrativeExpenses": 73865000,
    "sellingAndMarketingExpenses": 0,
    "sellingGeneralAndAdministrativeExpenses": 73865000,
    "otherExpenses": 0,
    "operatingExpenses": 73865000,
    "costAndExpenses": 491785000,
    "interestIncome": 1115000,
    "interestExpense": 496000,
    "depreciationAndAmortization": 1598000,
    "ebitda": 26929000,
    "ebitdaratio": 0.0520753564,
    "operatingIncome": 25331000,
    "operatingIncomeRatio": 0.0489851407,
    "totalOtherIncomeExpensesNet": -496000,
    "incomeBeforeTax": 24835000,
    "incomeBeforeTaxRatio": 0.0480259748,
    "incomeTaxExpense": 9661000,
    "netIncome": 15174000,
    "netIncomeRatio": 0.0293435129,
    "eps": 2.61,
    "epsdiluted": 2.52,
    "weightedAverageShsOut": 5823000,
    "weightedAverageShsOutDil": 6020000,
    "link": "https://www.sec.gov/Archives/edgar/data/906163/000095012311043785/0000950123-11-043785-index.htm",
    "finalLink": "https://www.sec.gov/Archives/edgar/data/906163/000095012311043785/w82124e10vq.htm"
  },
  {
    "date": "2010-12-31",
    "symbol": "NVR",
    "reportedCurrency": "USD",
    "cik": "0000906163",
    "fillingDate": "2011-02-25",
    "acceptedDate": "2011-02-25 11:42:28",
    "calendarYear": "2010",
    "period": "Q4",
    "revenue": 812729000,
    "costOfRevenue": 654965000,
    "grossProfit": 157764000,
    "grossProfitRatio": 0.194116366,
    "researchAndDevelopmentExpenses": 0,
    "generalAndAdministrativeExpenses": 72236000,
    "sellingAndMarketingExpenses": 0,
    "sellingGeneralAndAdministrativeExpenses": 72236000,
    "otherExpenses": 0,
    "operatingExpenses": 72236000,
    "costAndExpenses": 727201000,
    "interestIncome": -2195000,
    "interestExpense": 623000,
    "depreciationAndAmortization": 1715000,
    "ebitda": 88851000,
    "ebitdaratio": 0.1093242643,
    "operatingIncome": 87136000,
    "operatingIncomeRatio": 0.1072140898,
    "totalOtherIncomeExpensesNet": -623000,
    "incomeBeforeTax": 86513000,
    "incomeBeforeTaxRatio": 0.1064475366,
    "incomeTaxExpense": 27815000,
    "netIncome": 58698000,
    "netIncomeRatio": 0.0722233364,
    "eps": 10.08,
    "epsdiluted": 10.08,
    "weightedAverageShsOut": 5638000,
    "weightedAverageShsOutDil": 5823000,
    "link": "https://www.sec.gov/Archives/edgar/data/906163/000095012311018386/0000950123-11-018386-index.htm",
    "finalLink": "https://www.sec.gov/Archives/edgar/data/906163/000095012311018386/w79861e10vk.htm"
  },
  {
    "date": "2010-09-30",
    "symbol": "NVR",
    "reportedCurrency": "USD",
    "cik": "0000906163",
    "fillingDate": "2010-11-03",
    "acceptedDate": "2010-11-03 15:30:11",
    "calendarYear": "2010",
    "period": "Q3",
    "revenue": 681188000,
    "costOfRevenue": 540783000,
    "grossProfit": 140405000,
    "grossProfitRatio": 0.2061178412,
    "researchAndDevelopmentExpenses": 0,
    "generalAndAdministrativeExpenses": 74737000,
    "sellingAndMarketingExpenses": 0,
    "sellingGeneralAndAdministrativeExpenses": 74737000,
    "otherExpenses": 0,
    "operatingExpenses": 74737000,
    "costAndExpenses": 615520000,
    "interestIncome": 1555000,
    "interestExpense": 778000,
    "depreciationAndAmortization": 1820000,
    "ebitda": 67488000,
    "ebitdaratio": 0.0990739708,
    "operatingIncome": 65668000,
    "operatingIncomeRatio": 0.096402168,
    "totalOtherIncomeExpensesNet": -778000,
    "incomeBeforeTax": 64890000,
    "incomeBeforeTaxRatio": 0.0952600457,
    "incomeTaxExpense": 20946000,
    "netIncome": 43944000,
    "netIncomeRatio": 0.0645108252,
    "eps": 7.65,
    "epsdiluted": 7.31,
    "weightedAverageShsOut": 5748000,
    "weightedAverageShsOutDil": 6011000,
    "link": "https://www.sec.gov/Archives/edgar/data/906163/000095012310100067/0000950123-10-100067-index.htm",
    "finalLink": "https://www.sec.gov/Archives/edgar/data/906163/000095012310100067/w79957e10vq.htm"
  },
  {
    "date": "2010-06-30",
    "symbol": "NVR",
    "reportedCurrency": "USD",
    "cik": "0000906163",
    "fillingDate": "2010-08-02",
    "acceptedDate": "2010-08-02 16:54:03",
    "calendarYear": "2010",
    "period": "Q2",
    "revenue": 966847000,
    "costOfRevenue": 771475000,
    "grossProfit": 195372000,
    "grossProfitRatio": 0.2020712688,
    "researchAndDevelopmentExpenses": 0,
    "generalAndAdministrativeExpenses": 76412000,
    "sellingAndMarketingExpenses": 0,
    "sellingGeneralAndAdministrativeExpenses": 76412000,
    "otherExpenses": 0,
    "operatingExpenses": 76412000,
    "costAndExpenses": 847887000,
    "interestIncome": 1492000,
    "interestExpense": 2193000,
    "depreciationAndAmortization": 1847000,
    "ebitda": 122299000,
    "ebitdaratio": 0.1264926095,
    "operatingIncome": 119751000,
    "operatingIncomeRatio": 0.123857239,
    "totalOtherIncomeExpensesNet": -2193000,
    "incomeBeforeTax": 118259000,
    "incomeBeforeTaxRatio": 0.1223140786,
    "incomeTaxExpense": 46983000,
    "netIncome": 71276000,
    "netIncomeRatio": 0.0737200405,
    "eps": 11.64,
    "epsdiluted": 11.13,
    "weightedAverageShsOut": 6123000,
    "weightedAverageShsOutDil": 6405000,
    "link": "https://www.sec.gov/Archives/edgar/data/906163/000095012310071166/0000950123-10-071166-index.htm",
    "finalLink": "https://www.sec.gov/Archives/edgar/data/906163/000095012310071166/w78810e10vq.htm"
  },
  {
    "date": "2010-03-31",
    "symbol": "NVR",
    "reportedCurrency": "USD",
    "cik": "0000906163",
    "fillingDate": "2010-05-03",
    "acceptedDate": "2010-05-03 12:34:55",
    "calendarYear": "2010",
    "period": "Q1",
    "revenue": 592749000,
    "costOfRevenue": 471069000,
    "grossProfit": 121680000,
    "grossProfitRatio": 0.2052808187,
    "researchAndDevelopmentExpenses": 0,
    "generalAndAdministrativeExpenses": 67270000,
    "sellingAndMarketingExpenses": 0,
    "sellingGeneralAndAdministrativeExpenses": 67270000,
    "otherExpenses": 0,
    "operatingExpenses": 67270000,
    "costAndExpenses": 538339000,
    "interestIncome": 756000,
    "interestExpense": 2435000,
    "depreciationAndAmortization": 1881000,
    "ebitda": 57047000,
    "ebitdaratio": 0.0962414108,
    "operatingIncome": 53487000,
    "operatingIncomeRatio": 0.090235496,
    "totalOtherIncomeExpensesNet": -2435000,
    "incomeBeforeTax": 52731000,
    "incomeBeforeTaxRatio": 0.0889600826,
    "incomeTaxExpense": 20644000,
    "netIncome": 32087000,
    "netIncomeRatio": 0.0541325249,
    "eps": 5.29,
    "epsdiluted": 5.01,
    "weightedAverageShsOut": 6066000,
    "weightedAverageShsOutDil": 6399000,
    "link": "https://www.sec.gov/Archives/edgar/data/906163/000095012310042506/0000950123-10-042506-index.htm",
    "finalLink": "https://www.sec.gov/Archives/edgar/data/906163/000095012310042506/w78293e10vq.htm"
  },
  {
    "date": "2009-12-31",
    "symbol": "NVR",
    "reportedCurrency": "USD",
    "cik": "0000906163",
    "fillingDate": "2010-02-26",
    "acceptedDate": "2010-02-26 15:16:20",
    "calendarYear": "2009",
    "period": "Q4",
    "revenue": 745802000,
    "costOfRevenue": 592221000,
    "grossProfit": 153581000,
    "grossProfitRatio": 0.2059273105,
    "researchAndDevelopmentExpenses": 0,
    "generalAndAdministrativeExpenses": 69887000,
    "sellingAndMarketingExpenses": 0,
    "sellingGeneralAndAdministrativeExpenses": 69887000,
    "otherExpenses": 0,
    "operatingExpenses": 69887000,
    "costAndExpenses": 662108000,
    "interestIncome": 897000,
    "interestExpense": 2421000,
    "depreciationAndAmortization": 2017000,
    "ebitda": 88965000,
    "ebitdaratio": 0.119287693,
    "operatingIncome": 86948000,
    "operatingIncomeRatio": 0.1165832218,
    "totalOtherIncomeExpensesNet": -2421000,
    "incomeBeforeTax": 84527000,
    "incomeBeforeTaxRatio": 0.1133370519,
    "incomeTaxExpense": 23888000,
    "netIncome": 60639000,
    "netIncomeRatio": 0.081307103,
    "eps": 10,
    "epsdiluted": 10,
    "weightedAverageShsOut": 5942000,
    "weightedAverageShsOutDil": 6066000,
    "link": "https://www.sec.gov/Archives/edgar/data/906163/000095012310018033/0000950123-10-018033-index.htm",
    "finalLink": "https://www.sec.gov/Archives/edgar/data/906163/000095012310018033/w77487e10vk.htm"
  },
  {
    "date": "2009-09-30",
    "symbol": "NVR",
    "reportedCurrency": "USD",
    "cik": "0000906163",
    "fillingDate": "2009-11-03",
    "acceptedDate": "2009-11-03 13:46:24",
    "calendarYear": "2009",
    "period": "Q3",
    "revenue": 816453000,
    "costOfRevenue": 636642000,
    "grossProfit": 179811000,
    "grossProfitRatio": 0.2202343552,
    "researchAndDevelopmentExpenses": 0,
    "generalAndAdministrativeExpenses": 64148000,
    "sellingAndMarketingExpenses": 0,
    "sellingGeneralAndAdministrativeExpenses": 64148000,
    "otherExpenses": -887000,
    "operatingExpenses": 63261000,
    "costAndExpenses": 700790000,
    "interestIncome": 887000,
    "interestExpense": 3110000,
    "depreciationAndAmortization": 2719000,
    "ebitda": 119269000,
    "ebitdaratio": 0.1460818933,
    "operatingIncome": 101428000,
    "operatingIncomeRatio": 0.1242300537,
    "totalOtherIncomeExpensesNet": 12012000,
    "incomeBeforeTax": 113440000,
    "incomeBeforeTaxRatio": 0.1389424743,
    "incomeTaxExpense": 41313000,
    "netIncome": 72127000,
    "netIncomeRatio": 0.0883418886,
    "eps": 12.29,
    "epsdiluted": 11.59,
    "weightedAverageShsOut": 5866000,
    "weightedAverageShsOutDil": 6223000,
    "link": "https://www.sec.gov/Archives/edgar/data/906163/000095012309056769/0000950123-09-056769-index.htm",
    "finalLink": "https://www.sec.gov/Archives/edgar/data/906163/000095012309056769/w76110e10vq.htm"
  },
  {
    "date": "2009-06-30",
    "symbol": "NVR",
    "reportedCurrency": "USD",
    "cik": "0000906163",
    "fillingDate": "2009-07-29",
    "acceptedDate": "2009-07-29 16:24:43",
    "calendarYear": "2009",
    "period": "Q2",
    "revenue": 627946000,
    "costOfRevenue": 494240000,
    "grossProfit": 133706000,
    "grossProfitRatio": 0.2129259522,
    "researchAndDevelopmentExpenses": 0,
    "generalAndAdministrativeExpenses": 61139000,
    "sellingAndMarketingExpenses": 0,
    "sellingGeneralAndAdministrativeExpenses": 61139000,
    "otherExpenses": 0,
    "operatingExpenses": 61139000,
    "costAndExpenses": 555379000,
    "interestIncome": 611000,
    "interestExpense": 2738000,
    "depreciationAndAmortization": 2396000,
    "ebitda": 74963000,
    "ebitdaratio": 0.1193780994,
    "operatingIncome": 135163000,
    "operatingIncomeRatio": 0.2152462154,
    "totalOtherIncomeExpensesNet": -2738000,
    "incomeBeforeTax": 69829000,
    "incomeBeforeTaxRatio": 0.1112022371,
    "incomeTaxExpense": 28403000,
    "netIncome": 41426000,
    "netIncomeRatio": 0.0659706408,
    "eps": 7.17,
    "epsdiluted": 6.79,
    "weightedAverageShsOut": 5777000,
    "weightedAverageShsOutDil": 6101000,
    "link": "https://www.sec.gov/Archives/edgar/data/906163/000095012309026998/0000950123-09-026998-index.htm",
    "finalLink": "https://www.sec.gov/Archives/edgar/data/906163/000095012309026998/w75021e10vq.htm"
  },
  {
    "date": "2009-03-31",
    "symbol": "NVR",
    "reportedCurrency": "USD",
    "cik": "0000906163",
    "fillingDate": "2009-05-11",
    "acceptedDate": "2009-05-11 09:28:18",
    "calendarYear": "2009",
    "period": "Q1",
    "revenue": 561811000,
    "costOfRevenue": 462630000,
    "grossProfit": 99181000,
    "grossProfitRatio": 0.1765380172,
    "researchAndDevelopmentExpenses": 0,
    "generalAndAdministrativeExpenses": 65452000,
    "sellingAndMarketingExpenses": 0,
    "sellingGeneralAndAdministrativeExpenses": 65452000,
    "otherExpenses": 0,
    "operatingExpenses": 65452000,
    "costAndExpenses": 528082000,
    "interestIncome": 584000,
    "interestExpense": 3111000,
    "depreciationAndAmortization": 2581000,
    "ebitda": 36310000,
    "ebitdaratio": 0.064630276,
    "operatingIncome": 33729000,
    "operatingIncomeRatio": 0.0600362043,
    "totalOtherIncomeExpensesNet": -3111000,
    "incomeBeforeTax": 30618000,
    "incomeBeforeTaxRatio": 0.0544987549,
    "incomeTaxExpense": 12630000,
    "netIncome": 17988000,
    "netIncomeRatio": 0.032017885,
    "eps": 3.19,
    "epsdiluted": 3.02,
    "weightedAverageShsOut": 5642000,
    "weightedAverageShsOutDil": 5958000,
    "link": "https://www.sec.gov/Archives/edgar/data/906163/000095013309001554/0000950133-09-001554-index.htm",
    "finalLink": "https://www.sec.gov/Archives/edgar/data/906163/000095013309001554/w73939e10vq.htm"
  },
  {
    "date": "2008-12-31",
    "symbol": "NVR",
    "reportedCurrency": "USD",
    "cik": "0000906163",
    "fillingDate": "2009-02-25",
    "acceptedDate": "2009-02-25 15:32:04",
    "calendarYear": "2008",
    "period": "Q4",
    "revenue": 910174000,
    "costOfRevenue": 875779000,
    "grossProfit": 34395000,
    "grossProfitRatio": 0.0377894776,
    "researchAndDevelopmentExpenses": 0,
    "generalAndAdministrativeExpenses": 75662000,
    "sellingAndMarketingExpenses": 0,
    "sellingGeneralAndAdministrativeExpenses": 75662000,
    "otherExpenses": -6590000,
    "operatingExpenses": 69072000,
    "costAndExpenses": 942041000,
    "interestIncome": 1347000,
    "interestExpense": 3382000,
    "depreciationAndAmortization": 2929000,
    "ebitda": -28938000,
    "ebitdaratio": -0.0317939207,
    "operatingIncome": -31867000,
    "operatingIncomeRatio": -0.0350119867,
    "totalOtherIncomeExpensesNet": -20877000,
    "incomeBeforeTax": -52744000,
    "incomeBeforeTaxRatio": -0.0579493591,
    "incomeTaxExpense": -22287000,
    "netIncome": -30457000,
    "netIncomeRatio": -0.0334628324,
    "eps": -5.54,
    "epsdiluted": -5.4,
    "weightedAverageShsOut": 5496000,
    "weightedAverageShsOutDil": 5642000,
    "link": "https://www.sec.gov/Archives/edgar/data/906163/000095013309000438/0000950133-09-000438-index.htm",
    "finalLink": "https://www.sec.gov/Archives/edgar/data/906163/000095013309000438/w72880e10vk.htm"
  },
  {
    "date": "2008-09-30",
    "symbol": "NVR",
    "reportedCurrency": "USD",
    "cik": "0000906163",
    "fillingDate": "2008-11-03",
    "acceptedDate": "2008-11-03 16:31:34",
    "calendarYear": "2008",
    "period": "Q3",
    "revenue": 939211000,
    "costOfRevenue": 805931000,
    "grossProfit": 133280000,
    "grossProfitRatio": 0.1419063448,
    "researchAndDevelopmentExpenses": 0,
    "generalAndAdministrativeExpenses": 74557000,
    "sellingAndMarketingExpenses": 0,
    "sellingGeneralAndAdministrativeExpenses": 74557000,
    "otherExpenses": 0,
    "operatingExpenses": 74557000,
    "costAndExpenses": 880488000,
    "interestIncome": 929000,
    "interestExpense": 3489000,
    "depreciationAndAmortization": 3249000,
    "ebitda": 67345000,
    "ebitdaratio": 0.0717038024,
    "operatingIncome": 58723000,
    "operatingIncomeRatio": 0.0625237566,
    "totalOtherIncomeExpensesNet": 1884000,
    "incomeBeforeTax": 60607000,
    "incomeBeforeTaxRatio": 0.0645296957,
    "incomeTaxExpense": 24056000,
    "netIncome": 36551000,
    "netIncomeRatio": 0.0389167077,
    "eps": 6.72,
    "epsdiluted": 6.12,
    "weightedAverageShsOut": 5438000,
    "weightedAverageShsOutDil": 5968000,
    "link": "https://www.sec.gov/Archives/edgar/data/906163/000095013308003531/0000950133-08-003531-index.htm",
    "finalLink": "https://www.sec.gov/Archives/edgar/data/906163/000095013308003531/w71375e10vq.htm"
  },
  {
    "date": "2008-06-30",
    "symbol": "NVR",
    "reportedCurrency": "USD",
    "cik": "0000906163",
    "fillingDate": "2008-08-01",
    "acceptedDate": "2008-08-01 11:55:41",
    "calendarYear": "2008",
    "period": "Q2",
    "revenue": 955723000,
    "costOfRevenue": 772369000,
    "grossProfit": 183354000,
    "grossProfitRatio": 0.1918484749,
    "researchAndDevelopmentExpenses": 0,
    "generalAndAdministrativeExpenses": 98279000,
    "sellingAndMarketingExpenses": 0,
    "sellingGeneralAndAdministrativeExpenses": 98279000,
    "otherExpenses": 2581000,
    "operatingExpenses": 100860000,
    "costAndExpenses": 873229000,
    "interestIncome": 869000,
    "interestExpense": 3412000,
    "depreciationAndAmortization": 3626000,
    "ebitda": 82235000,
    "ebitdaratio": 0.0860448059,
    "operatingIncome": 82494000,
    "operatingIncomeRatio": 0.0863158049,
    "totalOtherIncomeExpensesNet": 3923000,
    "incomeBeforeTax": 86417000,
    "incomeBeforeTaxRatio": 0.0904205507,
    "incomeTaxExpense": 35085000,
    "netIncome": 51332000,
    "netIncomeRatio": 0.0537101231,
    "eps": 9.58,
    "epsdiluted": 8.64,
    "weightedAverageShsOut": 5357000,
    "weightedAverageShsOutDil": 5938000,
    "link": "https://www.sec.gov/Archives/edgar/data/906163/000095013308002591/0000950133-08-002591-index.htm",
    "finalLink": "https://www.sec.gov/Archives/edgar/data/906163/000095013308002591/w64112e10vq.htm"
  },
  {
    "date": "2008-03-31",
    "symbol": "NVR",
    "reportedCurrency": "USD",
    "cik": "0000906163",
    "fillingDate": "2008-04-25",
    "acceptedDate": "2008-04-25 15:28:34",
    "calendarYear": "2008",
    "period": "Q1",
    "revenue": 895299000,
    "costOfRevenue": 726931000,
    "grossProfit": 168368000,
    "grossProfitRatio": 0.1880578444,
    "researchAndDevelopmentExpenses": 0,
    "generalAndAdministrativeExpenses": 91820000,
    "sellingAndMarketingExpenses": 0,
    "sellingGeneralAndAdministrativeExpenses": 91820000,
    "otherExpenses": -7654000,
    "operatingExpenses": 84166000,
    "costAndExpenses": 816170000,
    "interestIncome": 810000,
    "interestExpense": 3373000,
    "depreciationAndAmortization": 3837000,
    "ebitda": 80385000,
    "ebitdaratio": 0.089785647,
    "operatingIncome": 65171000,
    "operatingIncomeRatio": 0.0727924414,
    "totalOtherIncomeExpensesNet": -3373000,
    "incomeBeforeTax": 73175000,
    "incomeBeforeTaxRatio": 0.0817324715,
    "incomeTaxExpense": 29709000,
    "netIncome": 43466000,
    "netIncomeRatio": 0.0485491439,
    "eps": 8.32,
    "epsdiluted": 7.42,
    "weightedAverageShsOut": 5224000,
    "weightedAverageShsOutDil": 5859000,
    "link": "https://www.sec.gov/Archives/edgar/data/906163/000095013308001616/0000950133-08-001616-index.htm",
    "finalLink": "https://www.sec.gov/Archives/edgar/data/906163/000095013308001616/w55836e10vq.htm"
  },
  {
    "date": "2007-12-31",
    "symbol": "NVR",
    "reportedCurrency": "USD",
    "cik": "0000906163",
    "fillingDate": "2008-02-22",
    "acceptedDate": "2008-02-22 14:58:53",
    "calendarYear": "2007",
    "period": "Q4",
    "revenue": 1427397000,
    "costOfRevenue": 1224313000,
    "grossProfit": 203084000,
    "grossProfitRatio": 0.1422757649,
    "researchAndDevelopmentExpenses": 0,
    "generalAndAdministrativeExpenses": 98237000,
    "sellingAndMarketingExpenses": 0,
    "sellingGeneralAndAdministrativeExpenses": 98237000,
    "otherExpenses": 27532000,
    "operatingExpenses": 125769000,
    "costAndExpenses": 1350082000,
    "interestIncome": 0,
    "interestExpense": 0,
    "depreciationAndAmortization": 4140000,
    "ebitda": 81455000,
    "ebitdaratio": 0.0570654135,
    "operatingIncome": 77315000,
    "operatingIncomeRatio": 0.0541650291,
    "totalOtherIncomeExpensesNet": 30667000,
    "incomeBeforeTax": 107982000,
    "incomeBeforeTaxRatio": 0.0756495915,
    "incomeTaxExpense": 40708000,
    "netIncome": 67274000,
    "netIncomeRatio": 0.047130546,
    "eps": 12.88,
    "epsdiluted": 12.88,
    "weightedAverageShsOut": 5132000,
    "weightedAverageShsOutDil": 5224000,
    "link": "https://www.sec.gov/Archives/edgar/data/906163/000095013308000733/0000950133-08-000733-index.htm",
    "finalLink": "https://www.sec.gov/Archives/edgar/data/906163/000095013308000733/w50131e10vk.htm"
  },
  {
    "date": "2007-09-30",
    "symbol": "NVR",
    "reportedCurrency": "USD",
    "cik": "0000906163",
    "fillingDate": "2007-11-01",
    "acceptedDate": "2007-11-01 16:23:15",
    "calendarYear": "2007",
    "period": "Q3",
    "revenue": 1292088000,
    "costOfRevenue": 1087399000,
    "grossProfit": 204689000,
    "grossProfitRatio": 0.1584172285,
    "researchAndDevelopmentExpenses": 0,
    "generalAndAdministrativeExpenses": 60907000,
    "sellingAndMarketingExpenses": 0,
    "sellingGeneralAndAdministrativeExpenses": 60907000,
    "otherExpenses": 0,
    "operatingExpenses": 60907000,
    "costAndExpenses": 1148306000,
    "interestIncome": 0,
    "interestExpense": 0,
    "depreciationAndAmortization": 4264000,
    "ebitda": 148046000,
    "ebitdaratio": 0.1145788832,
    "operatingIncome": 143782000,
    "operatingIncomeRatio": 0.1112787983,
    "totalOtherIncomeExpensesNet": 13439000,
    "incomeBeforeTax": 145814000,
    "incomeBeforeTaxRatio": 0.1128514467,
    "incomeTaxExpense": 54701000,
    "netIncome": 91113000,
    "netIncomeRatio": 0.0705160949,
    "eps": 17.25,
    "epsdiluted": 15.26,
    "weightedAverageShsOut": 5283000,
    "weightedAverageShsOutDil": 5969000,
    "link": "https://www.sec.gov/Archives/edgar/data/906163/000095013307004342/0000950133-07-004342-index.htm",
    "finalLink": "https://www.sec.gov/Archives/edgar/data/906163/000095013307004342/w41695e10vq.htm"
  },
  {
    "date": "2007-06-30",
    "symbol": "NVR",
    "reportedCurrency": "USD",
    "cik": "0000906163",
    "fillingDate": "2007-07-31",
    "acceptedDate": "2007-07-31 16:36:54",
    "calendarYear": "2007",
    "period": "Q2",
    "revenue": 1316668000,
    "costOfRevenue": 1061937000,
    "grossProfit": 254731000,
    "grossProfitRatio": 0.1934663864,
    "researchAndDevelopmentExpenses": 0,
    "generalAndAdministrativeExpenses": 110152000,
    "sellingAndMarketingExpenses": 0,
    "sellingGeneralAndAdministrativeExpenses": 110152000,
    "otherExpenses": 0,
    "operatingExpenses": 110152000,
    "costAndExpenses": 1172089000,
    "interestIncome": 0,
    "interestExpense": 0,
    "depreciationAndAmortization": 4295000,
    "ebitda": 148874000,
    "ebitdaratio": 0.1130687463,
    "operatingIncome": 144579000,
    "operatingIncomeRatio": 0.1098067242,
    "totalOtherIncomeExpensesNet": 8421000,
    "incomeBeforeTax": 147677000,
    "incomeBeforeTaxRatio": 0.1121596333,
    "incomeTaxExpense": 56930000,
    "netIncome": 90747000,
    "netIncomeRatio": 0.0689217024,
    "eps": 16.19,
    "epsdiluted": 14.14,
    "weightedAverageShsOut": 5606000,
    "weightedAverageShsOutDil": 6420000,
    "link": "https://www.sec.gov/Archives/edgar/data/906163/000095013307003138/0000950133-07-003138-index.htm",
    "finalLink": "https://www.sec.gov/Archives/edgar/data/906163/000095013307003138/w37659e10vq.htm"
  },
  {
    "date": "2007-03-31",
    "symbol": "NVR",
    "reportedCurrency": "USD",
    "cik": "0000906163",
    "fillingDate": "2007-05-04",
    "acceptedDate": "2007-05-04 14:13:57",
    "calendarYear": "2007",
    "period": "Q1",
    "revenue": 1093189000,
    "costOfRevenue": 853410000,
    "grossProfit": 239779000,
    "grossProfitRatio": 0.2193390164,
    "researchAndDevelopmentExpenses": 0,
    "generalAndAdministrativeExpenses": 106729000,
    "sellingAndMarketingExpenses": 0,
    "sellingGeneralAndAdministrativeExpenses": 106729000,
    "otherExpenses": 0,
    "operatingExpenses": 106729000,
    "costAndExpenses": 960139000,
    "interestIncome": 0,
    "interestExpense": 0,
    "depreciationAndAmortization": 4337000,
    "ebitda": 137387000,
    "ebitdaratio": 0.1256754322,
    "operatingIncome": 133050000,
    "operatingIncomeRatio": 0.1217081401,
    "totalOtherIncomeExpensesNet": 6773000,
    "incomeBeforeTax": 138032000,
    "incomeBeforeTaxRatio": 0.1262654491,
    "incomeTaxExpense": 53211000,
    "netIncome": 84821000,
    "netIncomeRatio": 0.0775904258,
    "eps": 14.98,
    "epsdiluted": 12.96,
    "weightedAverageShsOut": 5663000,
    "weightedAverageShsOutDil": 6545000,
    "link": "https://www.sec.gov/Archives/edgar/data/906163/000095013307002084/0000950133-07-002084-index.htm",
    "finalLink": "https://www.sec.gov/Archives/edgar/data/906163/000095013307002084/w34366e10vq.htm"
  },
  {
    "date": "2006-12-31",
    "symbol": "NVR",
    "reportedCurrency": "USD",
    "cik": "0000906163",
    "fillingDate": "2007-02-21",
    "acceptedDate": "2007-02-21 16:00:12",
    "calendarYear": "2006",
    "period": "Q4",
    "revenue": 1627130000,
    "costOfRevenue": 1297372000,
    "grossProfit": 329758000,
    "grossProfitRatio": 0.2026623564,
    "researchAndDevelopmentExpenses": 0,
    "generalAndAdministrativeExpenses": 114309000,
    "sellingAndMarketingExpenses": 0,
    "sellingGeneralAndAdministrativeExpenses": 114309000,
    "otherExpenses": 45291000,
    "operatingExpenses": 159600000,
    "costAndExpenses": 1456972000,
    "interestIncome": 0,
    "interestExpense": 0,
    "depreciationAndAmortization": 4069000,
    "ebitda": 174227000,
    "ebitdaratio": 0.1070762631,
    "operatingIncome": 170158000,
    "operatingIncomeRatio": 0.104575541,
    "totalOtherIncomeExpensesNet": 49601000,
    "incomeBeforeTax": 219759000,
    "incomeBeforeTaxRatio": 0.1350592761,
    "incomeTaxExpense": 84592000,
    "netIncome": 135167000,
    "netIncomeRatio": 0.0830708057,
    "eps": 23.87,
    "epsdiluted": 23.87,
    "weightedAverageShsOut": 5530000,
    "weightedAverageShsOutDil": 5663000,
    "link": "https://www.sec.gov/Archives/edgar/data/906163/000095013307000704/0000950133-07-000704-index.htm",
    "finalLink": "https://www.sec.gov/Archives/edgar/data/906163/000095013307000704/w30408e10vk.htm"
  },
  {
    "date": "2006-09-30",
    "symbol": "NVR",
    "reportedCurrency": "USD",
    "cik": "0000906163",
    "fillingDate": "2006-10-24",
    "acceptedDate": "2006-10-24 14:57:43",
    "calendarYear": "2006",
    "period": "Q3",
    "revenue": 1553411000,
    "costOfRevenue": 1238671000,
    "grossProfit": 314740000,
    "grossProfitRatio": 0.202612187,
    "researchAndDevelopmentExpenses": 0,
    "generalAndAdministrativeExpenses": 104421000,
    "sellingAndMarketingExpenses": 0,
    "sellingGeneralAndAdministrativeExpenses": 104421000,
    "otherExpenses": 0,
    "operatingExpenses": 104421000,
    "costAndExpenses": 1343092000,
    "interestIncome": 0,
    "interestExpense": 0,
    "depreciationAndAmortization": 3767000,
    "ebitda": 214086000,
    "ebitdaratio": 0.1378167143,
    "operatingIncome": 210319000,
    "operatingIncomeRatio": 0.1353917283,
    "totalOtherIncomeExpensesNet": 14150000,
    "incomeBeforeTax": 212107000,
    "incomeBeforeTaxRatio": 0.1365427437,
    "incomeTaxExpense": 82774000,
    "netIncome": 129333000,
    "netIncomeRatio": 0.0832574251,
    "eps": 22.59,
    "epsdiluted": 19.63,
    "weightedAverageShsOut": 5725000,
    "weightedAverageShsOutDil": 6588000,
    "link": "https://www.sec.gov/Archives/edgar/data/906163/000095013306004536/0000950133-06-004536-index.htm",
    "finalLink": "https://www.sec.gov/Archives/edgar/data/906163/000095013306004536/w26177e10vq.htm"
  },
  {
    "date": "2006-06-30",
    "symbol": "NVR",
    "reportedCurrency": "USD",
    "cik": "0000906163",
    "fillingDate": "2006-07-24",
    "acceptedDate": "2006-07-24 09:52:00",
    "calendarYear": "2006",
    "period": "Q2",
    "revenue": 1748928000,
    "costOfRevenue": 1304183000,
    "grossProfit": 444745000,
    "grossProfitRatio": 0.2542957743,
    "researchAndDevelopmentExpenses": 0,
    "generalAndAdministrativeExpenses": 129403000,
    "sellingAndMarketingExpenses": 0,
    "sellingGeneralAndAdministrativeExpenses": 129403000,
    "otherExpenses": 0,
    "operatingExpenses": 129403000,
    "costAndExpenses": 1433586000,
    "interestIncome": 0,
    "interestExpense": 0,
    "depreciationAndAmortization": 3311000,
    "ebitda": 318653000,
    "ebitdaratio": 0.1821990385,
    "operatingIncome": 315342000,
    "operatingIncomeRatio": 0.1803058788,
    "totalOtherIncomeExpensesNet": -2264000,
    "incomeBeforeTax": 313078000,
    "incomeBeforeTaxRatio": 0.1790113715,
    "incomeTaxExpense": 122726000,
    "netIncome": 190352000,
    "netIncomeRatio": 0.1088392432,
    "eps": 33.27,
    "epsdiluted": 28.08,
    "weightedAverageShsOut": 5722000,
    "weightedAverageShsOutDil": 6779000,
    "link": "https://www.sec.gov/Archives/edgar/data/906163/000095013306003334/0000950133-06-003334-index.htm",
    "finalLink": "https://www.sec.gov/Archives/edgar/data/906163/000095013306003334/w23401e10vq.htm"
  },
  {
    "date": "2006-03-31",
    "symbol": "NVR",
    "reportedCurrency": "USD",
    "cik": "0000906163",
    "fillingDate": "2006-04-26",
    "acceptedDate": "2006-04-26 16:37:10",
    "calendarYear": "2006",
    "period": "Q1",
    "revenue": 1204655000,
    "costOfRevenue": 861039000,
    "grossProfit": 343616000,
    "grossProfitRatio": 0.2852401725,
    "researchAndDevelopmentExpenses": 0,
    "generalAndAdministrativeExpenses": 123174000,
    "sellingAndMarketingExpenses": 0,
    "sellingGeneralAndAdministrativeExpenses": 123174000,
    "otherExpenses": 0,
    "operatingExpenses": 123174000,
    "costAndExpenses": 984213000,
    "interestIncome": 0,
    "interestExpense": 0,
    "depreciationAndAmortization": 3011000,
    "ebitda": 223453000,
    "ebitdaratio": 0.1854912817,
    "operatingIncome": 220442000,
    "operatingIncomeRatio": 0.1829918109,
    "totalOtherIncomeExpensesNet": -2415000,
    "incomeBeforeTax": 218027000,
    "incomeBeforeTaxRatio": 0.1809870876,
    "incomeTaxExpense": 85467000,
    "netIncome": 132560000,
    "netIncomeRatio": 0.1100398039,
    "eps": 23.69,
    "epsdiluted": 19.48,
    "weightedAverageShsOut": 5596000,
    "weightedAverageShsOutDil": 6805000,
    "link": "https://www.sec.gov/Archives/edgar/data/906163/000095013306002040/0000950133-06-002040-index.htm",
    "finalLink": "https://www.sec.gov/Archives/edgar/data/906163/000095013306002040/w20203e10vq.htm"
  },
  {
    "date": "2005-12-31",
    "symbol": "NVR",
    "reportedCurrency": "USD",
    "cik": "0000906163",
    "fillingDate": "2006-02-23",
    "acceptedDate": "2006-02-23 14:34:43",
    "calendarYear": "2005",
    "period": "Q4",
    "revenue": 1662499000,
    "costOfRevenue": 1180762000,
    "grossProfit": 481737000,
    "grossProfitRatio": 0.2897667908,
    "researchAndDevelopmentExpenses": 0,
    "generalAndAdministrativeExpenses": 111318000,
    "sellingAndMarketingExpenses": 0,
    "sellingGeneralAndAdministrativeExpenses": 111318000,
    "otherExpenses": 20508000,
    "operatingExpenses": 131826000,
    "costAndExpenses": 1312588000,
    "interestIncome": 0,
    "interestExpense": 0,
    "depreciationAndAmortization": 3272000,
    "ebitda": 353183000,
    "ebitdaratio": 0.21244103,
    "operatingIncome": 349911000,
    "operatingIncomeRatio": 0.2104729086,
    "totalOtherIncomeExpensesNet": 14505000,
    "incomeBeforeTax": 364416000,
    "incomeBeforeTaxRatio": 0.2191977258,
    "incomeTaxExpense": 141879000,
    "netIncome": 222537000,
    "netIncomeRatio": 0.1338569226,
    "eps": 39.77,
    "epsdiluted": 39.77,
    "weightedAverageShsOut": 5596000,
    "weightedAverageShsOutDil": 5596000,
    "link": "https://www.sec.gov/Archives/edgar/data/906163/000095013306000855/0000950133-06-000855-index.htm",
    "finalLink": "https://www.sec.gov/Archives/edgar/data/906163/000095013306000855/w17469e10vk.htm"
  },
  {
    "date": "2005-09-30",
    "symbol": "NVR",
    "reportedCurrency": "USD",
    "cik": "0000906163",
    "fillingDate": "2005-11-03",
    "acceptedDate": "2005-11-03 15:36:54",
    "calendarYear": "2005",
    "period": "Q3",
    "revenue": 1376173000,
    "costOfRevenue": 970437000,
    "grossProfit": 405736000,
    "grossProfitRatio": 0.2948292112,
    "researchAndDevelopmentExpenses": 0,
    "generalAndAdministrativeExpenses": 94583000,
    "sellingAndMarketingExpenses": 0,
    "sellingGeneralAndAdministrativeExpenses": 94583000,
    "otherExpenses": 16527000,
    "operatingExpenses": 111110000,
    "costAndExpenses": 1081547000,
    "interestIncome": 0,
    "interestExpense": 0,
    "depreciationAndAmortization": 2621000,
    "ebitda": 297247000,
    "ebitdaratio": 0.2159953727,
    "operatingIncome": 294626000,
    "operatingIncomeRatio": 0.2140908156,
    "totalOtherIncomeExpensesNet": 13345000,
    "incomeBeforeTax": 307971000,
    "incomeBeforeTaxRatio": 0.2237879976,
    "incomeTaxExpense": 118528000,
    "netIncome": 189443000,
    "netIncomeRatio": 0.1376592914,
    "eps": 30.08,
    "epsdiluted": 24.33,
    "weightedAverageShsOut": 6298000,
    "weightedAverageShsOutDil": 7787000,
    "link": "https://www.sec.gov/Archives/edgar/data/906163/000119312505215577/0001193125-05-215577-index.htm",
    "finalLink": "https://www.sec.gov/Archives/edgar/data/906163/000119312505215577/d10q.htm"
  },
  {
    "date": "2005-06-30",
    "symbol": "NVR",
    "reportedCurrency": "USD",
    "cik": "0000906163",
    "fillingDate": "2005-07-29",
    "acceptedDate": "2005-07-29 14:37:20",
    "calendarYear": "2005",
    "period": "Q2",
    "revenue": 1279803000,
    "costOfRevenue": 907284000,
    "grossProfit": 372519000,
    "grossProfitRatio": 0.2910752671,
    "researchAndDevelopmentExpenses": 0,
    "generalAndAdministrativeExpenses": 92128000,
    "sellingAndMarketingExpenses": 0,
    "sellingGeneralAndAdministrativeExpenses": 92128000,
    "otherExpenses": 13788000,
    "operatingExpenses": 105916000,
    "costAndExpenses": 1013200000,
    "interestIncome": 0,
    "interestExpense": 0,
    "depreciationAndAmortization": 2391000,
    "ebitda": 268994000,
    "ebitdaratio": 0.2101839111,
    "operatingIncome": 266603000,
    "operatingIncomeRatio": 0.2083156548,
    "totalOtherIncomeExpensesNet": 10504000,
    "incomeBeforeTax": 277107000,
    "incomeBeforeTaxRatio": 0.216523168,
    "incomeTaxExpense": 109458000,
    "netIncome": 167649000,
    "netIncomeRatio": 0.1309959423,
    "eps": 26.31,
    "epsdiluted": 21.42,
    "weightedAverageShsOut": 6372000,
    "weightedAverageShsOutDil": 7825000,
    "link": "https://www.sec.gov/Archives/edgar/data/906163/000119312505152574/0001193125-05-152574-index.htm",
    "finalLink": "https://www.sec.gov/Archives/edgar/data/906163/000119312505152574/d10q.htm"
  },
  {
    "date": "2005-03-31",
    "symbol": "NVR",
    "reportedCurrency": "USD",
    "cik": "0000906163",
    "fillingDate": "2005-05-05",
    "acceptedDate": "2005-05-05 15:50:34",
    "calendarYear": "2005",
    "period": "Q1",
    "revenue": 942442000,
    "costOfRevenue": 679547000,
    "grossProfit": 262895000,
    "grossProfitRatio": 0.2789508532,
    "researchAndDevelopmentExpenses": 0,
    "generalAndAdministrativeExpenses": 79051000,
    "sellingAndMarketingExpenses": 0,
    "sellingGeneralAndAdministrativeExpenses": 79051000,
    "otherExpenses": -5505000,
    "operatingExpenses": 73546000,
    "costAndExpenses": 753093000,
    "interestIncome": 0,
    "interestExpense": 0,
    "depreciationAndAmortization": 2406000,
    "ebitda": 197240000,
    "ebitdaratio": 0.2092860887,
    "operatingIncome": 189349000,
    "operatingIncomeRatio": 0.2009131596,
    "totalOtherIncomeExpensesNet": 5576000,
    "incomeBeforeTax": 194925000,
    "incomeBeforeTaxRatio": 0.2068297041,
    "incomeTaxExpense": 76995000,
    "netIncome": 117930000,
    "netIncomeRatio": 0.1251323689,
    "eps": 17.71,
    "epsdiluted": 14.38,
    "weightedAverageShsOut": 6659000,
    "weightedAverageShsOutDil": 8200000,
    "link": "https://www.sec.gov/Archives/edgar/data/906163/000119312505097415/0001193125-05-097415-index.htm",
    "finalLink": "https://www.sec.gov/Archives/edgar/data/906163/000119312505097415/d10q.htm"
  },
  {
    "date": "2004-12-31",
    "symbol": "NVR",
    "reportedCurrency": "USD",
    "cik": "0000906163",
    "fillingDate": "2005-02-28",
    "acceptedDate": "2005-02-28 16:10:34",
    "calendarYear": "2004",
    "period": "Q4",
    "revenue": 1258369000,
    "costOfRevenue": 929102000,
    "grossProfit": 329267000,
    "grossProfitRatio": 0.2616617224,
    "researchAndDevelopmentExpenses": 0,
    "generalAndAdministrativeExpenses": 80046000,
    "sellingAndMarketingExpenses": 0,
    "sellingGeneralAndAdministrativeExpenses": 80046000,
    "otherExpenses": -25593000,
    "operatingExpenses": 54453000,
    "costAndExpenses": 983555000,
    "interestIncome": 0,
    "interestExpense": 0,
    "depreciationAndAmortization": 2382000,
    "ebitda": 277196000,
    "ebitdaratio": 0.2202819682,
    "operatingIncome": 274814000,
    "operatingIncomeRatio": 0.2183890417,
    "totalOtherIncomeExpensesNet": -9919000,
    "incomeBeforeTax": 264895000,
    "incomeBeforeTaxRatio": 0.2105066161,
    "incomeTaxExpense": 105957000,
    "netIncome": 158938000,
    "netIncomeRatio": 0.1263047643,
    "eps": 23.87,
    "epsdiluted": 23.87,
    "weightedAverageShsOut": 6447428,
    "weightedAverageShsOutDil": 6659000,
    "link": "https://www.sec.gov/Archives/edgar/data/906163/000119312505038619/0001193125-05-038619-index.htm",
    "finalLink": "https://www.sec.gov/Archives/edgar/data/906163/000119312505038619/d10k.htm"
  },
  {
    "date": "2004-09-30",
    "symbol": "NVR",
    "reportedCurrency": "USD",
    "cik": "0000906163",
    "fillingDate": "2004-10-29",
    "acceptedDate": "2004-10-29 15:21:23",
    "calendarYear": "2004",
    "period": "Q3",
    "revenue": 1146271000,
    "costOfRevenue": 848195000,
    "grossProfit": 298076000,
    "grossProfitRatio": 0.2600397288,
    "researchAndDevelopmentExpenses": 0,
    "generalAndAdministrativeExpenses": 71037000,
    "sellingAndMarketingExpenses": 0,
    "sellingGeneralAndAdministrativeExpenses": 71037000,
    "otherExpenses": 0,
    "operatingExpenses": 71037000,
    "costAndExpenses": 919232000,
    "interestIncome": 0,
    "interestExpense": 0,
    "depreciationAndAmortization": 2237000,
    "ebitda": 234269000,
    "ebitdaratio": 0.2043748817,
    "operatingIncome": 227039000,
    "operatingIncomeRatio": 0.1980674727,
    "totalOtherIncomeExpensesNet": 19092000,
    "incomeBeforeTax": 246131000,
    "incomeBeforeTaxRatio": 0.2147232199,
    "incomeTaxExpense": 98452000,
    "netIncome": 147679000,
    "netIncomeRatio": 0.1288342809,
    "eps": 23.16,
    "epsdiluted": 19.04,
    "weightedAverageShsOut": 6377000,
    "weightedAverageShsOutDil": 7758000,
    "link": "https://www.sec.gov/Archives/edgar/data/906163/000119312504181635/0001193125-04-181635-index.htm",
    "finalLink": "https://www.sec.gov/Archives/edgar/data/906163/000119312504181635/d10q.htm"
  },
  {
    "date": "2004-06-30",
    "symbol": "NVR",
    "reportedCurrency": "USD",
    "cik": "0000906163",
    "fillingDate": "2004-07-28",
    "acceptedDate": "2004-07-28 16:15:36",
    "calendarYear": "2004",
    "period": "Q2",
    "revenue": 1002333000,
    "costOfRevenue": 735978000,
    "grossProfit": 266355000,
    "grossProfitRatio": 0.2657350402,
    "researchAndDevelopmentExpenses": 0,
    "generalAndAdministrativeExpenses": 70611000,
    "sellingAndMarketingExpenses": 0,
    "sellingGeneralAndAdministrativeExpenses": 70611000,
    "otherExpenses": 0,
    "operatingExpenses": 70611000,
    "costAndExpenses": 806589000,
    "interestIncome": 0,
    "interestExpense": 0,
    "depreciationAndAmortization": 2163000,
    "ebitda": 197907000,
    "ebitdaratio": 0.1974463576,
    "operatingIncome": 195744000,
    "operatingIncomeRatio": 0.1952883922,
    "totalOtherIncomeExpensesNet": -2460000,
    "incomeBeforeTax": 193284000,
    "incomeBeforeTaxRatio": 0.192834118,
    "incomeTaxExpense": 77314000,
    "netIncome": 115970000,
    "netIncomeRatio": 0.1157000717,
    "eps": 17.91,
    "epsdiluted": 14.82,
    "weightedAverageShsOut": 6475000,
    "weightedAverageShsOutDil": 7825000,
    "link": "https://www.sec.gov/Archives/edgar/data/906163/000119312504126283/0001193125-04-126283-index.htm",
    "finalLink": "https://www.sec.gov/Archives/edgar/data/906163/000119312504126283/d10q.htm"
  },
  {
    "date": "2004-03-31",
    "symbol": "NVR",
    "reportedCurrency": "USD",
    "cik": "0000906163",
    "fillingDate": "2004-05-07",
    "acceptedDate": "2004-05-07 08:09:16",
    "calendarYear": "2004",
    "period": "Q1",
    "revenue": 878561000,
    "costOfRevenue": 643011000,
    "grossProfit": 235550000,
    "grossProfitRatio": 0.2681088735,
    "researchAndDevelopmentExpenses": 0,
    "generalAndAdministrativeExpenses": 64694000,
    "sellingAndMarketingExpenses": 0,
    "sellingGeneralAndAdministrativeExpenses": 64694000,
    "otherExpenses": 0,
    "operatingExpenses": 64694000,
    "costAndExpenses": 707705000,
    "interestIncome": 0,
    "interestExpense": 0,
    "depreciationAndAmortization": 2076000,
    "ebitda": 159838000,
    "ebitdaratio": 0.1819315904,
    "operatingIncome": 170856000,
    "operatingIncomeRatio": 0.1944725523,
    "totalOtherIncomeExpensesNet": -3161000,
    "incomeBeforeTax": 167695000,
    "incomeBeforeTaxRatio": 0.1908746234,
    "incomeTaxExpense": 67078000,
    "netIncome": 100617000,
    "netIncomeRatio": 0.114524774,
    "eps": 15.27,
    "epsdiluted": 12.58,
    "weightedAverageShsOut": 6591000,
    "weightedAverageShsOutDil": 7997000,
    "link": "https://www.sec.gov/Archives/edgar/data/906163/000119312504081262/0001193125-04-081262-index.htm",
    "finalLink": "https://www.sec.gov/Archives/edgar/data/906163/000119312504081262/d10q.htm"
  },
  {
    "date": "2003-12-31",
    "symbol": "NVR",
    "reportedCurrency": "USD",
    "cik": "0000906163",
    "fillingDate": "2004-02-17",
    "acceptedDate": "2004-02-17 13:40:45",
    "calendarYear": "2003",
    "period": "Q4",
    "revenue": 1168778000,
    "costOfRevenue": 829707000,
    "grossProfit": 339071000,
    "grossProfitRatio": 0.2901072744,
    "researchAndDevelopmentExpenses": 0,
    "generalAndAdministrativeExpenses": 70192000,
    "sellingAndMarketingExpenses": 0,
    "sellingGeneralAndAdministrativeExpenses": 70192000,
    "otherExpenses": 49439000,
    "operatingExpenses": 119631000,
    "costAndExpenses": 949338000,
    "interestIncome": 0,
    "interestExpense": 0,
    "depreciationAndAmortization": 2069000,
    "ebitda": 221509000,
    "ebitdaratio": 0.1895218767,
    "operatingIncome": 219440000,
    "operatingIncomeRatio": 0.1877516517,
    "totalOtherIncomeExpensesNet": -7892000,
    "incomeBeforeTax": 211548000,
    "incomeBeforeTaxRatio": 0.1809993001,
    "incomeTaxExpense": 84058000,
    "netIncome": 127490000,
    "netIncomeRatio": 0.1090797397,
    "eps": 19.34,
    "epsdiluted": 19.34,
    "weightedAverageShsOut": 6591000,
    "weightedAverageShsOutDil": 6591000,
    "link": "https://www.sec.gov/Archives/edgar/data/906163/000119312504024751/0001193125-04-024751-index.htm",
    "finalLink": "https://www.sec.gov/Archives/edgar/data/906163/000119312504024751/d10k.htm"
  },
  {
    "date": "2003-09-30",
    "symbol": "NVR",
    "reportedCurrency": "USD",
    "cik": "0000906163",
    "fillingDate": "2003-10-28",
    "acceptedDate": "2003-10-27 17:36:28",
    "calendarYear": "2003",
    "period": "Q3",
    "revenue": 916711000,
    "costOfRevenue": 719507000,
    "grossProfit": 237341000,
    "grossProfitRatio": 0.258904933,
    "researchAndDevelopmentExpenses": 0,
    "generalAndAdministrativeExpenses": 63871000,
    "sellingAndMarketingExpenses": 0,
    "sellingGeneralAndAdministrativeExpenses": 63871000,
    "otherExpenses": 0,
    "operatingExpenses": 63871000,
    "costAndExpenses": 783378000,
    "interestIncome": 0,
    "interestExpense": 0,
    "depreciationAndAmortization": 1878000,
    "ebitda": 175348000,
    "ebitdaratio": 0.1912794763,
    "operatingIncome": 173470000,
    "operatingIncomeRatio": 0.1892308481,
    "totalOtherIncomeExpensesNet": -147323000,
    "incomeBeforeTax": 184792000,
    "incomeBeforeTaxRatio": 0.2015815235,
    "incomeTaxExpense": 75389000,
    "netIncome": 109403000,
    "netIncomeRatio": 0.1193429554,
    "eps": 15.3,
    "epsdiluted": 12.55,
    "weightedAverageShsOut": 7151000,
    "weightedAverageShsOutDil": 8716000,
    "link": "https://www.sec.gov/Archives/edgar/data/906163/000119312503067729/0001193125-03-067729-index.htm",
    "finalLink": "https://www.sec.gov/Archives/edgar/data/906163/000119312503067729/d10q.htm"
  },
  {
    "date": "2003-06-30",
    "symbol": "NVR",
    "reportedCurrency": "USD",
    "cik": "0000906163",
    "fillingDate": "2003-08-07",
    "acceptedDate": "2003-08-07 16:12:43",
    "calendarYear": "2003",
    "period": "Q2",
    "revenue": 848501000,
    "costOfRevenue": 623210000,
    "grossProfit": 225291000,
    "grossProfitRatio": 0.2655164814,
    "researchAndDevelopmentExpenses": 0,
    "generalAndAdministrativeExpenses": 65299000,
    "sellingAndMarketingExpenses": 0,
    "sellingGeneralAndAdministrativeExpenses": 65299000,
    "otherExpenses": 0,
    "operatingExpenses": 65299000,
    "costAndExpenses": 688509000,
    "interestIncome": 0,
    "interestExpense": 0,
    "depreciationAndAmortization": 2312000,
    "ebitda": 162304000,
    "ebitdaratio": 0.1912832159,
    "operatingIncome": 159992000,
    "operatingIncomeRatio": 0.1885584107,
    "totalOtherIncomeExpensesNet": -4103000,
    "incomeBeforeTax": 155889000,
    "incomeBeforeTaxRatio": 0.1837228241,
    "incomeTaxExpense": 60797000,
    "netIncome": 95092000,
    "netIncomeRatio": 0.1120705809,
    "eps": 13.35,
    "epsdiluted": 10.9,
    "weightedAverageShsOut": 7124000,
    "weightedAverageShsOutDil": 8725000,
    "link": "https://www.sec.gov/Archives/edgar/data/906163/000119312503030865/0001193125-03-030865-index.htm",
    "finalLink": "https://www.sec.gov/Archives/edgar/data/906163/000119312503030865/d10q.htm"
  },
  {
    "date": "2003-03-31",
    "symbol": "NVR",
    "reportedCurrency": "USD",
    "cik": "0000906163",
    "fillingDate": "2003-05-15",
    "acceptedDate": "2003-05-15 14:25:46",
    "calendarYear": "2003",
    "period": "Q1",
    "revenue": 743574000,
    "costOfRevenue": 539437000,
    "grossProfit": 204137000,
    "grossProfitRatio": 0.2745348815,
    "researchAndDevelopmentExpenses": 0,
    "generalAndAdministrativeExpenses": 56427000,
    "sellingAndMarketingExpenses": 0,
    "sellingGeneralAndAdministrativeExpenses": 56427000,
    "otherExpenses": 0,
    "operatingExpenses": 56427000,
    "costAndExpenses": 595864000,
    "interestIncome": 0,
    "interestExpense": 0,
    "depreciationAndAmortization": 2168000,
    "ebitda": 149878000,
    "ebitdaratio": 0.2015643366,
    "operatingIncome": 147710000,
    "operatingIncomeRatio": 0.1986486886,
    "totalOtherIncomeExpensesNet": -3767000,
    "incomeBeforeTax": 143943000,
    "incomeBeforeTaxRatio": 0.1935826159,
    "incomeTaxExpense": 56137000,
    "netIncome": 87806000,
    "netIncomeRatio": 0.1180864312,
    "eps": 12.41,
    "epsdiluted": 10.1,
    "weightedAverageShsOut": 7078000,
    "weightedAverageShsOutDil": 8697000,
    "link": "https://www.sec.gov/Archives/edgar/data/906163/000092838503001610/0000928385-03-001610-index.htm",
    "finalLink": "https://www.sec.gov/Archives/edgar/data/906163/000092838503001610/d10q.htm"
  },
  {
    "date": "2002-12-31",
    "symbol": "NVR",
    "reportedCurrency": "USD",
    "cik": "0000906163",
    "fillingDate": "2003-02-07",
    "acceptedDate": "2003-02-07 16:35:19",
    "calendarYear": "2002",
    "period": "Q4",
    "revenue": 834189000,
    "costOfRevenue": 590441000,
    "grossProfit": 243748000,
    "grossProfitRatio": 0.2921975715,
    "researchAndDevelopmentExpenses": 0,
    "generalAndAdministrativeExpenses": 65085000,
    "sellingAndMarketingExpenses": 0,
    "sellingGeneralAndAdministrativeExpenses": 65085000,
    "otherExpenses": 38336000,
    "operatingExpenses": 103421000,
    "costAndExpenses": 693862000,
    "interestIncome": 0,
    "interestExpense": 0,
    "depreciationAndAmortization": 2165000,
    "ebitda": 142492000,
    "ebitdaratio": 0.1708150072,
    "operatingIncome": 140327000,
    "operatingIncomeRatio": 0.168219672,
    "totalOtherIncomeExpensesNet": -11313000,
    "incomeBeforeTax": 129014000,
    "incomeBeforeTaxRatio": 0.1546579972,
    "incomeTaxExpense": 50067000,
    "netIncome": 78947000,
    "netIncomeRatio": 0.0946392244,
    "eps": 11.15,
    "epsdiluted": 11.15,
    "weightedAverageShsOut": 7078000,
    "weightedAverageShsOutDil": 7078000,
    "link": "https://www.sec.gov/Archives/edgar/data/906163/000092838503000218/0000928385-03-000218-index.htm",
    "finalLink": "https://www.sec.gov/Archives/edgar/data/906163/000092838503000218/d10k.htm"
  },
  {
    "date": "2002-09-30",
    "symbol": "NVR",
    "reportedCurrency": "USD",
    "cik": "0000906163",
    "fillingDate": "2002-10-22",
    "acceptedDate": "2002-10-22 15:35:24",
    "calendarYear": "2002",
    "period": "Q3",
    "revenue": 847044000,
    "costOfRevenue": 645869000,
    "grossProfit": 201175000,
    "grossProfitRatio": 0.2375024202,
    "researchAndDevelopmentExpenses": 0,
    "generalAndAdministrativeExpenses": 68000000,
    "sellingAndMarketingExpenses": 0,
    "sellingGeneralAndAdministrativeExpenses": 68000000,
    "otherExpenses": 0,
    "operatingExpenses": 68000000,
    "costAndExpenses": 713869000,
    "interestIncome": 0,
    "interestExpense": 0,
    "depreciationAndAmortization": 1879000,
    "ebitda": 135054000,
    "ebitdaratio": 0.1594415402,
    "operatingIncome": 133175000,
    "operatingIncomeRatio": 0.1572232375,
    "totalOtherIncomeExpensesNet": 16141000,
    "incomeBeforeTax": 149316000,
    "incomeBeforeTaxRatio": 0.1762789182,
    "incomeTaxExpense": 57336000,
    "netIncome": 91980000,
    "netIncomeRatio": 0.1085894003,
    "eps": 12.58,
    "epsdiluted": 10.14,
    "weightedAverageShsOut": 7311606,
    "weightedAverageShsOutDil": 9071006,
    "link": "https://www.sec.gov/Archives/edgar/data/906163/000092838502003376/0000928385-02-003376-index.htm",
    "finalLink": "https://www.sec.gov/Archives/edgar/data/906163/000092838502003376/d10q.txt"
  },
  {
    "date": "2002-06-30",
    "symbol": "NVR",
    "reportedCurrency": "USD",
    "cik": "0000906163",
    "fillingDate": "2002-07-24",
    "acceptedDate": "2002-07-24 14:55:21",
    "calendarYear": "2002",
    "period": "Q2",
    "revenue": 788439000,
    "costOfRevenue": 585828000,
    "grossProfit": 202611000,
    "grossProfitRatio": 0.2569773946,
    "researchAndDevelopmentExpenses": 0,
    "generalAndAdministrativeExpenses": 64435000,
    "sellingAndMarketingExpenses": 0,
    "sellingGeneralAndAdministrativeExpenses": 64435000,
    "otherExpenses": 11455000,
    "operatingExpenses": 75890000,
    "costAndExpenses": 661718000,
    "interestIncome": 0,
    "interestExpense": 0,
    "depreciationAndAmortization": 1836000,
    "ebitda": 128557000,
    "ebitdaratio": 0.1630525634,
    "operatingIncome": 126721000,
    "operatingIncomeRatio": 0.1607239114,
    "totalOtherIncomeExpensesNet": 7837000,
    "incomeBeforeTax": 134558000,
    "incomeBeforeTaxRatio": 0.1706638053,
    "incomeTaxExpense": 50728000,
    "netIncome": 83830000,
    "netIncomeRatio": 0.1063240149,
    "eps": 11.42,
    "epsdiluted": 8.9,
    "weightedAverageShsOut": 7340630,
    "weightedAverageShsOutDil": 9419101,
    "link": "https://www.sec.gov/Archives/edgar/data/906163/000092838502002554/0000928385-02-002554-index.htm",
    "finalLink": "https://www.sec.gov/Archives/edgar/data/906163/000092838502002554/d10q.txt"
  },
  {
    "date": "2002-03-31",
    "symbol": "NVR",
    "reportedCurrency": "USD",
    "cik": "0000906163",
    "fillingDate": "2002-04-22",
    "acceptedDate": "2002-04-22 00:00:00",
    "calendarYear": "2002",
    "period": "Q1",
    "revenue": 692255000,
    "costOfRevenue": 513231000,
    "grossProfit": 179024000,
    "grossProfitRatio": 0.2586099053,
    "researchAndDevelopmentExpenses": 0,
    "generalAndAdministrativeExpenses": 52498000,
    "sellingAndMarketingExpenses": 0,
    "sellingGeneralAndAdministrativeExpenses": 52498000,
    "otherExpenses": 327000,
    "operatingExpenses": 52825000,
    "costAndExpenses": 566056000,
    "interestIncome": 0,
    "interestExpense": 0,
    "depreciationAndAmortization": 1777000,
    "ebitda": 127976000,
    "ebitdaratio": 0.1848682928,
    "operatingIncome": 126199000,
    "operatingIncomeRatio": 0.1823013196,
    "totalOtherIncomeExpensesNet": -3064000,
    "incomeBeforeTax": 123135000,
    "incomeBeforeTaxRatio": 0.1778752049,
    "incomeTaxExpense": 46422000,
    "netIncome": 76713000,
    "netIncomeRatio": 0.110816101,
    "eps": 10.37,
    "epsdiluted": 8.17,
    "weightedAverageShsOut": 7397589,
    "weightedAverageShsOutDil": 7397589,
    "link": "https://www.sec.gov/Archives/edgar/data/906163/000092838502001559/0000928385-02-001559-index.htm",
    "finalLink": "https://www.sec.gov/Archives/edgar/data/906163/000092838502001559/d10q.txt"
  },
  {
    "date": "2001-12-31",
    "symbol": "NVR",
    "reportedCurrency": "USD",
    "cik": "0000906163",
    "fillingDate": "2002-02-08",
    "acceptedDate": "2002-02-08 00:00:00",
    "calendarYear": "2001",
    "period": "Q4",
    "revenue": 737703000,
    "costOfRevenue": 559408000,
    "grossProfit": 178295000,
    "grossProfitRatio": 0.2416894062,
    "researchAndDevelopmentExpenses": 0,
    "generalAndAdministrativeExpenses": 56654000,
    "sellingAndMarketingExpenses": 0,
    "sellingGeneralAndAdministrativeExpenses": 56654000,
    "otherExpenses": 34692000,
    "operatingExpenses": 91346000,
    "costAndExpenses": 650754000,
    "interestIncome": 0,
    "interestExpense": 0,
    "depreciationAndAmortization": 4328000,
    "ebitda": 91277000,
    "ebitdaratio": 0.1237313661,
    "operatingIncome": 86949000,
    "operatingIncomeRatio": 0.1178645064,
    "totalOtherIncomeExpensesNet": 24752000,
    "incomeBeforeTax": 111701000,
    "incomeBeforeTaxRatio": 0.1514173048,
    "incomeTaxExpense": 44681000,
    "netIncome": 67020000,
    "netIncomeRatio": 0.0908495695,
    "eps": 9.06,
    "epsdiluted": 9.06,
    "weightedAverageShsOut": 7397589,
    "weightedAverageShsOutDil": 7397589,
    "link": "https://www.sec.gov/Archives/edgar/data/906163/000092838502000316/0000928385-02-000316-index.htm",
    "finalLink": "https://www.sec.gov/Archives/edgar/data/906163/000092838502000316/d10k.txt"
  },
  {
    "date": "2001-09-30",
    "symbol": "NVR",
    "reportedCurrency": "USD",
    "cik": "0000906163",
    "fillingDate": "2001-10-18",
    "acceptedDate": "2001-10-18 00:00:00",
    "calendarYear": "2001",
    "period": "Q3",
    "revenue": 692813000,
    "costOfRevenue": 530041000,
    "grossProfit": 162772000,
    "grossProfitRatio": 0.2349436284,
    "researchAndDevelopmentExpenses": 0,
    "generalAndAdministrativeExpenses": 54747000,
    "sellingAndMarketingExpenses": 0,
    "sellingGeneralAndAdministrativeExpenses": 54747000,
    "otherExpenses": 2085000,
    "operatingExpenses": 56832000,
    "costAndExpenses": 586873000,
    "interestIncome": 0,
    "interestExpense": 0,
    "depreciationAndAmortization": 3572000,
    "ebitda": 109512000,
    "ebitdaratio": 0.1580686275,
    "operatingIncome": 105940000,
    "operatingIncomeRatio": 0.1529128351,
    "totalOtherIncomeExpensesNet": -1786000,
    "incomeBeforeTax": 104154000,
    "incomeBeforeTaxRatio": 0.1503349389,
    "incomeTaxExpense": 41662000,
    "netIncome": 62492000,
    "netIncomeRatio": 0.090200386,
    "eps": 8.02,
    "epsdiluted": 6.68,
    "weightedAverageShsOut": 7792020,
    "weightedAverageShsOutDil": 9355090,
    "link": "https://www.sec.gov/Archives/edgar/data/906163/000092838501502133/0000928385-01-502133-index.htm",
    "finalLink": "https://www.sec.gov/Archives/edgar/data/906163/000092838501502133/d10q.txt"
  },
  {
    "date": "2001-06-30",
    "symbol": "NVR",
    "reportedCurrency": "USD",
    "cik": "0000906163",
    "fillingDate": "2001-07-26",
    "acceptedDate": "2001-07-26 00:00:00",
    "calendarYear": "2001",
    "period": "Q2",
    "revenue": 648465000,
    "costOfRevenue": 505676000,
    "grossProfit": 142789000,
    "grossProfitRatio": 0.2201953845,
    "researchAndDevelopmentExpenses": 0,
    "generalAndAdministrativeExpenses": 54041000,
    "sellingAndMarketingExpenses": 0,
    "sellingGeneralAndAdministrativeExpenses": 54041000,
    "otherExpenses": 2086000,
    "operatingExpenses": 56127000,
    "costAndExpenses": 561803000,
    "interestIncome": 0,
    "interestExpense": 0,
    "depreciationAndAmortization": 4022000,
    "ebitda": 90684000,
    "ebitdaratio": 0.1398440934,
    "operatingIncome": 86662000,
    "operatingIncomeRatio": 0.133641754,
    "totalOtherIncomeExpensesNet": 12274000,
    "incomeBeforeTax": 98936000,
    "incomeBeforeTaxRatio": 0.1525695296,
    "incomeTaxExpense": 39574000,
    "netIncome": 59362000,
    "netIncomeRatio": 0.0915423346,
    "eps": 7.3,
    "epsdiluted": 6.1,
    "weightedAverageShsOut": 8131781,
    "weightedAverageShsOutDil": 9731475,
    "link": "https://www.sec.gov/Archives/edgar/data/906163/000102140801503927/0001021408-01-503927-index.htm",
    "finalLink": "https://www.sec.gov/Archives/edgar/data/906163/000102140801503927/d10q.txt"
  },
  {
    "date": "2001-03-31",
    "symbol": "NVR",
    "reportedCurrency": "USD",
    "cik": "0000906163",
    "fillingDate": "2001-04-30",
    "acceptedDate": "2001-04-30 00:00:00",
    "calendarYear": "2001",
    "period": "Q1",
    "revenue": 531696000,
    "costOfRevenue": 407165000,
    "grossProfit": 124531000,
    "grossProfitRatio": 0.234214664,
    "researchAndDevelopmentExpenses": 0,
    "generalAndAdministrativeExpenses": 39434000,
    "sellingAndMarketingExpenses": 0,
    "sellingGeneralAndAdministrativeExpenses": 39434000,
    "otherExpenses": 2085000,
    "operatingExpenses": 41519000,
    "costAndExpenses": 448684000,
    "interestIncome": 0,
    "interestExpense": 0,
    "depreciationAndAmortization": 3240000,
    "ebitda": 86252000,
    "ebitdaratio": 0.162220517,
    "operatingIncome": 83012000,
    "operatingIncomeRatio": 0.1561268093,
    "totalOtherIncomeExpensesNet": -3145000,
    "incomeBeforeTax": 79867000,
    "incomeBeforeTaxRatio": 0.1502117751,
    "incomeTaxExpense": 31947000,
    "netIncome": 47920000,
    "netIncomeRatio": 0.0901266889,
    "eps": 5.74,
    "epsdiluted": 4.84,
    "weightedAverageShsOut": 8348432,
    "weightedAverageShsOutDil": 9900826,
    "link": "https://www.sec.gov/Archives/edgar/data/906163/000102140801500457/0001021408-01-500457-index.htm",
    "finalLink": "https://www.sec.gov/Archives/edgar/data/906163/000102140801500457/d10q.txt"
  },
  {
    "date": "2000-12-31",
    "symbol": "NVR",
    "reportedCurrency": "USD",
    "cik": "0000906163",
    "fillingDate": "2001-03-07",
    "acceptedDate": "2001-03-07 00:00:00",
    "calendarYear": "2000",
    "period": "Q4",
    "revenue": 629991000,
    "costOfRevenue": 492498000,
    "grossProfit": 137493000,
    "grossProfitRatio": 0.2182459749,
    "researchAndDevelopmentExpenses": 0,
    "generalAndAdministrativeExpenses": 52295000,
    "sellingAndMarketingExpenses": 0,
    "sellingGeneralAndAdministrativeExpenses": 52295000,
    "otherExpenses": 3574000,
    "operatingExpenses": 55869000,
    "costAndExpenses": 548367000,
    "interestIncome": 0,
    "interestExpense": 0,
    "depreciationAndAmortization": 3574000,
    "ebitda": 85198000,
    "ebitdaratio": 0.1352368526,
    "operatingIncome": 81624000,
    "operatingIncomeRatio": 0.1295637557,
    "totalOtherIncomeExpensesNet": -3120000,
    "incomeBeforeTax": 78504000,
    "incomeBeforeTaxRatio": 0.124611304,
    "incomeTaxExpense": 31950000,
    "netIncome": 46554000,
    "netIncomeRatio": 0.0738962938,
    "eps": 5.58,
    "epsdiluted": 5.58,
    "weightedAverageShsOut": 8348432,
    "weightedAverageShsOutDil": 8348432,
    "link": "https://www.sec.gov/Archives/edgar/data/906163/000092838501000729/0000928385-01-000729-index.htm",
    "finalLink": "https://www.sec.gov/Archives/edgar/data/906163/000092838501000729/0000928385-01-000729-0001.txt"
  },
  {
    "date": "2000-09-30",
    "symbol": "NVR",
    "reportedCurrency": "USD",
    "cik": "0000906163",
    "fillingDate": "2000-10-25",
    "acceptedDate": "2000-10-25 00:00:00",
    "calendarYear": "2000",
    "period": "Q3",
    "revenue": 617672000,
    "costOfRevenue": 484150000,
    "grossProfit": 133522000,
    "grossProfitRatio": 0.2161697471,
    "researchAndDevelopmentExpenses": 0,
    "generalAndAdministrativeExpenses": 52351000,
    "sellingAndMarketingExpenses": 0,
    "sellingGeneralAndAdministrativeExpenses": 52351000,
    "otherExpenses": 3349000,
    "operatingExpenses": 55700000,
    "costAndExpenses": 539850000,
    "interestIncome": 0,
    "interestExpense": 0,
    "depreciationAndAmortization": 3349000,
    "ebitda": 81171000,
    "ebitdaratio": 0.1314144076,
    "operatingIncome": 77822000,
    "operatingIncomeRatio": 0.1259924361,
    "totalOtherIncomeExpensesNet": -3768000,
    "incomeBeforeTax": 74054000,
    "incomeBeforeTaxRatio": 0.119892111,
    "incomeTaxExpense": 30140000,
    "netIncome": 43914000,
    "netIncomeRatio": 0.0710959862,
    "eps": 4.93,
    "epsdiluted": 3.97,
    "weightedAverageShsOut": 8907505,
    "weightedAverageShsOutDil": 11061461,
    "link": "https://www.sec.gov/Archives/edgar/data/906163/000092838500002873/0000928385-00-002873-index.htm",
    "finalLink": "https://www.sec.gov/Archives/edgar/data/906163/000092838500002873/0000928385-00-002873-0001.txt"
  },
  {
    "date": "2000-06-30",
    "symbol": "NVR",
    "reportedCurrency": "USD",
    "cik": "0000906163",
    "fillingDate": "2000-07-26",
    "acceptedDate": "2000-07-26 00:00:00",
    "calendarYear": "2000",
    "period": "Q2",
    "revenue": 558506000,
    "costOfRevenue": 453590000,
    "grossProfit": 104916000,
    "grossProfitRatio": 0.1878511601,
    "researchAndDevelopmentExpenses": 0,
    "generalAndAdministrativeExpenses": 44614000,
    "sellingAndMarketingExpenses": 0,
    "sellingGeneralAndAdministrativeExpenses": 44614000,
    "otherExpenses": 3478000,
    "operatingExpenses": 48092000,
    "costAndExpenses": 501682000,
    "interestIncome": 0,
    "interestExpense": 0,
    "depreciationAndAmortization": 3478000,
    "ebitda": 60302000,
    "ebitdaratio": 0.1079701919,
    "operatingIncome": 56824000,
    "operatingIncomeRatio": 0.101742864,
    "totalOtherIncomeExpensesNet": 5914000,
    "incomeBeforeTax": 62738000,
    "incomeBeforeTaxRatio": 0.1123318281,
    "incomeTaxExpense": 25534000,
    "netIncome": 37204000,
    "netIncomeRatio": 0.0666134294,
    "eps": 4.09,
    "epsdiluted": 3.37,
    "weightedAverageShsOut": 9096333,
    "weightedAverageShsOutDil": 11039763,
    "link": "https://www.sec.gov/Archives/edgar/data/906163/000092838500002007/0000928385-00-002007-index.htm",
    "finalLink": "https://www.sec.gov/Archives/edgar/data/906163/000092838500002007/0000928385-00-002007-0001.txt"
  },
  {
    "date": "2000-03-31",
    "symbol": "NVR",
    "reportedCurrency": "USD",
    "cik": "0000906163",
    "fillingDate": "2000-05-02",
    "acceptedDate": "2000-05-02 00:00:00",
    "calendarYear": "2000",
    "period": "Q1",
    "revenue": 490581000,
    "costOfRevenue": 398487000,
    "grossProfit": 92094000,
    "grossProfitRatio": 0.1877243513,
    "researchAndDevelopmentExpenses": 0,
    "generalAndAdministrativeExpenses": 37185000,
    "sellingAndMarketingExpenses": 0,
    "sellingGeneralAndAdministrativeExpenses": 37185000,
    "otherExpenses": 3439000,
    "operatingExpenses": 40624000,
    "costAndExpenses": 439111000,
    "interestIncome": 0,
    "interestExpense": 0,
    "depreciationAndAmortization": 3439000,
    "ebitda": 54909000,
    "ebitdaratio": 0.1119264709,
    "operatingIncome": 51470000,
    "operatingIncomeRatio": 0.1049164154,
    "totalOtherIncomeExpensesNet": 88000,
    "incomeBeforeTax": 51558000,
    "incomeBeforeTaxRatio": 0.1050957946,
    "incomeTaxExpense": 20984000,
    "netIncome": 30574000,
    "netIncomeRatio": 0.0623220223,
    "eps": 3.22,
    "epsdiluted": 2.72,
    "weightedAverageShsOut": 9495031,
    "weightedAverageShsOutDil": 11240441,
    "link": "https://www.sec.gov/Archives/edgar/data/906163/000092838500001352/0000928385-00-001352-index.html",
    "finalLink": "https://www.sec.gov/Archives/edgar/data/906163/000092838500001352/"
  },
  {
    "date": "1999-12-31",
    "symbol": "NVR",
    "reportedCurrency": "USD",
    "cik": "0000906163",
    "fillingDate": "2000-03-08",
    "acceptedDate": "2000-03-08 00:00:00",
    "calendarYear": "1999",
    "period": "Q4",
    "revenue": 561300000,
    "costOfRevenue": 410700000,
    "grossProfit": 150600000,
    "grossProfitRatio": 0.2683057189,
    "researchAndDevelopmentExpenses": 0,
    "generalAndAdministrativeExpenses": 53200000,
    "sellingAndMarketingExpenses": 0,
    "sellingGeneralAndAdministrativeExpenses": 53200000,
    "otherExpenses": 4200000,
    "operatingExpenses": 57400000,
    "costAndExpenses": 468100000,
    "interestIncome": 0,
    "interestExpense": 0,
    "depreciationAndAmortization": 4200000,
    "ebitda": 97400000,
    "ebitdaratio": 0.1735257438,
    "operatingIncome": 93200000,
    "operatingIncomeRatio": 0.1660431142,
    "totalOtherIncomeExpensesNet": -55700000,
    "incomeBeforeTax": 37500000,
    "incomeBeforeTaxRatio": 0.0668091929,
    "incomeTaxExpense": 13200000,
    "netIncome": 24300000,
    "netIncomeRatio": 0.043292357,
    "eps": 2.56,
    "epsdiluted": 2.56,
    "weightedAverageShsOut": 9298549,
    "weightedAverageShsOutDil": 9495031,
    "link": "https://www.sec.gov/Archives/edgar/data/906163/000092838500000615/0000928385-00-000615-index.html",
    "finalLink": "https://www.sec.gov/Archives/edgar/data/906163/000092838500000615/"
  },
  {
    "date": "1999-09-30",
    "symbol": "NVR",
    "reportedCurrency": "USD",
    "cik": "0000906163",
    "fillingDate": "1999-11-02",
    "acceptedDate": "1999-11-02 00:00:00",
    "calendarYear": "1999",
    "period": "Q3",
    "revenue": 493100000,
    "costOfRevenue": 432000000,
    "grossProfit": 110900000,
    "grossProfitRatio": 0.2249036707,
    "researchAndDevelopmentExpenses": 0,
    "generalAndAdministrativeExpenses": 46700000,
    "sellingAndMarketingExpenses": 0,
    "sellingGeneralAndAdministrativeExpenses": 46700000,
    "otherExpenses": 3600000,
    "operatingExpenses": 50300000,
    "costAndExpenses": 482300000,
    "interestIncome": 0,
    "interestExpense": 0,
    "depreciationAndAmortization": 3700000,
    "ebitda": 62147000,
    "ebitdaratio": 0.126033259,
    "operatingIncome": 58400000,
    "operatingIncomeRatio": 0.1184343946,
    "totalOtherIncomeExpensesNet": -5500000,
    "incomeBeforeTax": 52900000,
    "incomeBeforeTaxRatio": 0.1072804705,
    "incomeTaxExpense": 22600000,
    "netIncome": 30300000,
    "netIncomeRatio": 0.0614479822,
    "eps": 3.06,
    "epsdiluted": 2.52,
    "weightedAverageShsOut": 9901961,
    "weightedAverageShsOutDil": 12023810,
    "link": "https://www.sec.gov/Archives/edgar/data/906163/000092838599003208/0000928385-99-003208-index.html",
    "finalLink": "https://www.sec.gov/Archives/edgar/data/906163/000092838599003208/"
  },
  {
    "date": "1999-06-30",
    "symbol": "NVR",
    "reportedCurrency": "USD",
    "cik": "0000906163",
    "fillingDate": "1999-07-27",
    "acceptedDate": "1999-07-27 00:00:00",
    "calendarYear": "1999",
    "period": "Q2",
    "revenue": 509000000,
    "costOfRevenue": 406800000,
    "grossProfit": 102200000,
    "grossProfitRatio": 0.2007858546,
    "researchAndDevelopmentExpenses": 0,
    "generalAndAdministrativeExpenses": 43400000,
    "sellingAndMarketingExpenses": 0,
    "sellingGeneralAndAdministrativeExpenses": 43400000,
    "otherExpenses": 3600000,
    "operatingExpenses": 47000000,
    "costAndExpenses": 453800000,
    "interestIncome": 0,
    "interestExpense": 0,
    "depreciationAndAmortization": 3553000,
    "ebitda": 41857000,
    "ebitdaratio": 0.0822337917,
    "operatingIncome": 55200000,
    "operatingIncomeRatio": 0.1084479371,
    "totalOtherIncomeExpensesNet": -5700000,
    "incomeBeforeTax": 49500000,
    "incomeBeforeTaxRatio": 0.0972495088,
    "incomeTaxExpense": 21200000,
    "netIncome": 28263000,
    "netIncomeRatio": 0.0555265226,
    "eps": 2.66,
    "epsdiluted": 2.26,
    "weightedAverageShsOut": 9171608,
    "weightedAverageShsOutDil": 9171608,
    "link": "https://www.sec.gov/Archives/edgar/data/906163/000092838599002367/0000928385-99-002367-index.html",
    "finalLink": "https://www.sec.gov/Archives/edgar/data/906163/000092838599002367/"
  },
  {
    "date": "1999-03-31",
    "symbol": "NVR",
    "reportedCurrency": "USD",
    "cik": "0000906163",
    "fillingDate": "1999-04-29",
    "acceptedDate": "1999-04-29 00:00:00",
    "calendarYear": "1999",
    "period": "Q1",
    "revenue": 443200000,
    "costOfRevenue": 355500000,
    "grossProfit": 87700000,
    "grossProfitRatio": 0.1978790614,
    "researchAndDevelopmentExpenses": 0,
    "generalAndAdministrativeExpenses": 37500000,
    "sellingAndMarketingExpenses": 0,
    "sellingGeneralAndAdministrativeExpenses": 37500000,
    "otherExpenses": 3200000,
    "operatingExpenses": 40700000,
    "costAndExpenses": 396200000,
    "interestIncome": 0,
    "interestExpense": 0,
    "depreciationAndAmortization": 3200000,
    "ebitda": 50200000,
    "ebitdaratio": 0.113267148,
    "operatingIncome": 47000000,
    "operatingIncomeRatio": 0.1060469314,
    "totalOtherIncomeExpensesNet": -1800000,
    "incomeBeforeTax": 45200000,
    "incomeBeforeTaxRatio": 0.1019855596,
    "incomeTaxExpense": 19200000,
    "netIncome": 26000000,
    "netIncomeRatio": 0.0586642599,
    "eps": 2.38,
    "epsdiluted": 2.02,
    "weightedAverageShsOut": 10924370,
    "weightedAverageShsOutDil": 12871287,
    "link": "https://www.sec.gov/Archives/edgar/data/906163/000092838599001484/0000928385-99-001484-index.html",
    "finalLink": "https://www.sec.gov/Archives/edgar/data/906163/"
  },
  {
    "date": "1998-12-31",
    "symbol": "NVR",
    "reportedCurrency": "USD",
    "cik": "0000906163",
    "fillingDate": "1999-03-15",
    "acceptedDate": "1999-03-15 00:00:00",
    "calendarYear": "1998",
    "period": "Q4",
    "revenue": 441500000,
    "costOfRevenue": 325900000,
    "grossProfit": 115600000,
    "grossProfitRatio": 0.2618346546,
    "researchAndDevelopmentExpenses": 0,
    "generalAndAdministrativeExpenses": 43800000,
    "sellingAndMarketingExpenses": 0,
    "sellingGeneralAndAdministrativeExpenses": 43800000,
    "otherExpenses": 3300000,
    "operatingExpenses": 47100000,
    "costAndExpenses": 373000000,
    "interestIncome": 0,
    "interestExpense": 0,
    "depreciationAndAmortization": 3300000,
    "ebitda": 71800000,
    "ebitdaratio": 0.1626274066,
    "operatingIncome": 68500000,
    "operatingIncomeRatio": 0.1551528879,
    "totalOtherIncomeExpensesNet": -44000000,
    "incomeBeforeTax": 24500000,
    "incomeBeforeTaxRatio": 0.0554926387,
    "incomeTaxExpense": 9500000,
    "netIncome": 12300000,
    "netIncomeRatio": 0.0278595696,
    "eps": 1.13,
    "epsdiluted": 1.13,
    "weightedAverageShsOut": 10663482,
    "weightedAverageShsOutDil": 10924370,
    "link": "https://www.sec.gov/Archives/edgar/data/906163/000092838599000765/0000928385-99-000765-index.html",
    "finalLink": "https://www.sec.gov/Archives/edgar/data/906163/"
  },
  {
    "date": "1998-09-30",
    "symbol": "NVR",
    "reportedCurrency": "USD",
    "cik": "0000906163",
    "fillingDate": "1998-11-06",
    "acceptedDate": "1998-11-06 00:00:00",
    "calendarYear": "1998",
    "period": "Q3",
    "revenue": 441000000,
    "costOfRevenue": 371800000,
    "grossProfit": 69200000,
    "grossProfitRatio": 0.1569160998,
    "researchAndDevelopmentExpenses": 0,
    "generalAndAdministrativeExpenses": 38000000,
    "sellingAndMarketingExpenses": 0,
    "sellingGeneralAndAdministrativeExpenses": 38000000,
    "otherExpenses": 3300000,
    "operatingExpenses": 41300000,
    "costAndExpenses": 413100000,
    "interestIncome": 0,
    "interestExpense": 0,
    "depreciationAndAmortization": 3300000,
    "ebitda": 31200000,
    "ebitdaratio": 0.0707482993,
    "operatingIncome": 27900000,
    "operatingIncomeRatio": 0.0632653061,
    "totalOtherIncomeExpensesNet": 9100000,
    "incomeBeforeTax": 37000000,
    "incomeBeforeTaxRatio": 0.0839002268,
    "incomeTaxExpense": 12200000,
    "netIncome": 24800000,
    "netIncomeRatio": 0.0562358277,
    "eps": 2.25,
    "epsdiluted": 1.87,
    "weightedAverageShsOut": 11022222,
    "weightedAverageShsOutDil": 13262032,
    "link": "https://www.sec.gov/Archives/edgar/data/906163/000092838598002198/0000928385-98-002198-index.html",
    "finalLink": "https://www.sec.gov/Archives/edgar/data/906163/"
  },
  {
    "date": "1998-06-30",
    "symbol": "NVR",
    "reportedCurrency": "USD",
    "cik": "0000906163",
    "fillingDate": "1998-07-29",
    "acceptedDate": "1998-07-29 00:00:00",
    "calendarYear": "1998",
    "period": "Q2",
    "revenue": 385700000,
    "costOfRevenue": 324700000,
    "grossProfit": 61000000,
    "grossProfitRatio": 0.1581540057,
    "researchAndDevelopmentExpenses": 0,
    "generalAndAdministrativeExpenses": 36000000,
    "sellingAndMarketingExpenses": 0,
    "sellingGeneralAndAdministrativeExpenses": 36000000,
    "otherExpenses": 3300000,
    "operatingExpenses": 39300000,
    "costAndExpenses": 364000000,
    "interestIncome": 0,
    "interestExpense": 0,
    "depreciationAndAmortization": 3300000,
    "ebitda": 25000000,
    "ebitdaratio": 0.0648172155,
    "operatingIncome": 21700000,
    "operatingIncomeRatio": 0.056261343,
    "totalOtherIncomeExpensesNet": 7100000,
    "incomeBeforeTax": 28800000,
    "incomeBeforeTaxRatio": 0.0746694322,
    "incomeTaxExpense": 13300000,
    "netIncome": 8800000,
    "netIncomeRatio": 0.0228156598,
    "eps": 0.77,
    "epsdiluted": 0.65,
    "weightedAverageShsOut": 11428571,
    "weightedAverageShsOutDil": 13538462,
    "link": "https://www.sec.gov/Archives/edgar/data/906163/000092838598001507/0000928385-98-001507-index.html",
    "finalLink": "https://www.sec.gov/Archives/edgar/data/906163/"
  },
  {
    "date": "1998-03-31",
    "symbol": "NVR",
    "reportedCurrency": "USD",
    "cik": "0000906163",
    "fillingDate": "1998-05-12",
    "acceptedDate": "1998-05-12 00:00:00",
    "calendarYear": "1998",
    "period": "Q1",
    "revenue": 291500000,
    "costOfRevenue": 246700000,
    "grossProfit": 44800000,
    "grossProfitRatio": 0.1536878216,
    "researchAndDevelopmentExpenses": 0,
    "generalAndAdministrativeExpenses": 25500000,
    "sellingAndMarketingExpenses": 0,
    "sellingGeneralAndAdministrativeExpenses": 25500000,
    "otherExpenses": 3500000,
    "operatingExpenses": 29000000,
    "costAndExpenses": 275700000,
    "interestIncome": 0,
    "interestExpense": 0,
    "depreciationAndAmortization": 3500000,
    "ebitda": 19300000,
    "ebitdaratio": 0.0662092624,
    "operatingIncome": 15800000,
    "operatingIncomeRatio": 0.0542024014,
    "totalOtherIncomeExpensesNet": 4400000,
    "incomeBeforeTax": 20200000,
    "incomeBeforeTaxRatio": 0.069296741,
    "incomeTaxExpense": 9300000,
    "netIncome": 10900000,
    "netIncomeRatio": 0.0373927959,
    "eps": 0.95,
    "epsdiluted": 0.81,
    "weightedAverageShsOut": 11473684,
    "weightedAverageShsOutDil": 13456790,
    "link": "https://www.sec.gov/Archives/edgar/data/906163/000092838598000984/0000928385-98-000984-index.html",
    "finalLink": "https://www.sec.gov/Archives/edgar/data/906163/"
  },
  {
    "date": "1997-12-31",
    "symbol": "NVR",
    "reportedCurrency": "USD",
    "cik": "0000906163",
    "fillingDate": "1998-03-09",
    "acceptedDate": "1998-03-09 00:00:00",
    "calendarYear": "1997",
    "period": "Q4",
    "revenue": 298500000,
    "costOfRevenue": 271800000,
    "grossProfit": 26700000,
    "grossProfitRatio": 0.0894472362,
    "researchAndDevelopmentExpenses": 0,
    "generalAndAdministrativeExpenses": 37700000,
    "sellingAndMarketingExpenses": 0,
    "sellingGeneralAndAdministrativeExpenses": 37700000,
    "otherExpenses": 3500000,
    "operatingExpenses": 41200000,
    "costAndExpenses": 313000000,
    "interestIncome": 0,
    "interestExpense": 0,
    "depreciationAndAmortization": 3500000,
    "ebitda": -11000000,
    "ebitdaratio": -0.0368509213,
    "operatingIncome": -14500000,
    "operatingIncomeRatio": -0.0485762144,
    "totalOtherIncomeExpensesNet": 23700000,
    "incomeBeforeTax": 9200000,
    "incomeBeforeTaxRatio": 0.0308207705,
    "incomeTaxExpense": 4100000,
    "netIncome": 5100000,
    "netIncomeRatio": 0.0170854271,
    "eps": 0.44,
    "epsdiluted": 0.44,
    "weightedAverageShsOut": 11473684,
    "weightedAverageShsOutDil": 11473684,
    "link": "https://www.sec.gov/Archives/edgar/data/906163/000102140898000150/0001021408-98-000150-index.html",
    "finalLink": "https://www.sec.gov/Archives/edgar/data/906163/"
  },
  {
    "date": "1997-09-30",
    "symbol": "NVR",
    "reportedCurrency": "USD",
    "cik": "0000906163",
    "fillingDate": "1997-10-31",
    "acceptedDate": "1997-10-31 00:00:00",
    "calendarYear": "1997",
    "period": "Q3",
    "revenue": 323300000,
    "costOfRevenue": 271000000,
    "grossProfit": 52300000,
    "grossProfitRatio": 0.1617692546,
    "researchAndDevelopmentExpenses": 0,
    "generalAndAdministrativeExpenses": 29000000,
    "sellingAndMarketingExpenses": 0,
    "sellingGeneralAndAdministrativeExpenses": 29000000,
    "otherExpenses": 3200000,
    "operatingExpenses": 32200000,
    "costAndExpenses": 303200000,
    "interestIncome": 0,
    "interestExpense": 0,
    "depreciationAndAmortization": 3200000,
    "ebitda": 23300000,
    "ebitdaratio": 0.0720692855,
    "operatingIncome": 20100000,
    "operatingIncomeRatio": 0.0621713579,
    "totalOtherIncomeExpensesNet": -3200000,
    "incomeBeforeTax": 16900000,
    "incomeBeforeTaxRatio": 0.0522734303,
    "incomeTaxExpense": 7900000,
    "netIncome": 9000000,
    "netIncomeRatio": 0.0278379214,
    "eps": 0.68,
    "epsdiluted": 0.68,
    "weightedAverageShsOut": 13235294,
    "weightedAverageShsOutDil": 13235294,
    "link": "https://www.sec.gov/Archives/edgar/data/906163/000095010997006567/0000950109-97-006567-index.html",
    "finalLink": "https://www.sec.gov/Archives/edgar/data/906163/"
  },
  {
    "date": "1997-06-30",
    "symbol": "NVR",
    "reportedCurrency": "USD",
    "cik": "0000906163",
    "fillingDate": "1997-07-25",
    "acceptedDate": "1997-07-25 00:00:00",
    "calendarYear": "1997",
    "period": "Q2",
    "revenue": 288100000,
    "costOfRevenue": 241400000,
    "grossProfit": 46700000,
    "grossProfitRatio": 0.1620964943,
    "researchAndDevelopmentExpenses": 0,
    "generalAndAdministrativeExpenses": 22900000,
    "sellingAndMarketingExpenses": 0,
    "sellingGeneralAndAdministrativeExpenses": 22900000,
    "otherExpenses": 3300000,
    "operatingExpenses": 26200000,
    "costAndExpenses": 267600000,
    "interestIncome": 0,
    "interestExpense": 0,
    "depreciationAndAmortization": 3300000,
    "ebitda": 23800000,
    "ebitdaratio": 0.0826102048,
    "operatingIncome": 20500000,
    "operatingIncomeRatio": 0.0711558487,
    "totalOtherIncomeExpensesNet": -3500000,
    "incomeBeforeTax": 17000000,
    "incomeBeforeTaxRatio": 0.0590072891,
    "incomeTaxExpense": 8000000,
    "netIncome": 9000000,
    "netIncomeRatio": 0.0312391531,
    "eps": 0.71,
    "epsdiluted": 0.71,
    "weightedAverageShsOut": 12676056,
    "weightedAverageShsOutDil": 12676056,
    "link": "https://www.sec.gov/Archives/edgar/data/906163/000092838597001192/0000928385-97-001192-index.html",
    "finalLink": "https://www.sec.gov/Archives/edgar/data/906163/"
  },
  {
    "date": "1997-03-31",
    "symbol": "NVR",
    "reportedCurrency": "USD",
    "cik": "0000906163",
    "fillingDate": "1997-04-24",
    "acceptedDate": "1997-04-24 00:00:00",
    "calendarYear": "1997",
    "period": "Q1",
    "revenue": 244100000,
    "costOfRevenue": 206100000,
    "grossProfit": 38000000,
    "grossProfitRatio": 0.1556739041,
    "researchAndDevelopmentExpenses": 0,
    "generalAndAdministrativeExpenses": 21100000,
    "sellingAndMarketingExpenses": 0,
    "sellingGeneralAndAdministrativeExpenses": 21100000,
    "otherExpenses": 3300000,
    "operatingExpenses": 24400000,
    "costAndExpenses": 230500000,
    "interestIncome": 0,
    "interestExpense": 0,
    "depreciationAndAmortization": 3300000,
    "ebitda": 16900000,
    "ebitdaratio": 0.0692339205,
    "operatingIncome": 13600000,
    "operatingIncomeRatio": 0.055714871,
    "totalOtherIncomeExpensesNet": -2700000,
    "incomeBeforeTax": 10900000,
    "incomeBeforeTaxRatio": 0.0446538304,
    "incomeTaxExpense": 5100000,
    "netIncome": 5800000,
    "netIncomeRatio": 0.0237607538,
    "eps": 0.42,
    "epsdiluted": 0.42,
    "weightedAverageShsOut": 13809524,
    "weightedAverageShsOutDil": 13809524,
    "link": "https://www.sec.gov/Archives/edgar/data/906163/000092838597000694/0000928385-97-000694-index.html",
    "finalLink": "https://www.sec.gov/Archives/edgar/data/906163/"
  },
  {
    "date": "1996-12-31",
    "symbol": "NVR",
    "reportedCurrency": "USD",
    "cik": "0000906163",
    "fillingDate": "1997-03-12",
    "acceptedDate": "1997-03-12 00:00:00",
    "calendarYear": "1996",
    "period": "Q4",
    "revenue": 254400000,
    "costOfRevenue": 212500000,
    "grossProfit": 41900000,
    "grossProfitRatio": 0.1647012579,
    "researchAndDevelopmentExpenses": 0,
    "generalAndAdministrativeExpenses": 25500000,
    "sellingAndMarketingExpenses": 0,
    "sellingGeneralAndAdministrativeExpenses": 25500000,
    "otherExpenses": 6200000,
    "operatingExpenses": 31700000,
    "costAndExpenses": 244200000,
    "interestIncome": 0,
    "interestExpense": 0,
    "depreciationAndAmortization": 6200000,
    "ebitda": 16400000,
    "ebitdaratio": 0.0644654088,
    "operatingIncome": 10200000,
    "operatingIncomeRatio": 0.0400943396,
    "totalOtherIncomeExpensesNet": -2600000,
    "incomeBeforeTax": 7600000,
    "incomeBeforeTaxRatio": 0.0298742138,
    "incomeTaxExpense": 2600000,
    "netIncome": 5000000,
    "netIncomeRatio": 0.0196540881,
    "eps": 0.36,
    "epsdiluted": 0.36,
    "weightedAverageShsOut": 13809524,
    "weightedAverageShsOutDil": 13809524,
    "link": "https://www.sec.gov/Archives/edgar/data/906163/000095010997002133/0000950109-97-002133-index.html",
    "finalLink": "https://www.sec.gov/Archives/edgar/data/906163/"
  },
  {
    "date": "1996-09-30",
    "symbol": "NVR",
    "reportedCurrency": "USD",
    "cik": "0000906163",
    "fillingDate": "1996-10-25",
    "acceptedDate": "1996-10-25 00:00:00",
    "calendarYear": "1996",
    "period": "Q3",
    "revenue": 318900000,
    "costOfRevenue": 270600000,
    "grossProfit": 48300000,
    "grossProfitRatio": 0.1514581373,
    "researchAndDevelopmentExpenses": 0,
    "generalAndAdministrativeExpenses": 27100000,
    "sellingAndMarketingExpenses": 0,
    "sellingGeneralAndAdministrativeExpenses": 27100000,
    "otherExpenses": 1800000,
    "operatingExpenses": 28900000,
    "costAndExpenses": 299500000,
    "interestIncome": 0,
    "interestExpense": 0,
    "depreciationAndAmortization": 1800000,
    "ebitda": 21200000,
    "ebitdaratio": 0.0664785199,
    "operatingIncome": 19400000,
    "operatingIncomeRatio": 0.0608341173,
    "totalOtherIncomeExpensesNet": -3000000,
    "incomeBeforeTax": 16400000,
    "incomeBeforeTaxRatio": 0.0514267796,
    "incomeTaxExpense": 8100000,
    "netIncome": 8300000,
    "netIncomeRatio": 0.0260269677,
    "eps": 0.58,
    "epsdiluted": 0.58,
    "weightedAverageShsOut": 14310345,
    "weightedAverageShsOutDil": 14310345,
    "link": "https://www.sec.gov/Archives/edgar/data/906163/000091205796023699/0000912057-96-023699-index.html",
    "finalLink": "https://www.sec.gov/Archives/edgar/data/906163/"
  },
  {
    "date": "1996-06-30",
    "symbol": "NVR",
    "reportedCurrency": "USD",
    "cik": "0000906163",
    "fillingDate": "1996-07-25",
    "acceptedDate": "1996-07-25 00:00:00",
    "calendarYear": "1996",
    "period": "Q2",
    "revenue": 283500000,
    "costOfRevenue": 243700000,
    "grossProfit": 39800000,
    "grossProfitRatio": 0.1403880071,
    "researchAndDevelopmentExpenses": 0,
    "generalAndAdministrativeExpenses": 0,
    "sellingAndMarketingExpenses": 0,
    "sellingGeneralAndAdministrativeExpenses": 22200000,
    "otherExpenses": 3700000,
    "operatingExpenses": 25900000,
    "costAndExpenses": 269600000,
    "interestIncome": 0,
    "interestExpense": 0,
    "depreciationAndAmortization": 3700000,
    "ebitda": 17600000,
    "ebitdaratio": 0.0620811287,
    "operatingIncome": 13900000,
    "operatingIncomeRatio": 0.0490299824,
    "totalOtherIncomeExpensesNet": 3500000,
    "incomeBeforeTax": 17400000,
    "incomeBeforeTaxRatio": 0.0613756614,
    "incomeTaxExpense": 8600000,
    "netIncome": 8800000,
    "netIncomeRatio": 0.0310405644,
    "eps": 0.56,
    "epsdiluted": 0.56,
    "weightedAverageShsOut": 15714286,
    "weightedAverageShsOutDil": 15714286,
    "link": "https://www.sec.gov/Archives/edgar/data/906163/000091205796015406/0000912057-96-015406-index.html",
    "finalLink": "https://www.sec.gov/Archives/edgar/data/906163/"
  },
  {
    "date": "1996-03-31",
    "symbol": "NVR",
    "reportedCurrency": "USD",
    "cik": "0000906163",
    "fillingDate": "1996-03-31",
    "acceptedDate": "1996-03-31 00:00:00",
    "calendarYear": "1996",
    "period": "Q1",
    "revenue": 200200000,
    "costOfRevenue": 172200000,
    "grossProfit": 28000000,
    "grossProfitRatio": 0.1398601399,
    "researchAndDevelopmentExpenses": 0,
    "generalAndAdministrativeExpenses": 0,
    "sellingAndMarketingExpenses": 0,
    "sellingGeneralAndAdministrativeExpenses": 19900000,
    "otherExpenses": 3700000,
    "operatingExpenses": 23600000,
    "costAndExpenses": 195800000,
    "interestIncome": 0,
    "interestExpense": 0,
    "depreciationAndAmortization": 3700000,
    "ebitda": 8100000,
    "ebitdaratio": 0.0404595405,
    "operatingIncome": 4400000,
    "operatingIncomeRatio": 0.021978022,
    "totalOtherIncomeExpensesNet": 3000000,
    "incomeBeforeTax": 7400000,
    "incomeBeforeTaxRatio": 0.036963037,
    "incomeTaxExpense": 3700000,
    "netIncome": 3700000,
    "netIncomeRatio": 0.0184815185,
    "eps": 0.23,
    "epsdiluted": 0.23,
    "weightedAverageShsOut": 16086957,
    "weightedAverageShsOutDil": 16086957,
    "link": null,
    "finalLink": null
  },
  {
    "date": "1995-12-31",
    "symbol": "NVR",
    "reportedCurrency": "USD",
    "cik": "0000906163",
    "fillingDate": "1995-12-31",
    "acceptedDate": "1995-12-31 00:00:00",
    "calendarYear": "1995",
    "period": "Q4",
    "revenue": 244800000,
    "costOfRevenue": 217000000,
    "grossProfit": 27800000,
    "grossProfitRatio": 0.1135620915,
    "researchAndDevelopmentExpenses": 0,
    "generalAndAdministrativeExpenses": 0,
    "sellingAndMarketingExpenses": 0,
    "sellingGeneralAndAdministrativeExpenses": 29600000,
    "otherExpenses": 3900000,
    "operatingExpenses": 33500000,
    "costAndExpenses": 250500000,
    "interestIncome": 0,
    "interestExpense": 0,
    "depreciationAndAmortization": 3900000,
    "ebitda": -1800000,
    "ebitdaratio": -0.0073529412,
    "operatingIncome": -5700000,
    "operatingIncomeRatio": -0.0232843137,
    "totalOtherIncomeExpensesNet": 14800000,
    "incomeBeforeTax": 9100000,
    "incomeBeforeTaxRatio": 0.0371732026,
    "incomeTaxExpense": 4300000,
    "netIncome": 4800000,
    "netIncomeRatio": 0.0196078431,
    "eps": 0.31,
    "epsdiluted": 0.31,
    "weightedAverageShsOut": 14942642,
    "weightedAverageShsOutDil": 15526316,
    "link": null,
    "finalLink": null
  },
  {
    "date": "1995-09-30",
    "symbol": "NVR",
    "reportedCurrency": "USD",
    "cik": "0000906163",
    "fillingDate": "1995-09-30",
    "acceptedDate": "1995-09-30 00:00:00",
    "calendarYear": "1995",
    "period": "Q3",
    "revenue": 263300000,
    "costOfRevenue": 219200000,
    "grossProfit": 44100000,
    "grossProfitRatio": 0.1674895556,
    "researchAndDevelopmentExpenses": 0,
    "generalAndAdministrativeExpenses": 0,
    "sellingAndMarketingExpenses": 0,
    "sellingGeneralAndAdministrativeExpenses": 25000000,
    "otherExpenses": 3900000,
    "operatingExpenses": 28900000,
    "costAndExpenses": 248100000,
    "interestIncome": 0,
    "interestExpense": 0,
    "depreciationAndAmortization": 3900000,
    "ebitda": 19100000,
    "ebitdaratio": 0.072540828,
    "operatingIncome": 15200000,
    "operatingIncomeRatio": 0.0577288264,
    "totalOtherIncomeExpensesNet": -3400000,
    "incomeBeforeTax": 11800000,
    "incomeBeforeTaxRatio": 0.0448157995,
    "incomeTaxExpense": 5900000,
    "netIncome": 5900000,
    "netIncomeRatio": 0.0224078997,
    "eps": 0.38,
    "epsdiluted": 0.38,
    "weightedAverageShsOut": 15526316,
    "weightedAverageShsOutDil": 15526316,
    "link": null,
    "finalLink": null
  }
]