[
  {
    "date": "2024-12-31",
    "symbol": "NVR",
    "reportedCurrency": "USD",
    "cik": "0000906163",
    "fillingDate": "2025-02-12",
    "acceptedDate": "2025-02-12 15:26:37",
    "calendarYear": "2024",
    "period": "FY",
    "revenue": 10543571000,
    "costOfRevenue": 7850549000,
    "grossProfit": 2693022000,
    "grossProfitRatio": 0.2554183967,
    "researchAndDevelopmentExpenses": 0,
    "generalAndAdministrativeExpenses": 699103000,
    "sellingAndMarketingExpenses": 0,
    "sellingGeneralAndAdministrativeExpenses": 699103000,
    "otherExpenses": 6360000,
    "operatingExpenses": 705463000,
    "costAndExpenses": 8556012000,
    "interestIncome": 0,
    "interestExpense": 27783000,
    "depreciationAndAmortization": 18375000,
    "ebitda": 2161664000,
    "ebitdaratio": 0.2050219987,
    "operatingIncome": 1987559000,
    "operatingIncomeRatio": 0.1885090924,
    "totalOtherIncomeExpensesNet": 127947000,
    "incomeBeforeTax": 2115506000,
    "incomeBeforeTaxRatio": 0.2006441651,
    "incomeTaxExpense": 433578000,
    "netIncome": 1681928000,
    "netIncomeRatio": 0.1595216649,
    "eps": 540.88,
    "epsdiluted": 506.69,
    "weightedAverageShsOut": 3110000,
    "weightedAverageShsOutDil": 3319000,
    "link": "https://www.sec.gov/Archives/edgar/data/906163/000090616325000011/0000906163-25-000011-index.htm",
    "finalLink": "https://www.sec.gov/Archives/edgar/data/906163/000090616325000011/nvr-20241231.htm"
  },
  {
    "date": "2023-12-31",
    "symbol": "NVR",
    "reportedCurrency": "USD",
    "cik": "0000906163",
    "fillingDate": "2024-02-14",
    "acceptedDate": "2024-02-14 16:34:39",
    "calendarYear": "2023",
    "period": "FY",
    "revenue": 9534889000,
    "costOfRevenue": 7051198000,
    "grossProfit": 2483691000,
    "grossProfitRatio": 0.2604845216,
    "researchAndDevelopmentExpenses": 0,
    "generalAndAdministrativeExpenses": 680037000,
    "sellingAndMarketingExpenses": 0,
    "sellingGeneralAndAdministrativeExpenses": 680037000,
    "otherExpenses": -18801000,
    "operatingExpenses": 661236000,
    "costAndExpenses": 7712434000,
    "interestIncome": 0,
    "interestExpense": 27740000,
    "depreciationAndAmortization": 16916000,
    "ebitda": 1973029000,
    "ebitdaratio": 0.2069273171,
    "operatingIncome": 1822455000,
    "operatingIncomeRatio": 0.1911354186,
    "totalOtherIncomeExpensesNet": 105918000,
    "incomeBeforeTax": 1928373000,
    "incomeBeforeTaxRatio": 0.2022438856,
    "incomeTaxExpense": 336762000,
    "netIncome": 1591611000,
    "netIncomeRatio": 0.1669249637,
    "eps": 491.52,
    "epsdiluted": 463.31,
    "weightedAverageShsOut": 3238161,
    "weightedAverageShsOutDil": 3435294,
    "link": "https://www.sec.gov/Archives/edgar/data/906163/000090616324000033/0000906163-24-000033-index.htm",
    "finalLink": "https://www.sec.gov/Archives/edgar/data/906163/000090616324000033/nvr-20231231.htm"
  },
  {
    "date": "2022-12-31",
    "symbol": "NVR",
    "reportedCurrency": "USD",
    "cik": "0000906163",
    "fillingDate": "2023-02-15",
    "acceptedDate": "2023-02-15 15:38:46",
    "calendarYear": "2022",
    "period": "FY",
    "revenue": 10538287000,
    "costOfRevenue": 7662271000,
    "grossProfit": 2876016000,
    "grossProfitRatio": 0.2729111477,
    "researchAndDevelopmentExpenses": 0,
    "generalAndAdministrativeExpenses": 625299000,
    "sellingAndMarketingExpenses": 0,
    "sellingGeneralAndAdministrativeExpenses": 625299000,
    "otherExpenses": 81533000,
    "operatingExpenses": 706832000,
    "costAndExpenses": 8369103000,
    "interestIncome": 0,
    "interestExpense": 39524000,
    "depreciationAndAmortization": 17396000,
    "ebitda": 2310114000,
    "ebitdaratio": 0.2192115284,
    "operatingIncome": 2169184000,
    "operatingIncomeRatio": 0.2058383872,
    "totalOtherIncomeExpensesNet": 84010000,
    "incomeBeforeTax": 2253194000,
    "incomeBeforeTaxRatio": 0.2138102711,
    "incomeTaxExpense": 527619000,
    "netIncome": 1725575000,
    "netIncomeRatio": 0.1637434054,
    "eps": 525.2,
    "epsdiluted": 491.82,
    "weightedAverageShsOut": 3285562,
    "weightedAverageShsOutDil": 3508524,
    "link": "https://www.sec.gov/Archives/edgar/data/906163/000090616323000023/0000906163-23-000023-index.htm",
    "finalLink": "https://www.sec.gov/Archives/edgar/data/906163/000090616323000023/nvr-20221231.htm"
  },
  {
    "date": "2021-12-31",
    "symbol": "NVR",
    "reportedCurrency": "USD",
    "cik": "0000906163",
    "fillingDate": "2022-02-16",
    "acceptedDate": "2022-02-16 16:39:25",
    "calendarYear": "2021",
    "period": "FY",
    "revenue": 8959750000,
    "costOfRevenue": 6763115000,
    "grossProfit": 2196635000,
    "grossProfitRatio": 0.2451669968,
    "researchAndDevelopmentExpenses": 0,
    "generalAndAdministrativeExpenses": 563427000,
    "sellingAndMarketingExpenses": 0,
    "sellingGeneralAndAdministrativeExpenses": 563427000,
    "otherExpenses": 162879000,
    "operatingExpenses": 726306000,
    "costAndExpenses": 7489421000,
    "interestIncome": 0,
    "interestExpense": 53117000,
    "depreciationAndAmortization": 19463000,
    "ebitda": 1661396000,
    "ebitdaratio": 0.1854288345,
    "operatingIncome": 1470329000,
    "operatingIncomeRatio": 0.1641037975,
    "totalOtherIncomeExpensesNet": 120074000,
    "incomeBeforeTax": 1590403000,
    "incomeBeforeTaxRatio": 0.1775052875,
    "incomeTaxExpense": 353684000,
    "netIncome": 1236719000,
    "netIncomeRatio": 0.1380305254,
    "eps": 345.38,
    "epsdiluted": 320.48,
    "weightedAverageShsOut": 3580800,
    "weightedAverageShsOutDil": 3858912,
    "link": "https://www.sec.gov/Archives/edgar/data/906163/000090616322000008/0000906163-22-000008-index.htm",
    "finalLink": "https://www.sec.gov/Archives/edgar/data/906163/000090616322000008/nvr-20211231.htm"
  },
  {
    "date": "2020-12-31",
    "symbol": "NVR",
    "reportedCurrency": "USD",
    "cik": "0000906163",
    "fillingDate": "2021-02-12",
    "acceptedDate": "2021-02-12 14:29:48",
    "calendarYear": "2020",
    "period": "FY",
    "revenue": 7545853000,
    "costOfRevenue": 5937401000,
    "grossProfit": 1608452000,
    "grossProfitRatio": 0.2131570811,
    "researchAndDevelopmentExpenses": 0,
    "generalAndAdministrativeExpenses": 509734000,
    "sellingAndMarketingExpenses": 0,
    "sellingGeneralAndAdministrativeExpenses": 509734000,
    "otherExpenses": 121300000,
    "operatingExpenses": 631034000,
    "costAndExpenses": 6568435000,
    "interestIncome": 0,
    "interestExpense": 40872000,
    "depreciationAndAmortization": 21992000,
    "ebitda": 1165083000,
    "ebitdaratio": 0.1544004369,
    "operatingIncome": 977418000,
    "operatingIncomeRatio": 0.1295304852,
    "totalOtherIncomeExpensesNet": 100615000,
    "incomeBeforeTax": 1078033000,
    "incomeBeforeTaxRatio": 0.1428642991,
    "incomeTaxExpense": 176785000,
    "netIncome": 901248000,
    "netIncomeRatio": 0.1194361989,
    "eps": 244.11,
    "epsdiluted": 230.09,
    "weightedAverageShsOut": 3692000,
    "weightedAverageShsOutDil": 3917000,
    "link": "https://www.sec.gov/Archives/edgar/data/906163/000090616321000017/0000906163-21-000017-index.htm",
    "finalLink": "https://www.sec.gov/Archives/edgar/data/906163/000090616321000017/nvr-20201231.htm"
  },
  {
    "date": "2019-12-31",
    "symbol": "NVR",
    "reportedCurrency": "USD",
    "cik": "0000906163",
    "fillingDate": "2020-02-19",
    "acceptedDate": "2020-02-19 15:42:43",
    "calendarYear": "2019",
    "period": "FY",
    "revenue": 7400806000,
    "costOfRevenue": 5849862000,
    "grossProfit": 1550944000,
    "grossProfitRatio": 0.2095642015,
    "researchAndDevelopmentExpenses": 0,
    "generalAndAdministrativeExpenses": 527405000,
    "sellingAndMarketingExpenses": 0,
    "sellingGeneralAndAdministrativeExpenses": 527405000,
    "otherExpenses": 75325000,
    "operatingExpenses": 602730000,
    "costAndExpenses": 6452592000,
    "interestIncome": 0,
    "interestExpense": 25380000,
    "depreciationAndAmortization": 20818000,
    "ebitda": 1070948000,
    "ebitdaratio": 0.1447069414,
    "operatingIncome": 948214000,
    "operatingIncomeRatio": 0.128123072,
    "totalOtherIncomeExpensesNet": 77581000,
    "incomeBeforeTax": 1025795000,
    "incomeBeforeTaxRatio": 0.1386058491,
    "incomeTaxExpense": 147256000,
    "netIncome": 878539000,
    "netIncomeRatio": 0.1187085569,
    "eps": 241.29,
    "epsdiluted": 221.13,
    "weightedAverageShsOut": 3641000,
    "weightedAverageShsOutDil": 3973000,
    "link": "https://www.sec.gov/Archives/edgar/data/906163/000090616320000026/0000906163-20-000026-index.htm",
    "finalLink": "https://www.sec.gov/Archives/edgar/data/906163/000090616320000026/a201910-k.htm"
  },
  {
    "date": "2018-12-31",
    "symbol": "NVR",
    "reportedCurrency": "USD",
    "cik": "0000906163",
    "fillingDate": "2019-02-13",
    "acceptedDate": "2019-02-13 16:40:11",
    "calendarYear": "2018",
    "period": "FY",
    "revenue": 7175267000,
    "costOfRevenue": 5692127000,
    "grossProfit": 1483140000,
    "grossProfitRatio": 0.2067017158,
    "researchAndDevelopmentExpenses": 0,
    "generalAndAdministrativeExpenses": 512712000,
    "sellingAndMarketingExpenses": 0,
    "sellingGeneralAndAdministrativeExpenses": 512712000,
    "otherExpenses": 75286000,
    "operatingExpenses": 587998000,
    "costAndExpenses": 6280125000,
    "interestIncome": 0,
    "interestExpense": 25081000,
    "depreciationAndAmortization": 20168000,
    "ebitda": 1003936000,
    "ebitdaratio": 0.1399161871,
    "operatingIncome": 895142000,
    "operatingIncomeRatio": 0.1247538245,
    "totalOtherIncomeExpensesNet": 64590000,
    "incomeBeforeTax": 959732000,
    "incomeBeforeTaxRatio": 0.1337555801,
    "incomeTaxExpense": 162535000,
    "netIncome": 797197000,
    "netIncomeRatio": 0.1111034614,
    "eps": 194.82,
    "epsdiluted": 194.82,
    "weightedAverageShsOut": 4092000,
    "weightedAverageShsOutDil": 4092000,
    "link": "https://www.sec.gov/Archives/edgar/data/906163/000090616319000029/0000906163-19-000029-index.htm",
    "finalLink": "https://www.sec.gov/Archives/edgar/data/906163/000090616319000029/nvr201810-k.htm"
  },
  {
    "date": "2017-12-31",
    "symbol": "NVR",
    "reportedCurrency": "USD",
    "cik": "0000906163",
    "fillingDate": "2018-02-14",
    "acceptedDate": "2018-02-14 17:37:19",
    "calendarYear": "2017",
    "period": "FY",
    "revenue": 6313690000,
    "costOfRevenue": 4990378000,
    "grossProfit": 1323312000,
    "grossProfitRatio": 0.2095940726,
    "researchAndDevelopmentExpenses": 0,
    "generalAndAdministrativeExpenses": 460800000,
    "sellingAndMarketingExpenses": 0,
    "sellingGeneralAndAdministrativeExpenses": 460800000,
    "otherExpenses": 63105000,
    "operatingExpenses": 523905000,
    "costAndExpenses": 5514283000,
    "interestIncome": 0,
    "interestExpense": 24185000,
    "depreciationAndAmortization": 22667000,
    "ebitda": 892615000,
    "ebitdaratio": 0.1413777046,
    "operatingIncome": 799407000,
    "operatingIncomeRatio": 0.1266148639,
    "totalOtherIncomeExpensesNet": 47504000,
    "incomeBeforeTax": 846911000,
    "incomeBeforeTaxRatio": 0.1341388316,
    "incomeTaxExpense": 309390000,
    "netIncome": 537521000,
    "netIncomeRatio": 0.0851357922,
    "eps": 144,
    "epsdiluted": 126.77,
    "weightedAverageShsOut": 3733000,
    "weightedAverageShsOutDil": 4240000,
    "link": "https://www.sec.gov/Archives/edgar/data/906163/000090616318000007/0000906163-18-000007-index.htm",
    "finalLink": "https://www.sec.gov/Archives/edgar/data/906163/000090616318000007/a201710-k.htm"
  },
  {
    "date": "2016-12-31",
    "symbol": "NVR",
    "reportedCurrency": "USD",
    "cik": "0000906163",
    "fillingDate": "2017-02-15",
    "acceptedDate": "2017-02-15 15:26:26",
    "calendarYear": "2016",
    "period": "FY",
    "revenue": 5830113000,
    "costOfRevenue": 4707861000,
    "grossProfit": 1122252000,
    "grossProfitRatio": 0.1924923239,
    "researchAndDevelopmentExpenses": 0,
    "generalAndAdministrativeExpenses": 443320000,
    "sellingAndMarketingExpenses": 0,
    "sellingGeneralAndAdministrativeExpenses": 443320000,
    "otherExpenses": 57209000,
    "operatingExpenses": 500529000,
    "costAndExpenses": 5208390000,
    "interestIncome": 0,
    "interestExpense": 21707000,
    "depreciationAndAmortization": 22269000,
    "ebitda": 704587000,
    "ebitdaratio": 0.1208530607,
    "operatingIncome": 621723000,
    "operatingIncomeRatio": 0.1066399571,
    "totalOtherIncomeExpensesNet": 39974000,
    "incomeBeforeTax": 661697000,
    "incomeBeforeTaxRatio": 0.1134964279,
    "incomeTaxExpense": 236435000,
    "netIncome": 425262000,
    "netIncomeRatio": 0.0729423255,
    "eps": 110.53,
    "epsdiluted": 103.61,
    "weightedAverageShsOut": 3847000,
    "weightedAverageShsOutDil": 4104000,
    "link": "https://www.sec.gov/Archives/edgar/data/906163/000156459017001623/0001564590-17-001623-index.htm",
    "finalLink": "https://www.sec.gov/Archives/edgar/data/906163/000156459017001623/nvr-10k_20161231.htm"
  },
  {
    "date": "2015-12-31",
    "symbol": "NVR",
    "reportedCurrency": "USD",
    "cik": "0000906163",
    "fillingDate": "2016-02-17",
    "acceptedDate": "2016-02-17 16:03:38",
    "calendarYear": "2015",
    "period": "FY",
    "revenue": 5165493000,
    "costOfRevenue": 4118782000,
    "grossProfit": 1046711000,
    "grossProfitRatio": 0.2026352567,
    "researchAndDevelopmentExpenses": 0,
    "generalAndAdministrativeExpenses": 424009000,
    "sellingAndMarketingExpenses": 0,
    "sellingGeneralAndAdministrativeExpenses": 424009000,
    "otherExpenses": 44455000,
    "operatingExpenses": 468464000,
    "costAndExpenses": 4587246000,
    "interestIncome": 0,
    "interestExpense": 23559000,
    "depreciationAndAmortization": 21534000,
    "ebitda": 647664000,
    "ebitdaratio": 0.1253828047,
    "operatingIncome": 578247000,
    "operatingIncomeRatio": 0.1119442036,
    "totalOtherIncomeExpensesNet": 24965000,
    "incomeBeforeTax": 603212000,
    "incomeBeforeTaxRatio": 0.1167772369,
    "incomeTaxExpense": 220285000,
    "netIncome": 382927000,
    "netIncomeRatio": 0.0741317431,
    "eps": 95.21,
    "epsdiluted": 89.99,
    "weightedAverageShsOut": 4022000,
    "weightedAverageShsOutDil": 4255000,
    "link": "https://www.sec.gov/Archives/edgar/data/906163/000156459016012809/0001564590-16-012809-index.htm",
    "finalLink": "https://www.sec.gov/Archives/edgar/data/906163/000156459016012809/nvr-10k_20151231.htm"
  },
  {
    "date": "2014-12-31",
    "symbol": "NVR",
    "reportedCurrency": "USD",
    "cik": "0000906163",
    "fillingDate": "2015-02-19",
    "acceptedDate": "2015-02-19 15:22:09",
    "calendarYear": "2014",
    "period": "FY",
    "revenue": 4449508000,
    "costOfRevenue": 3568586000,
    "grossProfit": 880922000,
    "grossProfitRatio": 0.1979818892,
    "researchAndDevelopmentExpenses": 0,
    "generalAndAdministrativeExpenses": 407867000,
    "sellingAndMarketingExpenses": 0,
    "sellingGeneralAndAdministrativeExpenses": 407867000,
    "otherExpenses": 22580000,
    "operatingExpenses": 430447000,
    "costAndExpenses": 3999033000,
    "interestIncome": 0,
    "interestExpense": 23140000,
    "depreciationAndAmortization": 17614000,
    "ebitda": 493751000,
    "ebitdaratio": 0.1109675497,
    "operatingIncome": 450475000,
    "operatingIncomeRatio": 0.1012415305,
    "totalOtherIncomeExpensesNet": 3071000,
    "incomeBeforeTax": 453546000,
    "incomeBeforeTaxRatio": 0.1019317192,
    "incomeTaxExpense": 171916000,
    "netIncome": 281630000,
    "netIncomeRatio": 0.0632946384,
    "eps": 65.83,
    "epsdiluted": 63.5,
    "weightedAverageShsOut": 4278000,
    "weightedAverageShsOutDil": 4435000,
    "link": "https://www.sec.gov/Archives/edgar/data/906163/000156459015000764/0001564590-15-000764-index.htm",
    "finalLink": "https://www.sec.gov/Archives/edgar/data/906163/000156459015000764/nvr-10k_20141231.htm"
  },
  {
    "date": "2013-12-31",
    "symbol": "NVR",
    "reportedCurrency": "USD",
    "cik": "0000906163",
    "fillingDate": "2014-02-20",
    "acceptedDate": "2014-02-20 15:46:01",
    "calendarYear": "2013",
    "period": "FY",
    "revenue": 4216250000,
    "costOfRevenue": 3424204000,
    "grossProfit": 769565000,
    "grossProfitRatio": 0.1825235695,
    "researchAndDevelopmentExpenses": 0,
    "generalAndAdministrativeExpenses": 355623000,
    "sellingAndMarketingExpenses": 0,
    "sellingGeneralAndAdministrativeExpenses": 355623000,
    "otherExpenses": 35213000,
    "operatingExpenses": 390836000,
    "costAndExpenses": 3815040000,
    "interestIncome": 0,
    "interestExpense": 22385000,
    "depreciationAndAmortization": 13391000,
    "ebitda": 469927000,
    "ebitdaratio": 0.1114561518,
    "operatingIncome": 401210000,
    "operatingIncomeRatio": 0.0951580196,
    "totalOtherIncomeExpensesNet": 17486000,
    "incomeBeforeTax": 418696000,
    "incomeBeforeTaxRatio": 0.0993053068,
    "incomeTaxExpense": 152219000,
    "netIncome": 266477000,
    "netIncomeRatio": 0.0632023718,
    "eps": 56.25,
    "epsdiluted": 54.81,
    "weightedAverageShsOut": 4737000,
    "weightedAverageShsOutDil": 4862000,
    "link": "https://www.sec.gov/Archives/edgar/data/906163/000119312514060606/0001193125-14-060606-index.htm",
    "finalLink": "https://www.sec.gov/Archives/edgar/data/906163/000119312514060606/d638517d10k.htm"
  },
  {
    "date": "2012-12-31",
    "symbol": "NVR",
    "reportedCurrency": "USD",
    "cik": "0000906163",
    "fillingDate": "2013-02-19",
    "acceptedDate": "2013-02-19 15:22:17",
    "calendarYear": "2012",
    "period": "FY",
    "revenue": 3189154000,
    "costOfRevenue": 2575639000,
    "grossProfit": 613515000,
    "grossProfitRatio": 0.1923754701,
    "researchAndDevelopmentExpenses": 0,
    "generalAndAdministrativeExpenses": 334959000,
    "sellingAndMarketingExpenses": 0,
    "sellingGeneralAndAdministrativeExpenses": 334959000,
    "otherExpenses": 30649000,
    "operatingExpenses": 365608000,
    "costAndExpenses": 2941247000,
    "interestIncome": 0,
    "interestExpense": 7529000,
    "depreciationAndAmortization": 8100000,
    "ebitda": 290706000,
    "ebitdaratio": 0.0911545821,
    "operatingIncome": 247907000,
    "operatingIncomeRatio": 0.0777344086,
    "totalOtherIncomeExpensesNet": 27170000,
    "incomeBeforeTax": 275077000,
    "incomeBeforeTaxRatio": 0.0862539093,
    "incomeTaxExpense": 94489000,
    "netIncome": 180588000,
    "netIncomeRatio": 0.0566256756,
    "eps": 36.04,
    "epsdiluted": 35.12,
    "weightedAverageShsOut": 5011000,
    "weightedAverageShsOutDil": 5142000,
    "link": "https://www.sec.gov/Archives/edgar/data/906163/000119312513065025/0001193125-13-065025-index.htm",
    "finalLink": "https://www.sec.gov/Archives/edgar/data/906163/000119312513065025/d446058d10k.htm"
  },
  {
    "date": "2011-12-31",
    "symbol": "NVR",
    "reportedCurrency": "USD",
    "cik": "0000906163",
    "fillingDate": "2012-02-22",
    "acceptedDate": "2012-02-22 17:03:03",
    "calendarYear": "2011",
    "period": "FY",
    "revenue": 2664851000,
    "costOfRevenue": 2165625000,
    "grossProfit": 499226000,
    "grossProfitRatio": 0.1873373033,
    "researchAndDevelopmentExpenses": 0,
    "generalAndAdministrativeExpenses": 30249000,
    "sellingAndMarketingExpenses": 264266000,
    "sellingGeneralAndAdministrativeExpenses": 294515000,
    "otherExpenses": 19106000,
    "operatingExpenses": 313621000,
    "costAndExpenses": 2479246000,
    "interestIncome": 5702000,
    "interestExpense": 1892000,
    "depreciationAndAmortization": 6672000,
    "ebitda": 217220000,
    "ebitdaratio": 0.0815130002,
    "operatingIncome": 185605000,
    "operatingIncomeRatio": 0.0696492975,
    "totalOtherIncomeExpensesNet": 21971000,
    "incomeBeforeTax": 207576000,
    "incomeBeforeTaxRatio": 0.0778940361,
    "incomeTaxExpense": 78156000,
    "netIncome": 129420000,
    "netIncomeRatio": 0.0485655671,
    "eps": 23.66,
    "epsdiluted": 23.01,
    "weightedAverageShsOut": 5469000,
    "weightedAverageShsOutDil": 5624000,
    "link": "https://www.sec.gov/Archives/edgar/data/906163/000119312512072956/0001193125-12-072956-index.htm",
    "finalLink": "https://www.sec.gov/Archives/edgar/data/906163/000119312512072956/d250145d10k.htm"
  },
  {
    "date": "2010-12-31",
    "symbol": "NVR",
    "reportedCurrency": "USD",
    "cik": "0000906163",
    "fillingDate": "2011-02-25",
    "acceptedDate": "2011-02-25 11:42:28",
    "calendarYear": "2010",
    "period": "FY",
    "revenue": 3051958000,
    "costOfRevenue": 2438292000,
    "grossProfit": 613666000,
    "grossProfitRatio": 0.201072885,
    "researchAndDevelopmentExpenses": 0,
    "generalAndAdministrativeExpenses": 33261000,
    "sellingAndMarketingExpenses": 257394000,
    "sellingGeneralAndAdministrativeExpenses": 290655000,
    "otherExpenses": 0,
    "operatingExpenses": 290655000,
    "costAndExpenses": 2728947000,
    "interestIncome": 5411000,
    "interestExpense": 6029000,
    "depreciationAndAmortization": 7263000,
    "ebitda": 335685000,
    "ebitdaratio": 0.1099900457,
    "operatingIncome": 323011000,
    "operatingIncomeRatio": 0.1058373018,
    "totalOtherIncomeExpensesNet": -618000,
    "incomeBeforeTax": 322393000,
    "incomeBeforeTaxRatio": 0.1056348089,
    "incomeTaxExpense": 116388000,
    "netIncome": 206005000,
    "netIncomeRatio": 0.0674992906,
    "eps": 34.96,
    "epsdiluted": 33.42,
    "weightedAverageShsOut": 5893000,
    "weightedAverageShsOutDil": 6165000,
    "link": "https://www.sec.gov/Archives/edgar/data/906163/000095012311018386/0000950123-11-018386-index.htm",
    "finalLink": "https://www.sec.gov/Archives/edgar/data/906163/000095012311018386/w79861e10vk.htm"
  },
  {
    "date": "2009-12-31",
    "symbol": "NVR",
    "reportedCurrency": "USD",
    "cik": "0000906163",
    "fillingDate": "2010-02-26",
    "acceptedDate": "2010-02-26 15:16:20",
    "calendarYear": "2009",
    "period": "FY",
    "revenue": 2756153000,
    "costOfRevenue": 2185733000,
    "grossProfit": 570420000,
    "grossProfitRatio": 0.2069623856,
    "researchAndDevelopmentExpenses": 0,
    "generalAndAdministrativeExpenses": 27474000,
    "sellingAndMarketingExpenses": 233152000,
    "sellingGeneralAndAdministrativeExpenses": 260626000,
    "otherExpenses": 0,
    "operatingExpenses": 260626000,
    "costAndExpenses": 2446359000,
    "interestIncome": 2979000,
    "interestExpense": 11380000,
    "depreciationAndAmortization": 9713000,
    "ebitda": 319507000,
    "ebitdaratio": 0.1159249867,
    "operatingIncome": 309794000,
    "operatingIncomeRatio": 0.1124008718,
    "totalOtherIncomeExpensesNet": -11380000,
    "incomeBeforeTax": 298414000,
    "incomeBeforeTaxRatio": 0.1082719283,
    "incomeTaxExpense": 106234000,
    "netIncome": 192180000,
    "netIncomeRatio": 0.069727624,
    "eps": 33.1,
    "epsdiluted": 31.26,
    "weightedAverageShsOut": 5807000,
    "weightedAverageShsOutDil": 6149000,
    "link": "https://www.sec.gov/Archives/edgar/data/906163/000095012310018033/0000950123-10-018033-index.htm",
    "finalLink": "https://www.sec.gov/Archives/edgar/data/906163/000095012310018033/w77487e10vk.htm"
  },
  {
    "date": "2008-12-31",
    "symbol": "NVR",
    "reportedCurrency": "USD",
    "cik": "0000906163",
    "fillingDate": "2009-02-25",
    "acceptedDate": "2009-02-25 15:32:04",
    "calendarYear": "2008",
    "period": "FY",
    "revenue": 3693039000,
    "costOfRevenue": 3181010000,
    "grossProfit": 512029000,
    "grossProfitRatio": 0.1386470601,
    "researchAndDevelopmentExpenses": 0,
    "generalAndAdministrativeExpenses": 31579000,
    "sellingAndMarketingExpenses": 308739000,
    "sellingGeneralAndAdministrativeExpenses": 340318000,
    "otherExpenses": -31579000,
    "operatingExpenses": 308739000,
    "costAndExpenses": 3356304000,
    "interestIncome": 3955000,
    "interestExpense": 13656000,
    "depreciationAndAmortization": 13641000,
    "ebitda": 194752000,
    "ebitdaratio": 0.0527348885,
    "operatingIncome": 171711000,
    "operatingIncomeRatio": 0.0464958534,
    "totalOtherIncomeExpensesNet": -13656000,
    "incomeBeforeTax": 167455000,
    "incomeBeforeTaxRatio": 0.045343415,
    "incomeTaxExpense": 66563000,
    "netIncome": 100892000,
    "netIncomeRatio": 0.0273195057,
    "eps": 18.76,
    "epsdiluted": 17.04,
    "weightedAverageShsOut": 5379000,
    "weightedAverageShsOutDil": 5920000,
    "link": "https://www.sec.gov/Archives/edgar/data/906163/000095013309000438/0000950133-09-000438-index.htm",
    "finalLink": "https://www.sec.gov/Archives/edgar/data/906163/000095013309000438/w72880e10vk.htm"
  },
  {
    "date": "2007-12-31",
    "symbol": "NVR",
    "reportedCurrency": "USD",
    "cik": "0000906163",
    "fillingDate": "2008-02-22",
    "acceptedDate": "2008-02-22 14:58:53",
    "calendarYear": "2007",
    "period": "FY",
    "revenue": 5129342000,
    "costOfRevenue": 4227059000,
    "grossProfit": 902283000,
    "grossProfitRatio": 0.1759061884,
    "researchAndDevelopmentExpenses": 0,
    "generalAndAdministrativeExpenses": 32505000,
    "sellingAndMarketingExpenses": 343520000,
    "sellingGeneralAndAdministrativeExpenses": 376025000,
    "otherExpenses": 27532000,
    "operatingExpenses": 403557000,
    "costAndExpenses": 4630616000,
    "interestIncome": 4900000,
    "interestExpense": 13831000,
    "depreciationAndAmortization": 17036000,
    "ebitda": 570372000,
    "ebitdaratio": 0.1111978885,
    "operatingIncome": 498726000,
    "operatingIncomeRatio": 0.0972300151,
    "totalOtherIncomeExpensesNet": 40779000,
    "incomeBeforeTax": 539505000,
    "incomeBeforeTaxRatio": 0.1051801576,
    "incomeTaxExpense": 205550000,
    "netIncome": 333955000,
    "netIncomeRatio": 0.0651067915,
    "eps": 61.61,
    "epsdiluted": 54.14,
    "weightedAverageShsOut": 5420000,
    "weightedAverageShsOutDil": 6168000,
    "link": "https://www.sec.gov/Archives/edgar/data/906163/000095013308000733/0000950133-08-000733-index.htm",
    "finalLink": "https://www.sec.gov/Archives/edgar/data/906163/000095013308000733/w50131e10vk.htm"
  },
  {
    "date": "2006-12-31",
    "symbol": "NVR",
    "reportedCurrency": "USD",
    "cik": "0000906163",
    "fillingDate": "2007-02-21",
    "acceptedDate": "2007-02-21 16:00:12",
    "calendarYear": "2006",
    "period": "FY",
    "revenue": 6134124000,
    "costOfRevenue": 4701265000,
    "grossProfit": 1432859000,
    "grossProfitRatio": 0.2335882027,
    "researchAndDevelopmentExpenses": 0,
    "generalAndAdministrativeExpenses": 38988000,
    "sellingAndMarketingExpenses": 432319000,
    "sellingGeneralAndAdministrativeExpenses": 471307000,
    "otherExpenses": 45291000,
    "operatingExpenses": 516598000,
    "costAndExpenses": 5217863000,
    "interestIncome": 0,
    "interestExpense": 0,
    "depreciationAndAmortization": 14158000,
    "ebitda": 930419000,
    "ebitdaratio": 0.1516791966,
    "operatingIncome": 916261000,
    "operatingIncomeRatio": 0.1493711245,
    "totalOtherIncomeExpensesNet": 46710000,
    "incomeBeforeTax": 962971000,
    "incomeBeforeTaxRatio": 0.1569859038,
    "incomeTaxExpense": 375559000,
    "netIncome": 587412000,
    "netIncomeRatio": 0.0957613508,
    "eps": 104.08,
    "epsdiluted": 88.05,
    "weightedAverageShsOut": 5644000,
    "weightedAverageShsOutDil": 6672000,
    "link": "https://www.sec.gov/Archives/edgar/data/906163/000095013307000704/0000950133-07-000704-index.htm",
    "finalLink": "https://www.sec.gov/Archives/edgar/data/906163/000095013307000704/w30408e10vk.htm"
  },
  {
    "date": "2005-12-31",
    "symbol": "NVR",
    "reportedCurrency": "USD",
    "cik": "0000906163",
    "fillingDate": "2007-01-05",
    "acceptedDate": "2007-01-05 16:32:47",
    "calendarYear": "2005",
    "period": "FY",
    "revenue": 5275097000,
    "costOfRevenue": 3738030000,
    "grossProfit": 1537067000,
    "grossProfitRatio": 0.2913817509,
    "researchAndDevelopmentExpenses": 0,
    "generalAndAdministrativeExpenses": 31555000,
    "sellingAndMarketingExpenses": 345525000,
    "sellingGeneralAndAdministrativeExpenses": 377080000,
    "otherExpenses": 59498000,
    "operatingExpenses": 436578000,
    "costAndExpenses": 4174608000,
    "interestIncome": 0,
    "interestExpense": 0,
    "depreciationAndAmortization": 10690000,
    "ebitda": 1111179000,
    "ebitdaratio": 0.2106461739,
    "operatingIncome": 1100489000,
    "operatingIncomeRatio": 0.2086196709,
    "totalOtherIncomeExpensesNet": 43930000,
    "incomeBeforeTax": 1144419000,
    "incomeBeforeTaxRatio": 0.2169474798,
    "incomeTaxExpense": 446860000,
    "netIncome": 697559000,
    "netIncomeRatio": 0.1322362413,
    "eps": 110.36,
    "epsdiluted": 89.61,
    "weightedAverageShsOut": 6321000,
    "weightedAverageShsOutDil": 7784000,
    "link": "https://www.sec.gov/Archives/edgar/data/906163/000095013307000047/0000950133-07-000047-index.htm",
    "finalLink": "https://www.sec.gov/Archives/edgar/data/906163/000095013307000047/w28629e10vkza.htm"
  },
  {
    "date": "2004-12-31",
    "symbol": "NVR",
    "reportedCurrency": "USD",
    "cik": "0000906163",
    "fillingDate": "2005-02-28",
    "acceptedDate": "2005-02-28 16:10:34",
    "calendarYear": "2004",
    "period": "FY",
    "revenue": 4250158000,
    "costOfRevenue": 3156286000,
    "grossProfit": 1093872000,
    "grossProfitRatio": 0.2573720789,
    "researchAndDevelopmentExpenses": 0,
    "generalAndAdministrativeExpenses": 25593000,
    "sellingAndMarketingExpenses": 260795000,
    "sellingGeneralAndAdministrativeExpenses": 286388000,
    "otherExpenses": -25593000,
    "operatingExpenses": 260795000,
    "costAndExpenses": 3417081000,
    "interestIncome": 0,
    "interestExpense": 0,
    "depreciationAndAmortization": 8858000,
    "ebitda": 841935000,
    "ebitdaratio": 0.1980949885,
    "operatingIncome": 833077000,
    "operatingIncomeRatio": 0.1960108307,
    "totalOtherIncomeExpensesNet": 38928000,
    "incomeBeforeTax": 872005000,
    "incomeBeforeTaxRatio": 0.2051700196,
    "incomeTaxExpense": 348801000,
    "netIncome": 523204000,
    "netIncomeRatio": 0.123102247,
    "eps": 80.83,
    "epsdiluted": 66.42,
    "weightedAverageShsOut": 6472607,
    "weightedAverageShsOutDil": 7876869,
    "link": "https://www.sec.gov/Archives/edgar/data/906163/000119312505038619/0001193125-05-038619-index.htm",
    "finalLink": "https://www.sec.gov/Archives/edgar/data/906163/000119312505038619/d10k.htm"
  },
  {
    "date": "2003-12-31",
    "symbol": "NVR",
    "reportedCurrency": "USD",
    "cik": "0000906163",
    "fillingDate": "2004-02-17",
    "acceptedDate": "2004-02-17 13:40:45",
    "calendarYear": "2003",
    "period": "FY",
    "revenue": 3677564000,
    "costOfRevenue": 2711861000,
    "grossProfit": 965703000,
    "grossProfitRatio": 0.2625931187,
    "researchAndDevelopmentExpenses": 0,
    "generalAndAdministrativeExpenses": 23823000,
    "sellingAndMarketingExpenses": 231966000,
    "sellingGeneralAndAdministrativeExpenses": 255789000,
    "otherExpenses": 49439000,
    "operatingExpenses": 305228000,
    "costAndExpenses": 3017089000,
    "interestIncome": 0,
    "interestExpense": 0,
    "depreciationAndAmortization": 8427000,
    "ebitda": 660475000,
    "ebitdaratio": 0.1795957868,
    "operatingIncome": 660475000,
    "operatingIncomeRatio": 0.1795957868,
    "totalOtherIncomeExpensesNet": 35697000,
    "incomeBeforeTax": 696172000,
    "incomeBeforeTaxRatio": 0.1893024839,
    "incomeTaxExpense": 276381000,
    "netIncome": 419791000,
    "netIncomeRatio": 0.1141492031,
    "eps": 59.28,
    "epsdiluted": 48.39,
    "weightedAverageShsOut": 7082000,
    "weightedAverageShsOutDil": 8674000,
    "link": "https://www.sec.gov/Archives/edgar/data/906163/000119312504024751/0001193125-04-024751-index.htm",
    "finalLink": "https://www.sec.gov/Archives/edgar/data/906163/000119312504024751/d10k.htm"
  },
  {
    "date": "2002-12-31",
    "symbol": "NVR",
    "reportedCurrency": "USD",
    "cik": "0000906163",
    "fillingDate": "2003-02-07",
    "acceptedDate": "2003-02-07 16:35:19",
    "calendarYear": "2002",
    "period": "FY",
    "revenue": 3063978000,
    "costOfRevenue": 2335369000,
    "grossProfit": 790756000,
    "grossProfitRatio": 0.2580814875,
    "researchAndDevelopmentExpenses": 0,
    "generalAndAdministrativeExpenses": 23811000,
    "sellingAndMarketingExpenses": 226207000,
    "sellingGeneralAndAdministrativeExpenses": 250018000,
    "otherExpenses": -23811000,
    "operatingExpenses": 226207000,
    "costAndExpenses": 2561576000,
    "interestIncome": 0,
    "interestExpense": 0,
    "depreciationAndAmortization": 7657000,
    "ebitda": 502402000,
    "ebitdaratio": 0.1639704985,
    "operatingIncome": 502402000,
    "operatingIncomeRatio": 0.1639704985,
    "totalOtherIncomeExpensesNet": -375485000,
    "incomeBeforeTax": 536023000,
    "incomeBeforeTaxRatio": 0.1749434885,
    "incomeTaxExpense": 204553000,
    "netIncome": 331470000,
    "netIncomeRatio": 0.1081828917,
    "eps": 47.2,
    "epsdiluted": 36.05,
    "weightedAverageShsOut": 7349331,
    "weightedAverageShsOutDil": 9297607,
    "link": "https://www.sec.gov/Archives/edgar/data/906163/000092838503000218/0000928385-03-000218-index.htm",
    "finalLink": "https://www.sec.gov/Archives/edgar/data/906163/000092838503000218/d10k.htm"
  },
  {
    "date": "2001-12-31",
    "symbol": "NVR",
    "reportedCurrency": "USD",
    "cik": "0000906163",
    "fillingDate": "2002-02-08",
    "acceptedDate": "2002-02-08 00:00:00",
    "calendarYear": "2001",
    "period": "FY",
    "revenue": 2623752000,
    "costOfRevenue": 2002290000,
    "grossProfit": 621462000,
    "grossProfitRatio": 0.2368600386,
    "researchAndDevelopmentExpenses": 0,
    "generalAndAdministrativeExpenses": 0,
    "sellingAndMarketingExpenses": 0,
    "sellingGeneralAndAdministrativeExpenses": 204876000,
    "otherExpenses": 40948000,
    "operatingExpenses": 245824000,
    "costAndExpenses": 2248114000,
    "interestIncome": 0,
    "interestExpense": 0,
    "depreciationAndAmortization": 15162000,
    "ebitda": 390800000,
    "ebitdaratio": 0.1489470041,
    "operatingIncome": 375638000,
    "operatingIncomeRatio": 0.1431682568,
    "totalOtherIncomeExpensesNet": 19020000,
    "incomeBeforeTax": 394658000,
    "incomeBeforeTaxRatio": 0.1504174175,
    "incomeTaxExpense": 157864000,
    "netIncome": 236794000,
    "netIncomeRatio": 0.0902501456,
    "eps": 29.87,
    "epsdiluted": 24.86,
    "weightedAverageShsOut": 7927000,
    "weightedAverageShsOutDil": 9526000,
    "link": "https://www.sec.gov/Archives/edgar/data/906163/000092838502000316/0000928385-02-000316-index.htm",
    "finalLink": "https://www.sec.gov/Archives/edgar/data/906163/000092838502000316/d10k.txt"
  },
  {
    "date": "2000-12-31",
    "symbol": "NVR",
    "reportedCurrency": "USD",
    "cik": "0000906163",
    "fillingDate": "2001-03-07",
    "acceptedDate": "2001-03-07 00:00:00",
    "calendarYear": "2000",
    "period": "FY",
    "revenue": 2317220000,
    "costOfRevenue": 1828725000,
    "grossProfit": 488495000,
    "grossProfitRatio": 0.2108107991,
    "researchAndDevelopmentExpenses": 0,
    "generalAndAdministrativeExpenses": 0,
    "sellingAndMarketingExpenses": 0,
    "sellingGeneralAndAdministrativeExpenses": 186445000,
    "otherExpenses": 13840000,
    "operatingExpenses": 200285000,
    "costAndExpenses": 2029010000,
    "interestIncome": 0,
    "interestExpense": 0,
    "depreciationAndAmortization": 13840000,
    "ebitda": 296433000,
    "ebitdaratio": 0.1279261356,
    "operatingIncome": 288210000,
    "operatingIncomeRatio": 0.1243774868,
    "totalOtherIncomeExpensesNet": -21356000,
    "incomeBeforeTax": 266854000,
    "incomeBeforeTaxRatio": 0.1151612708,
    "incomeTaxExpense": 108608000,
    "netIncome": 158246000,
    "netIncomeRatio": 0.0682913146,
    "eps": 17.42,
    "epsdiluted": 14.98,
    "weightedAverageShsOut": 9084156,
    "weightedAverageShsOutDil": 10563818,
    "link": "https://www.sec.gov/Archives/edgar/data/906163/000092838501000729/0000928385-01-000729-index.htm",
    "finalLink": "https://www.sec.gov/Archives/edgar/data/906163/000092838501000729/0000928385-01-000729-0001.txt"
  },
  {
    "date": "1999-12-31",
    "symbol": "NVR",
    "reportedCurrency": "USD",
    "cik": "0000906163",
    "fillingDate": "2000-03-08",
    "acceptedDate": "2000-03-08 00:00:00",
    "calendarYear": "1999",
    "period": "FY",
    "revenue": 2006600000,
    "costOfRevenue": 1604900000,
    "grossProfit": 401700000,
    "grossProfitRatio": 0.2001893751,
    "researchAndDevelopmentExpenses": 0,
    "generalAndAdministrativeExpenses": 0,
    "sellingAndMarketingExpenses": 0,
    "sellingGeneralAndAdministrativeExpenses": 180800000,
    "otherExpenses": 14700000,
    "operatingExpenses": 195500000,
    "costAndExpenses": 1800400000,
    "interestIncome": 0,
    "interestExpense": 0,
    "depreciationAndAmortization": 14700000,
    "ebitda": 220900000,
    "ebitdaratio": 0.1100867138,
    "operatingIncome": 206200000,
    "operatingIncomeRatio": 0.1027608891,
    "totalOtherIncomeExpensesNet": -21000000,
    "incomeBeforeTax": 185200000,
    "incomeBeforeTaxRatio": 0.0922954251,
    "incomeTaxExpense": 76300000,
    "netIncome": 108900000,
    "netIncomeRatio": 0.054270906,
    "eps": 10.69,
    "epsdiluted": 9.01,
    "weightedAverageShsOut": 10187091,
    "weightedAverageShsOutDil": 12086570,
    "link": "https://www.sec.gov/Archives/edgar/data/906163/000092838500000615/0000928385-00-000615-index.html",
    "finalLink": "https://www.sec.gov/Archives/edgar/data/906163/000092838500000615/"
  },
  {
    "date": "1998-12-31",
    "symbol": "NVR",
    "reportedCurrency": "USD",
    "cik": "0000906163",
    "fillingDate": "1999-03-15",
    "acceptedDate": "1999-03-15 00:00:00",
    "calendarYear": "1998",
    "period": "FY",
    "revenue": 1559800000,
    "costOfRevenue": 1269000000,
    "grossProfit": 290800000,
    "grossProfitRatio": 0.1864341582,
    "researchAndDevelopmentExpenses": 0,
    "generalAndAdministrativeExpenses": 0,
    "sellingAndMarketingExpenses": 0,
    "sellingGeneralAndAdministrativeExpenses": 143300000,
    "otherExpenses": 13400000,
    "operatingExpenses": 156700000,
    "costAndExpenses": 1425700000,
    "interestIncome": 0,
    "interestExpense": 0,
    "depreciationAndAmortization": 13400000,
    "ebitda": 147500000,
    "ebitdaratio": 0.0945634056,
    "operatingIncome": 134100000,
    "operatingIncomeRatio": 0.0859725606,
    "totalOtherIncomeExpensesNet": -23700000,
    "incomeBeforeTax": 110400000,
    "incomeBeforeTaxRatio": 0.0707783049,
    "incomeTaxExpense": 44300000,
    "netIncome": 56700000,
    "netIncomeRatio": 0.0363508142,
    "eps": 5.1,
    "epsdiluted": 4.26,
    "weightedAverageShsOut": 11117647,
    "weightedAverageShsOutDil": 13309859,
    "link": "https://www.sec.gov/Archives/edgar/data/906163/000092838599000765/0000928385-99-000765-index.html",
    "finalLink": "https://www.sec.gov/Archives/edgar/data/906163/"
  },
  {
    "date": "1997-12-31",
    "symbol": "NVR",
    "reportedCurrency": "USD",
    "cik": "0000906163",
    "fillingDate": "1998-03-09",
    "acceptedDate": "1998-03-09 00:00:00",
    "calendarYear": "1997",
    "period": "FY",
    "revenue": 1154000000,
    "costOfRevenue": 990300000,
    "grossProfit": 163700000,
    "grossProfitRatio": 0.1418544194,
    "researchAndDevelopmentExpenses": 0,
    "generalAndAdministrativeExpenses": 0,
    "sellingAndMarketingExpenses": 0,
    "sellingGeneralAndAdministrativeExpenses": 110800000,
    "otherExpenses": 13300000,
    "operatingExpenses": 124100000,
    "costAndExpenses": 1114400000,
    "interestIncome": 0,
    "interestExpense": 0,
    "depreciationAndAmortization": 13300000,
    "ebitda": 52900000,
    "ebitdaratio": 0.0458405546,
    "operatingIncome": 39600000,
    "operatingIncomeRatio": 0.0343154246,
    "totalOtherIncomeExpensesNet": 14300000,
    "incomeBeforeTax": 53900000,
    "incomeBeforeTaxRatio": 0.0467071057,
    "incomeTaxExpense": 25000000,
    "netIncome": 28900000,
    "netIncomeRatio": 0.0250433276,
    "eps": 2.44,
    "epsdiluted": 2.18,
    "weightedAverageShsOut": 11844262,
    "weightedAverageShsOutDil": 13256881,
    "link": "https://www.sec.gov/Archives/edgar/data/906163/000102140898000150/0001021408-98-000150-index.html",
    "finalLink": "https://www.sec.gov/Archives/edgar/data/906163/"
  },
  {
    "date": "1996-12-31",
    "symbol": "NVR",
    "reportedCurrency": "USD",
    "cik": "0000906163",
    "fillingDate": "1997-03-12",
    "acceptedDate": "1997-03-12 00:00:00",
    "calendarYear": "1996",
    "period": "FY",
    "revenue": 1069900000,
    "costOfRevenue": 899000000,
    "grossProfit": 170900000,
    "grossProfitRatio": 0.1597345546,
    "researchAndDevelopmentExpenses": 0,
    "generalAndAdministrativeExpenses": 0,
    "sellingAndMarketingExpenses": 0,
    "sellingGeneralAndAdministrativeExpenses": 94700000,
    "otherExpenses": 15400000,
    "operatingExpenses": 110100000,
    "costAndExpenses": 1009100000,
    "interestIncome": 0,
    "interestExpense": 0,
    "depreciationAndAmortization": 15400000,
    "ebitda": 52200000,
    "ebitdaratio": 0.0487896065,
    "operatingIncome": 60800000,
    "operatingIncomeRatio": 0.0568277409,
    "totalOtherIncomeExpensesNet": -12100000,
    "incomeBeforeTax": 48700000,
    "incomeBeforeTaxRatio": 0.0455182727,
    "incomeTaxExpense": 22900000,
    "netIncome": 25800000,
    "netIncomeRatio": 0.0241144032,
    "eps": 1.76,
    "epsdiluted": 1.7,
    "weightedAverageShsOut": 14659091,
    "weightedAverageShsOutDil": 15176471,
    "link": "https://www.sec.gov/Archives/edgar/data/906163/000095010997002133/0000950109-97-002133-index.html",
    "finalLink": "https://www.sec.gov/Archives/edgar/data/906163/"
  },
  {
    "date": "1995-12-31",
    "symbol": "NVR",
    "reportedCurrency": "USD",
    "cik": "0000906163",
    "fillingDate": "1995-12-31",
    "acceptedDate": "1995-12-31 00:00:00",
    "calendarYear": "1995",
    "period": "FY",
    "revenue": 869100000,
    "costOfRevenue": 736200000,
    "grossProfit": 132900000,
    "grossProfitRatio": 0.1529168105,
    "researchAndDevelopmentExpenses": 0,
    "generalAndAdministrativeExpenses": 0,
    "sellingAndMarketingExpenses": 0,
    "sellingGeneralAndAdministrativeExpenses": 89900000,
    "otherExpenses": 14800000,
    "operatingExpenses": 104700000,
    "costAndExpenses": 840900000,
    "interestIncome": 0,
    "interestExpense": 0,
    "depreciationAndAmortization": 14800000,
    "ebitda": 34900000,
    "ebitdaratio": 0.0401564837,
    "operatingIncome": 28200000,
    "operatingIncomeRatio": 0.0324473593,
    "totalOtherIncomeExpensesNet": 5200000,
    "incomeBeforeTax": 33400000,
    "incomeBeforeTaxRatio": 0.0384305603,
    "incomeTaxExpense": 17000000,
    "netIncome": 17300000,
    "netIncomeRatio": 0.0199056495,
    "eps": 1.13,
    "epsdiluted": 1.12,
    "weightedAverageShsOut": 15309735,
    "weightedAverageShsOutDil": 15446429,
    "link": null,
    "finalLink": null
  },
  {
    "date": "1994-12-31",
    "symbol": "NVR",
    "reportedCurrency": "USD",
    "cik": "0000906163",
    "fillingDate": "1994-12-31",
    "acceptedDate": "1994-12-31 00:00:00",
    "calendarYear": "1994",
    "period": "FY",
    "revenue": 846000000,
    "costOfRevenue": 710800000,
    "grossProfit": 135200000,
    "grossProfitRatio": 0.1598108747,
    "researchAndDevelopmentExpenses": 0,
    "generalAndAdministrativeExpenses": 0,
    "sellingAndMarketingExpenses": 0,
    "sellingGeneralAndAdministrativeExpenses": 85200000,
    "otherExpenses": 13800000,
    "operatingExpenses": 99000000,
    "costAndExpenses": 809800000,
    "interestIncome": 0,
    "interestExpense": 0,
    "depreciationAndAmortization": 13800000,
    "ebitda": 50000000,
    "ebitdaratio": 0.0591016548,
    "operatingIncome": 36200000,
    "operatingIncomeRatio": 0.0427895981,
    "totalOtherIncomeExpensesNet": -14100000,
    "incomeBeforeTax": 22100000,
    "incomeBeforeTaxRatio": 0.0261229314,
    "incomeTaxExpense": 13100000,
    "netIncome": 10400000,
    "netIncomeRatio": 0.0122931442,
    "eps": 0.62,
    "epsdiluted": 0.62,
    "weightedAverageShsOut": 16774194,
    "weightedAverageShsOutDil": 16774194,
    "link": null,
    "finalLink": null
  }
]