[
  {
    "date": "2025-06-30",
    "symbol": "NWS",
    "reportedCurrency": "USD",
    "cik": "0001564708",
    "fillingDate": "2025-08-06",
    "acceptedDate": "2025-08-06 07:03:06",
    "calendarYear": "2025",
    "period": "FY",
    "revenue": 8452000000,
    "costOfRevenue": 0,
    "grossProfit": 8452000000,
    "grossProfitRatio": 1,
    "researchAndDevelopmentExpenses": 0,
    "generalAndAdministrativeExpenses": 0,
    "sellingAndMarketingExpenses": 1367000000,
    "sellingGeneralAndAdministrativeExpenses": 3301000000,
    "otherExpenses": 4195000000,
    "operatingExpenses": 7496000000,
    "costAndExpenses": 7496000000,
    "interestIncome": 0,
    "interestExpense": 10000000,
    "depreciationAndAmortization": 459000000,
    "ebitda": 1415000000,
    "ebitdaratio": 0.1674159962,
    "operatingIncome": 956000000,
    "operatingIncomeRatio": 0.1131093232,
    "totalOtherIncomeExpensesNet": -33000000,
    "incomeBeforeTax": 923000000,
    "incomeBeforeTaxRatio": 0.1092049219,
    "incomeTaxExpense": 275000000,
    "netIncome": 1180000000,
    "netIncomeRatio": 0.1396119262,
    "eps": 2.08,
    "epsdiluted": 2.07,
    "weightedAverageShsOut": 567700000,
    "weightedAverageShsOutDil": 569900000,
    "link": "https://www.sec.gov/Archives/edgar/data/1564708/000156470825000419/0001564708-25-000419-index.htm",
    "finalLink": "https://www.sec.gov/Archives/edgar/data/1564708/000156470825000419/nws-20250630.htm"
  },
  {
    "date": "2024-06-30",
    "symbol": "NWS",
    "reportedCurrency": "USD",
    "cik": "0001564708",
    "fillingDate": "2024-08-13",
    "acceptedDate": "2024-08-13 07:05:30",
    "calendarYear": "2024",
    "period": "FY",
    "revenue": 10085000000,
    "costOfRevenue": 4254000000,
    "grossProfit": 10085000000,
    "grossProfitRatio": 1,
    "researchAndDevelopmentExpenses": 0,
    "generalAndAdministrativeExpenses": 0,
    "sellingAndMarketingExpenses": 0,
    "sellingGeneralAndAdministrativeExpenses": 3493000000,
    "otherExpenses": 5787000000,
    "operatingExpenses": 9280000000,
    "costAndExpenses": 9280000000,
    "interestIncome": 0,
    "interestExpense": 85000000,
    "depreciationAndAmortization": 734000000,
    "ebitda": 1365000000,
    "ebitdaratio": 0.135349529,
    "operatingIncome": 805000000,
    "operatingIncomeRatio": 0.0798215171,
    "totalOtherIncomeExpensesNet": -224000000,
    "incomeBeforeTax": 546000000,
    "incomeBeforeTaxRatio": 0.0541398116,
    "incomeTaxExpense": 192000000,
    "netIncome": 266000000,
    "netIncomeRatio": 0.0263758057,
    "eps": 0.47,
    "epsdiluted": 0.46,
    "weightedAverageShsOut": 571200000,
    "weightedAverageShsOutDil": 573500000,
    "link": "https://www.sec.gov/Archives/edgar/data/1564708/000156470824000408/0001564708-24-000408-index.htm",
    "finalLink": "https://www.sec.gov/Archives/edgar/data/1564708/000156470824000408/nws-20240630.htm"
  },
  {
    "date": "2023-06-30",
    "symbol": "NWS",
    "reportedCurrency": "USD",
    "cik": "0001564708",
    "fillingDate": "2023-08-15",
    "acceptedDate": "2023-08-15 07:04:33",
    "calendarYear": "2023",
    "period": "FY",
    "revenue": 9879000000,
    "costOfRevenue": 5838000000,
    "grossProfit": 4041000000,
    "grossProfitRatio": 0.4090494989,
    "researchAndDevelopmentExpenses": 0,
    "generalAndAdministrativeExpenses": 1648000000,
    "sellingAndMarketingExpenses": 1687000000,
    "sellingGeneralAndAdministrativeExpenses": 3335000000,
    "otherExpenses": -16000000,
    "operatingExpenses": 3319000000,
    "costAndExpenses": 9173000000,
    "interestIncome": 0,
    "interestExpense": 84000000,
    "depreciationAndAmortization": 823000000,
    "ebitda": 1237000000,
    "ebitdaratio": 0.1252151027,
    "operatingIncome": 722000000,
    "operatingIncomeRatio": 0.0730843203,
    "totalOtherIncomeExpensesNet": -392000000,
    "incomeBeforeTax": 330000000,
    "incomeBeforeTaxRatio": 0.0334041907,
    "incomeTaxExpense": 143000000,
    "netIncome": 149000000,
    "netIncomeRatio": 0.0150824982,
    "eps": 0.26,
    "epsdiluted": 0.26,
    "weightedAverageShsOut": 576400000,
    "weightedAverageShsOutDil": 578800000,
    "link": "https://www.sec.gov/Archives/edgar/data/1564708/000156470823000368/0001564708-23-000368-index.htm",
    "finalLink": "https://www.sec.gov/Archives/edgar/data/1564708/000156470823000368/nws-20230630.htm"
  },
  {
    "date": "2022-06-30",
    "symbol": "NWS",
    "reportedCurrency": "USD",
    "cik": "0001564708",
    "fillingDate": "2022-08-12",
    "acceptedDate": "2022-08-12 06:59:56",
    "calendarYear": "2022",
    "period": "FY",
    "revenue": 10385000000,
    "costOfRevenue": 5812000000,
    "grossProfit": 4573000000,
    "grossProfitRatio": 0.4403466538,
    "researchAndDevelopmentExpenses": 0,
    "generalAndAdministrativeExpenses": 1771000000,
    "sellingAndMarketingExpenses": 1821000000,
    "sellingGeneralAndAdministrativeExpenses": 3592000000,
    "otherExpenses": -11000000,
    "operatingExpenses": 3581000000,
    "costAndExpenses": 9404000000,
    "interestIncome": 0,
    "interestExpense": 105000000,
    "depreciationAndAmortization": 813000000,
    "ebitda": 1730000000,
    "ebitdaratio": 0.1665864227,
    "operatingIncome": 992000000,
    "operatingIncomeRatio": 0.0955223881,
    "totalOtherIncomeExpensesNet": -180000000,
    "incomeBeforeTax": 812000000,
    "incomeBeforeTaxRatio": 0.0781896967,
    "incomeTaxExpense": 52000000,
    "netIncome": 623000000,
    "netIncomeRatio": 0.0599903707,
    "eps": 1.06,
    "epsdiluted": 1.05,
    "weightedAverageShsOut": 589500000,
    "weightedAverageShsOutDil": 592500000,
    "link": "https://www.sec.gov/Archives/edgar/data/1564708/000156470822000265/0001564708-22-000265-index.htm",
    "finalLink": "https://www.sec.gov/Archives/edgar/data/1564708/000156470822000265/nws-20220630.htm"
  },
  {
    "date": "2021-06-30",
    "symbol": "NWS",
    "reportedCurrency": "USD",
    "cik": "0001564708",
    "fillingDate": "2021-08-10",
    "acceptedDate": "2021-08-10 07:08:23",
    "calendarYear": "2021",
    "period": "FY",
    "revenue": 9358000000,
    "costOfRevenue": 5512000000,
    "grossProfit": 3846000000,
    "grossProfitRatio": 0.4109852533,
    "researchAndDevelopmentExpenses": 0,
    "generalAndAdministrativeExpenses": 1660000000,
    "sellingAndMarketingExpenses": 1594000000,
    "sellingGeneralAndAdministrativeExpenses": 3254000000,
    "otherExpenses": -10000000,
    "operatingExpenses": 3244000000,
    "costAndExpenses": 8765000000,
    "interestIncome": 0,
    "interestExpense": 37000000,
    "depreciationAndAmortization": 808000000,
    "ebitda": 1295000000,
    "ebitdaratio": 0.1383842701,
    "operatingIncome": 602000000,
    "operatingIncomeRatio": 0.064329985,
    "totalOtherIncomeExpensesNet": -152000000,
    "incomeBeforeTax": 450000000,
    "incomeBeforeTaxRatio": 0.0480871981,
    "incomeTaxExpense": 61000000,
    "netIncome": 330000000,
    "netIncomeRatio": 0.0352639453,
    "eps": 0.56,
    "epsdiluted": 0.56,
    "weightedAverageShsOut": 590400000,
    "weightedAverageShsOutDil": 593400000,
    "link": "https://www.sec.gov/Archives/edgar/data/1564708/000156470821000029/0001564708-21-000029-index.htm",
    "finalLink": "https://www.sec.gov/Archives/edgar/data/1564708/000156470821000029/nws-20210630.htm"
  },
  {
    "date": "2020-06-30",
    "symbol": "NWS",
    "reportedCurrency": "USD",
    "cik": "0001564708",
    "fillingDate": "2020-08-11",
    "acceptedDate": "2020-08-11 06:37:22",
    "calendarYear": "2020",
    "period": "FY",
    "revenue": 9008000000,
    "costOfRevenue": 5646000000,
    "grossProfit": 3362000000,
    "grossProfitRatio": 0.3732238011,
    "researchAndDevelopmentExpenses": 0,
    "generalAndAdministrativeExpenses": 802000000,
    "sellingAndMarketingExpenses": 2193000000,
    "sellingGeneralAndAdministrativeExpenses": 2995000000,
    "otherExpenses": 5644000000,
    "operatingExpenses": 8639000000,
    "costAndExpenses": 8639000000,
    "interestIncome": 0,
    "interestExpense": 25000000,
    "depreciationAndAmortization": 804000000,
    "ebitda": -695000000,
    "ebitdaratio": -0.0771536412,
    "operatingIncome": 2199000000,
    "operatingIncomeRatio": 0.244116341,
    "totalOtherIncomeExpensesNet": -1893000000,
    "incomeBeforeTax": -1524000000,
    "incomeBeforeTaxRatio": -0.1691829485,
    "incomeTaxExpense": 21000000,
    "netIncome": -1269000000,
    "netIncomeRatio": -0.140874778,
    "eps": -2.63,
    "epsdiluted": -2.63,
    "weightedAverageShsOut": 587900000,
    "weightedAverageShsOutDil": 587900000,
    "link": "https://www.sec.gov/Archives/edgar/data/1564708/000156470820000022/0001564708-20-000022-index.htm",
    "finalLink": "https://www.sec.gov/Archives/edgar/data/1564708/000156470820000022/nws-20200630.htm"
  },
  {
    "date": "2019-06-30",
    "symbol": "NWS",
    "reportedCurrency": "USD",
    "cik": "0001564708",
    "fillingDate": "2019-08-13",
    "acceptedDate": "2019-08-13 07:10:07",
    "calendarYear": "2019",
    "period": "FY",
    "revenue": 10074000000,
    "costOfRevenue": 6284000000,
    "grossProfit": 3790000000,
    "grossProfitRatio": 0.3762160016,
    "researchAndDevelopmentExpenses": 0,
    "generalAndAdministrativeExpenses": 352000000,
    "sellingAndMarketingExpenses": 2856000000,
    "sellingGeneralAndAdministrativeExpenses": 3208000000,
    "otherExpenses": 6281000000,
    "operatingExpenses": 9489000000,
    "costAndExpenses": 9489000000,
    "interestIncome": 35000000,
    "interestExpense": 59000000,
    "depreciationAndAmortization": 659000000,
    "ebitda": 1076000000,
    "ebitdaratio": 0.1068096089,
    "operatingIncome": 773000000,
    "operatingIncomeRatio": 0.0767321819,
    "totalOtherIncomeExpensesNet": -231000000,
    "incomeBeforeTax": 354000000,
    "incomeBeforeTaxRatio": 0.0351399643,
    "incomeTaxExpense": 126000000,
    "netIncome": 228000000,
    "netIncomeRatio": 0.0226325194,
    "eps": 0.39,
    "epsdiluted": 0.39,
    "weightedAverageShsOut": 584700000,
    "weightedAverageShsOutDil": 587900000,
    "link": "https://www.sec.gov/Archives/edgar/data/1564708/000119312519219463/0001193125-19-219463-index.htm",
    "finalLink": "https://www.sec.gov/Archives/edgar/data/1564708/000119312519219463/d741099d10k.htm"
  },
  {
    "date": "2018-06-30",
    "symbol": "NWS",
    "reportedCurrency": "USD",
    "cik": "0001564708",
    "fillingDate": "2018-08-15",
    "acceptedDate": "2018-08-15 06:53:36",
    "calendarYear": "2018",
    "period": "FY",
    "revenue": 9024000000,
    "costOfRevenue": 5374000000,
    "grossProfit": 3650000000,
    "grossProfitRatio": 0.4044769504,
    "researchAndDevelopmentExpenses": 0,
    "generalAndAdministrativeExpenses": 3049000000,
    "sellingAndMarketingExpenses": 0,
    "sellingGeneralAndAdministrativeExpenses": 3049000000,
    "otherExpenses": -325000000,
    "operatingExpenses": 8424000000,
    "costAndExpenses": 8424000000,
    "interestIncome": 0,
    "interestExpense": 7000000,
    "depreciationAndAmortization": 472000000,
    "ebitda": 1071000000,
    "ebitdaratio": 0.1186835106,
    "operatingIncome": 600000000,
    "operatingIncomeRatio": 0.0664893617,
    "totalOtherIncomeExpensesNet": -1688000000,
    "incomeBeforeTax": -1089000000,
    "incomeBeforeTaxRatio": -0.1206781915,
    "incomeTaxExpense": 355000000,
    "netIncome": -1514000000,
    "netIncomeRatio": -0.1677748227,
    "eps": -2.6,
    "epsdiluted": -2.6,
    "weightedAverageShsOut": 582700000,
    "weightedAverageShsOutDil": 583000000,
    "link": "https://www.sec.gov/Archives/edgar/data/1564708/000119312518249117/0001193125-18-249117-index.htm",
    "finalLink": "https://www.sec.gov/Archives/edgar/data/1564708/000119312518249117/d603651d10k.htm"
  },
  {
    "date": "2017-06-30",
    "symbol": "NWS",
    "reportedCurrency": "USD",
    "cik": "0001564708",
    "fillingDate": "2017-08-14",
    "acceptedDate": "2017-08-14 16:10:24",
    "calendarYear": "2017",
    "period": "FY",
    "revenue": 8139000000,
    "costOfRevenue": 4978000000,
    "grossProfit": 3161000000,
    "grossProfitRatio": 0.3883769505,
    "researchAndDevelopmentExpenses": 0,
    "generalAndAdministrativeExpenses": 2725000000,
    "sellingAndMarketingExpenses": 0,
    "sellingGeneralAndAdministrativeExpenses": 2725000000,
    "otherExpenses": 132000000,
    "operatingExpenses": 7703000000,
    "costAndExpenses": 7703000000,
    "interestIncome": 0,
    "interestExpense": 0,
    "depreciationAndAmortization": 449000000,
    "ebitda": 882000000,
    "ebitdaratio": 0.1083671213,
    "operatingIncome": 436000000,
    "operatingIncomeRatio": 0.0535692345,
    "totalOtherIncomeExpensesNet": -1048000000,
    "incomeBeforeTax": -615000000,
    "incomeBeforeTaxRatio": -0.0755621084,
    "incomeTaxExpense": 28000000,
    "netIncome": -738000000,
    "netIncomeRatio": -0.09067453,
    "eps": -1.27,
    "epsdiluted": -1.27,
    "weightedAverageShsOut": 581000000,
    "weightedAverageShsOutDil": 581000000,
    "link": "https://www.sec.gov/Archives/edgar/data/1564708/000119312517257248/0001193125-17-257248-index.htm",
    "finalLink": "https://www.sec.gov/Archives/edgar/data/1564708/000119312517257248/d412501d10k.htm"
  },
  {
    "date": "2016-06-30",
    "symbol": "NWS",
    "reportedCurrency": "USD",
    "cik": "0001564708",
    "fillingDate": "2016-08-12",
    "acceptedDate": "2016-08-12 07:19:00",
    "calendarYear": "2016",
    "period": "FY",
    "revenue": 8292000000,
    "costOfRevenue": 5233000000,
    "grossProfit": 3059000000,
    "grossProfitRatio": 0.3689097926,
    "researchAndDevelopmentExpenses": 0,
    "generalAndAdministrativeExpenses": 2722000000,
    "sellingAndMarketingExpenses": 0,
    "sellingGeneralAndAdministrativeExpenses": 2722000000,
    "otherExpenses": 18000000,
    "operatingExpenses": 7955000000,
    "costAndExpenses": 7955000000,
    "interestIncome": 0,
    "interestExpense": 0,
    "depreciationAndAmortization": 505000000,
    "ebitda": 667000000,
    "ebitdaratio": 0.0804389773,
    "operatingIncome": 337000000,
    "operatingIncomeRatio": 0.0406415822,
    "totalOtherIncomeExpensesNet": -156000000,
    "incomeBeforeTax": 181000000,
    "incomeBeforeTaxRatio": 0.0218282682,
    "incomeTaxExpense": -54000000,
    "netIncome": 179000000,
    "netIncomeRatio": 0.0215870719,
    "eps": 0.3,
    "epsdiluted": 0.3,
    "weightedAverageShsOut": 581000000,
    "weightedAverageShsOutDil": 583000000,
    "link": "https://www.sec.gov/Archives/edgar/data/1564708/000119312516679975/0001193125-16-679975-index.htm",
    "finalLink": "https://www.sec.gov/Archives/edgar/data/1564708/000119312516679975/d210462d10k.htm"
  },
  {
    "date": "2015-06-30",
    "symbol": "NWS",
    "reportedCurrency": "USD",
    "cik": "0001564708",
    "fillingDate": "2015-08-13",
    "acceptedDate": "2015-08-13 06:41:51",
    "calendarYear": "2015",
    "period": "FY",
    "revenue": 8633000000,
    "costOfRevenue": 4952000000,
    "grossProfit": 3681000000,
    "grossProfitRatio": 0.4263871192,
    "researchAndDevelopmentExpenses": 0,
    "generalAndAdministrativeExpenses": 2756000000,
    "sellingAndMarketingExpenses": 0,
    "sellingGeneralAndAdministrativeExpenses": 2756000000,
    "otherExpenses": 75000000,
    "operatingExpenses": 8311000000,
    "costAndExpenses": 8311000000,
    "interestIncome": 0,
    "interestExpense": 0,
    "depreciationAndAmortization": 530000000,
    "ebitda": 945000000,
    "ebitdaratio": 0.1094636859,
    "operatingIncome": 322000000,
    "operatingIncomeRatio": 0.0372987374,
    "totalOtherIncomeExpensesNet": -443000000,
    "incomeBeforeTax": 56000000,
    "incomeBeforeTaxRatio": 0.0064867369,
    "incomeTaxExpense": 134000000,
    "netIncome": -147000000,
    "netIncomeRatio": -0.0170276845,
    "eps": -0.25,
    "epsdiluted": -0.25,
    "weightedAverageShsOut": 581000000,
    "weightedAverageShsOutDil": 581000000,
    "link": "https://www.sec.gov/Archives/edgar/data/1564708/000119312515288946/0001193125-15-288946-index.htm",
    "finalLink": "https://www.sec.gov/Archives/edgar/data/1564708/000119312515288946/d55323d10k.htm"
  },
  {
    "date": "2014-06-30",
    "symbol": "NWS",
    "reportedCurrency": "USD",
    "cik": "0001564708",
    "fillingDate": "2014-08-14",
    "acceptedDate": "2014-08-14 08:04:41",
    "calendarYear": "2014",
    "period": "FY",
    "revenue": 8574000000,
    "costOfRevenue": 5074000000,
    "grossProfit": 3500000000,
    "grossProfitRatio": 0.4082108701,
    "researchAndDevelopmentExpenses": 0,
    "generalAndAdministrativeExpenses": 2665000000,
    "sellingAndMarketingExpenses": 0,
    "sellingGeneralAndAdministrativeExpenses": 2665000000,
    "otherExpenses": -653000000,
    "operatingExpenses": 8382000000,
    "costAndExpenses": 8382000000,
    "interestIncome": 0,
    "interestExpense": 0,
    "depreciationAndAmortization": 578000000,
    "ebitda": 242000000,
    "ebitdaratio": 0.0282248659,
    "operatingIncome": -529000000,
    "operatingIncomeRatio": -0.0616981572,
    "totalOtherIncomeExpensesNet": -589000000,
    "incomeBeforeTax": -397000000,
    "incomeBeforeTaxRatio": -0.0463027758,
    "incomeTaxExpense": -691000000,
    "netIncome": 239000000,
    "netIncomeRatio": 0.0278749708,
    "eps": 0.41,
    "epsdiluted": 0.41,
    "weightedAverageShsOut": 579000000,
    "weightedAverageShsOutDil": 580000000,
    "link": "https://www.sec.gov/Archives/edgar/data/1564708/000119312514309269/0001193125-14-309269-index.htm",
    "finalLink": "https://www.sec.gov/Archives/edgar/data/1564708/000119312514309269/d740541d10k.htm"
  },
  {
    "date": "2013-06-30",
    "symbol": "NWS",
    "reportedCurrency": "USD",
    "cik": "0001564708",
    "fillingDate": "2013-09-20",
    "acceptedDate": "2013-09-20 17:15:42",
    "calendarYear": "2013",
    "period": "FY",
    "revenue": 8891000000,
    "costOfRevenue": 5420000000,
    "grossProfit": 3471000000,
    "grossProfitRatio": 0.3903947812,
    "researchAndDevelopmentExpenses": 0,
    "generalAndAdministrativeExpenses": -1563000000,
    "sellingAndMarketingExpenses": 4346000000,
    "sellingGeneralAndAdministrativeExpenses": 2783000000,
    "otherExpenses": -3000000,
    "operatingExpenses": 8751000000,
    "costAndExpenses": 8751000000,
    "interestIncome": 0,
    "interestExpense": 0,
    "depreciationAndAmortization": 548000000,
    "ebitda": 688000000,
    "ebitdaratio": 0.0773816219,
    "operatingIncome": 140000000,
    "operatingIncomeRatio": 0.0157462603,
    "totalOtherIncomeExpensesNet": 33000000,
    "incomeBeforeTax": 173000000,
    "incomeBeforeTaxRatio": 0.0194578788,
    "incomeTaxExpense": -374000000,
    "netIncome": 506000000,
    "netIncomeRatio": 0.0569114835,
    "eps": 0.87,
    "epsdiluted": 0.87,
    "weightedAverageShsOut": 578800000,
    "weightedAverageShsOutDil": 579400000,
    "link": "https://www.sec.gov/Archives/edgar/data/1564708/000119312513373501/0001193125-13-373501-index.htm",
    "finalLink": "https://www.sec.gov/Archives/edgar/data/1564708/000119312513373501/d581644d10k.htm"
  },
  {
    "date": "2012-06-30",
    "symbol": "NWS",
    "reportedCurrency": "USD",
    "cik": "0001564708",
    "fillingDate": "2012-06-30",
    "acceptedDate": "2012-06-29 20:00:00",
    "calendarYear": "2012",
    "period": "FY",
    "revenue": 8654000000,
    "costOfRevenue": 0,
    "grossProfit": 8654000000,
    "grossProfitRatio": 1,
    "researchAndDevelopmentExpenses": 0,
    "generalAndAdministrativeExpenses": 0,
    "sellingAndMarketingExpenses": 0,
    "sellingGeneralAndAdministrativeExpenses": 2750000000,
    "otherExpenses": -7000000,
    "operatingExpenses": 8355000000,
    "costAndExpenses": 8355000000,
    "interestIncome": 56000000,
    "interestExpense": 0,
    "depreciationAndAmortization": 483000000,
    "ebitda": 782000000,
    "ebitdaratio": 0.090362838,
    "operatingIncome": 299000000,
    "operatingIncomeRatio": 0.0345504969,
    "totalOtherIncomeExpensesNet": -2676000000,
    "incomeBeforeTax": -2377000000,
    "incomeBeforeTaxRatio": -0.2746706725,
    "incomeTaxExpense": -337000000,
    "netIncome": -2075000000,
    "netIncomeRatio": -0.2397735151,
    "eps": -3.59,
    "epsdiluted": -3.59,
    "weightedAverageShsOut": 578504146,
    "weightedAverageShsOutDil": 578504146,
    "link": "",
    "finalLink": ""
  },
  {
    "date": "2011-06-30",
    "symbol": "NWS",
    "reportedCurrency": "USD",
    "cik": "0001564708",
    "fillingDate": "2011-06-30",
    "acceptedDate": "2011-06-29 20:00:00",
    "calendarYear": "2011",
    "period": "FY",
    "revenue": 9095000000,
    "costOfRevenue": 0,
    "grossProfit": 9095000000,
    "grossProfitRatio": 1,
    "researchAndDevelopmentExpenses": 0,
    "generalAndAdministrativeExpenses": 0,
    "sellingAndMarketingExpenses": 0,
    "sellingGeneralAndAdministrativeExpenses": 2648000000,
    "otherExpenses": 4000000,
    "operatingExpenses": 8312000000,
    "costAndExpenses": 8312000000,
    "interestIncome": 47000000,
    "interestExpense": 0,
    "depreciationAndAmortization": 430000000,
    "ebitda": 1213000000,
    "ebitdaratio": 0.1333699835,
    "operatingIncome": 783000000,
    "operatingIncomeRatio": 0.0860912589,
    "totalOtherIncomeExpensesNet": 178000000,
    "incomeBeforeTax": 961000000,
    "incomeBeforeTaxRatio": 0.1056624519,
    "incomeTaxExpense": 257000000,
    "netIncome": 678000000,
    "netIncomeRatio": 0.0745464541,
    "eps": 1.17,
    "epsdiluted": 1.17,
    "weightedAverageShsOut": 578504146,
    "weightedAverageShsOutDil": 578504146,
    "link": "",
    "finalLink": ""
  },
  {
    "date": "2010-06-30",
    "symbol": "NWS",
    "reportedCurrency": "USD",
    "cik": "0001564708",
    "fillingDate": "2010-06-30",
    "acceptedDate": "2010-06-29 20:00:00",
    "calendarYear": "2010",
    "period": "FY",
    "revenue": 8752000000,
    "costOfRevenue": 0,
    "grossProfit": 8752000000,
    "grossProfitRatio": 1,
    "researchAndDevelopmentExpenses": 0,
    "generalAndAdministrativeExpenses": 0,
    "sellingAndMarketingExpenses": 0,
    "sellingGeneralAndAdministrativeExpenses": 2931000000,
    "otherExpenses": -16000000,
    "operatingExpenses": 8353000000,
    "costAndExpenses": 8353000000,
    "interestIncome": 28000000,
    "interestExpense": 0,
    "depreciationAndAmortization": 414000000,
    "ebitda": 813000000,
    "ebitdaratio": 0.092893053,
    "operatingIncome": 399000000,
    "operatingIncomeRatio": 0.0455895795,
    "totalOtherIncomeExpensesNet": 62000000,
    "incomeBeforeTax": 461000000,
    "incomeBeforeTaxRatio": 0.0526736746,
    "incomeTaxExpense": 202000000,
    "netIncome": 243000000,
    "netIncomeRatio": 0.0277650823,
    "eps": 0.42,
    "epsdiluted": 0.42,
    "weightedAverageShsOut": 578504146,
    "weightedAverageShsOutDil": 578504146,
    "link": "",
    "finalLink": ""
  }
]