[
  {
    "date": "2025-06-30",
    "symbol": "NWSA",
    "reportedCurrency": "USD",
    "cik": "0001564708",
    "fillingDate": "2025-08-06",
    "acceptedDate": "2025-08-06 07:03:06",
    "calendarYear": "2025",
    "period": "FY",
    "revenue": 8452000000,
    "costOfRevenue": 0,
    "grossProfit": 8452000000,
    "grossProfitRatio": 1,
    "researchAndDevelopmentExpenses": 0,
    "generalAndAdministrativeExpenses": 0,
    "sellingAndMarketingExpenses": 0,
    "sellingGeneralAndAdministrativeExpenses": 3301000000,
    "otherExpenses": 4195000000,
    "operatingExpenses": 7496000000,
    "costAndExpenses": 7496000000,
    "interestIncome": 0,
    "interestExpense": 10000000,
    "depreciationAndAmortization": 459000000,
    "ebitda": 1415000000,
    "ebitdaratio": 0.1674159962,
    "operatingIncome": 956000000,
    "operatingIncomeRatio": 0.1131093232,
    "totalOtherIncomeExpensesNet": -33000000,
    "incomeBeforeTax": 923000000,
    "incomeBeforeTaxRatio": 0.1092049219,
    "incomeTaxExpense": 275000000,
    "netIncome": 1180000000,
    "netIncomeRatio": 0.1396119262,
    "eps": 2.08,
    "epsdiluted": 2.07,
    "weightedAverageShsOut": 567700000,
    "weightedAverageShsOutDil": 569900000,
    "link": "https://www.sec.gov/Archives/edgar/data/1564708/000156470825000419/0001564708-25-000419-index.htm",
    "finalLink": "https://www.sec.gov/Archives/edgar/data/1564708/000156470825000419/nws-20250630.htm"
  },
  {
    "date": "2024-06-30",
    "symbol": "NWSA",
    "reportedCurrency": "USD",
    "cik": "0001564708",
    "fillingDate": "2024-08-13",
    "acceptedDate": "2024-08-13 07:05:30",
    "calendarYear": "2024",
    "period": "FY",
    "revenue": 8252000000,
    "costOfRevenue": 0,
    "grossProfit": 8252000000,
    "grossProfitRatio": 1,
    "researchAndDevelopmentExpenses": 0,
    "generalAndAdministrativeExpenses": 0,
    "sellingAndMarketingExpenses": 0,
    "sellingGeneralAndAdministrativeExpenses": 3197000000,
    "otherExpenses": 4254000000,
    "operatingExpenses": 7451000000,
    "costAndExpenses": 7451000000,
    "interestIncome": 0,
    "interestExpense": 35000000,
    "depreciationAndAmortization": 440000000,
    "ebitda": 1241000000,
    "ebitdaratio": 0.1503877848,
    "operatingIncome": 801000000,
    "operatingIncomeRatio": 0.0970673776,
    "totalOtherIncomeExpensesNet": -216000000,
    "incomeBeforeTax": 585000000,
    "incomeBeforeTaxRatio": 0.070891905,
    "incomeTaxExpense": 206000000,
    "netIncome": 266000000,
    "netIncomeRatio": 0.0322346098,
    "eps": 0.47,
    "epsdiluted": 0.46,
    "weightedAverageShsOut": 571200000,
    "weightedAverageShsOutDil": 573500000,
    "link": "https://www.sec.gov/Archives/edgar/data/1564708/000156470824000408/0001564708-24-000408-index.htm",
    "finalLink": "https://www.sec.gov/Archives/edgar/data/1564708/000156470824000408/nws-20240630.htm"
  },
  {
    "date": "2023-06-30",
    "symbol": "NWSA",
    "reportedCurrency": "USD",
    "cik": "0001564708",
    "fillingDate": "2023-08-15",
    "acceptedDate": "2023-08-15 07:04:33",
    "calendarYear": "2023",
    "period": "FY",
    "revenue": 8012000000,
    "costOfRevenue": 0,
    "grossProfit": 8012000000,
    "grossProfitRatio": 1,
    "researchAndDevelopmentExpenses": 0,
    "generalAndAdministrativeExpenses": 0,
    "sellingAndMarketingExpenses": 0,
    "sellingGeneralAndAdministrativeExpenses": 3012000000,
    "otherExpenses": 4326000000,
    "operatingExpenses": 7338000000,
    "costAndExpenses": 7338000000,
    "interestIncome": 0,
    "interestExpense": 84000000,
    "depreciationAndAmortization": 415000000,
    "ebitda": 1089000000,
    "ebitdaratio": 0.1359211183,
    "operatingIncome": 674000000,
    "operatingIncomeRatio": 0.0841238143,
    "totalOtherIncomeExpensesNet": -294000000,
    "incomeBeforeTax": 380000000,
    "incomeBeforeTaxRatio": 0.0474288567,
    "incomeTaxExpense": 152000000,
    "netIncome": 149000000,
    "netIncomeRatio": 0.0185971043,
    "eps": 0.26,
    "epsdiluted": 0.26,
    "weightedAverageShsOut": 576400000,
    "weightedAverageShsOutDil": 578800000,
    "link": "https://www.sec.gov/Archives/edgar/data/1564708/000156470823000368/0001564708-23-000368-index.htm",
    "finalLink": "https://www.sec.gov/Archives/edgar/data/1564708/000156470823000368/nws-20230630.htm"
  },
  {
    "date": "2022-06-30",
    "symbol": "NWSA",
    "reportedCurrency": "USD",
    "cik": "0001564708",
    "fillingDate": "2022-08-12",
    "acceptedDate": "2022-08-12 06:59:56",
    "calendarYear": "2022",
    "period": "FY",
    "revenue": 10385000000,
    "costOfRevenue": 0,
    "grossProfit": 10385000000,
    "grossProfitRatio": 1,
    "researchAndDevelopmentExpenses": 0,
    "generalAndAdministrativeExpenses": 0,
    "sellingAndMarketingExpenses": 0,
    "sellingGeneralAndAdministrativeExpenses": 3592000000,
    "otherExpenses": 5812000000,
    "operatingExpenses": 9404000000,
    "costAndExpenses": 9404000000,
    "interestIncome": 0,
    "interestExpense": 99000000,
    "depreciationAndAmortization": 688000000,
    "ebitda": 1599000000,
    "ebitdaratio": 0.1539720751,
    "operatingIncome": 981000000,
    "operatingIncomeRatio": 0.094463168,
    "totalOtherIncomeExpensesNet": -169000000,
    "incomeBeforeTax": 812000000,
    "incomeBeforeTaxRatio": 0.0781896967,
    "incomeTaxExpense": 52000000,
    "netIncome": 623000000,
    "netIncomeRatio": 0.0599903707,
    "eps": 1.06,
    "epsdiluted": 1.05,
    "weightedAverageShsOut": 592500000,
    "weightedAverageShsOutDil": 592500000,
    "link": "https://www.sec.gov/Archives/edgar/data/1564708/000156470822000265/0001564708-22-000265-index.htm",
    "finalLink": "https://www.sec.gov/Archives/edgar/data/1564708/000156470822000265/nws-20220630.htm"
  },
  {
    "date": "2021-06-30",
    "symbol": "NWSA",
    "reportedCurrency": "USD",
    "cik": "0001564708",
    "fillingDate": "2021-08-10",
    "acceptedDate": "2021-08-10 07:08:23",
    "calendarYear": "2021",
    "period": "FY",
    "revenue": 9358000000,
    "costOfRevenue": 0,
    "grossProfit": 9358000000,
    "grossProfitRatio": 1,
    "researchAndDevelopmentExpenses": 0,
    "generalAndAdministrativeExpenses": 0,
    "sellingAndMarketingExpenses": 0,
    "sellingGeneralAndAdministrativeExpenses": 3254000000,
    "otherExpenses": 5511000000,
    "operatingExpenses": 8765000000,
    "costAndExpenses": 8765000000,
    "interestIncome": 0,
    "interestExpense": 53000000,
    "depreciationAndAmortization": 680000000,
    "ebitda": 1183000000,
    "ebitdaratio": 0.1264159008,
    "operatingIncome": 593000000,
    "operatingIncomeRatio": 0.0633682411,
    "totalOtherIncomeExpensesNet": -143000000,
    "incomeBeforeTax": 450000000,
    "incomeBeforeTaxRatio": 0.0480871981,
    "incomeTaxExpense": 61000000,
    "netIncome": 330000000,
    "netIncomeRatio": 0.0352639453,
    "eps": 0.56,
    "epsdiluted": 0.56,
    "weightedAverageShsOut": 590400094,
    "weightedAverageShsOutDil": 593400000,
    "link": "https://www.sec.gov/Archives/edgar/data/1564708/000156470821000029/0001564708-21-000029-index.htm",
    "finalLink": "https://www.sec.gov/Archives/edgar/data/1564708/000156470821000029/nws-20210630.htm"
  },
  {
    "date": "2020-06-30",
    "symbol": "NWSA",
    "reportedCurrency": "USD",
    "cik": "0001564708",
    "fillingDate": "2020-08-11",
    "acceptedDate": "2020-08-11 06:37:22",
    "calendarYear": "2020",
    "period": "FY",
    "revenue": 9008000000,
    "costOfRevenue": 0,
    "grossProfit": 9008000000,
    "grossProfitRatio": 1,
    "researchAndDevelopmentExpenses": 0,
    "generalAndAdministrativeExpenses": 0,
    "sellingAndMarketingExpenses": 0,
    "sellingGeneralAndAdministrativeExpenses": 2995000000,
    "otherExpenses": 5644000000,
    "operatingExpenses": 8639000000,
    "costAndExpenses": 8639000000,
    "interestIncome": 0,
    "interestExpense": 25000000,
    "depreciationAndAmortization": 644000000,
    "ebitda": -855000000,
    "ebitdaratio": -0.0949156306,
    "operatingIncome": 369000000,
    "operatingIncomeRatio": 0.0409635879,
    "totalOtherIncomeExpensesNet": -1893000000,
    "incomeBeforeTax": -1524000000,
    "incomeBeforeTaxRatio": -0.1691829485,
    "incomeTaxExpense": 21000000,
    "netIncome": -1269000000,
    "netIncomeRatio": -0.140874778,
    "eps": -2.16,
    "epsdiluted": -2.16,
    "weightedAverageShsOut": 587900000,
    "weightedAverageShsOutDil": 587900000,
    "link": "https://www.sec.gov/Archives/edgar/data/1564708/000156470820000022/0001564708-20-000022-index.htm",
    "finalLink": "https://www.sec.gov/Archives/edgar/data/1564708/000156470820000022/nws-20200630.htm"
  },
  {
    "date": "2019-06-30",
    "symbol": "NWSA",
    "reportedCurrency": "USD",
    "cik": "0001564708",
    "fillingDate": "2019-08-13",
    "acceptedDate": "2019-08-13 07:10:07",
    "calendarYear": "2019",
    "period": "FY",
    "revenue": 10074000000,
    "costOfRevenue": 0,
    "grossProfit": 10074000000,
    "grossProfitRatio": 1,
    "researchAndDevelopmentExpenses": 0,
    "generalAndAdministrativeExpenses": 0,
    "sellingAndMarketingExpenses": 0,
    "sellingGeneralAndAdministrativeExpenses": 3191000000,
    "otherExpenses": 6298000000,
    "operatingExpenses": 9489000000,
    "costAndExpenses": 9489000000,
    "interestIncome": 0,
    "interestExpense": 59000000,
    "depreciationAndAmortization": 659000000,
    "ebitda": 1072000000,
    "ebitdaratio": 0.1064125472,
    "operatingIncome": 585000000,
    "operatingIncomeRatio": 0.0580702799,
    "totalOtherIncomeExpensesNet": -231000000,
    "incomeBeforeTax": 354000000,
    "incomeBeforeTaxRatio": 0.0351399643,
    "incomeTaxExpense": 126000000,
    "netIncome": 155000000,
    "netIncomeRatio": 0.0153861425,
    "eps": 0.27,
    "epsdiluted": 0.26,
    "weightedAverageShsOut": 587900000,
    "weightedAverageShsOutDil": 587900000,
    "link": "https://www.sec.gov/Archives/edgar/data/1564708/000119312519219463/0001193125-19-219463-index.htm",
    "finalLink": "https://www.sec.gov/Archives/edgar/data/1564708/000119312519219463/d741099d10k.htm"
  },
  {
    "date": "2018-06-30",
    "symbol": "NWSA",
    "reportedCurrency": "USD",
    "cik": "0001564708",
    "fillingDate": "2018-08-15",
    "acceptedDate": "2018-08-15 06:53:36",
    "calendarYear": "2018",
    "period": "FY",
    "revenue": 9024000000,
    "costOfRevenue": 0,
    "grossProfit": 9024000000,
    "grossProfitRatio": 1,
    "researchAndDevelopmentExpenses": 0,
    "generalAndAdministrativeExpenses": 0,
    "sellingAndMarketingExpenses": 0,
    "sellingGeneralAndAdministrativeExpenses": 3049000000,
    "otherExpenses": 5376000000,
    "operatingExpenses": 8425000000,
    "costAndExpenses": 8425000000,
    "interestIncome": 0,
    "interestExpense": 7000000,
    "depreciationAndAmortization": 472000000,
    "ebitda": 1071000000,
    "ebitdaratio": 0.1186835106,
    "operatingIncome": 599000000,
    "operatingIncomeRatio": 0.0663785461,
    "totalOtherIncomeExpensesNet": -1688000000,
    "incomeBeforeTax": -1089000000,
    "incomeBeforeTaxRatio": -0.1206781915,
    "incomeTaxExpense": 355000000,
    "netIncome": -1514000000,
    "netIncomeRatio": -0.1677748227,
    "eps": -2.6,
    "epsdiluted": -2.6,
    "weightedAverageShsOut": 581931451,
    "weightedAverageShsOutDil": 582700000,
    "link": "https://www.sec.gov/Archives/edgar/data/1564708/000119312518249117/0001193125-18-249117-index.htm",
    "finalLink": "https://www.sec.gov/Archives/edgar/data/1564708/000119312518249117/d603651d10k.htm"
  },
  {
    "date": "2017-06-30",
    "symbol": "NWSA",
    "reportedCurrency": "USD",
    "cik": "0001564708",
    "fillingDate": "2017-08-14",
    "acceptedDate": "2017-08-14 16:10:24",
    "calendarYear": "2017",
    "period": "FY",
    "revenue": 8139000000,
    "costOfRevenue": 0,
    "grossProfit": 8139000000,
    "grossProfitRatio": 1,
    "researchAndDevelopmentExpenses": 0,
    "generalAndAdministrativeExpenses": 0,
    "sellingAndMarketingExpenses": 0,
    "sellingGeneralAndAdministrativeExpenses": 2728000000,
    "otherExpenses": 4978000000,
    "operatingExpenses": 7706000000,
    "costAndExpenses": 7706000000,
    "interestIncome": 0,
    "interestExpense": 0,
    "depreciationAndAmortization": 449000000,
    "ebitda": 882000000,
    "ebitdaratio": 0.1083671213,
    "operatingIncome": 433000000,
    "operatingIncomeRatio": 0.0532006389,
    "totalOtherIncomeExpensesNet": -1048000000,
    "incomeBeforeTax": -615000000,
    "incomeBeforeTaxRatio": -0.0755621084,
    "incomeTaxExpense": 28000000,
    "netIncome": -738000000,
    "netIncomeRatio": -0.09067453,
    "eps": -1.27,
    "epsdiluted": -1.27,
    "weightedAverageShsOut": 579829021,
    "weightedAverageShsOutDil": 581400000,
    "link": "https://www.sec.gov/Archives/edgar/data/1564708/000119312517257248/0001193125-17-257248-index.htm",
    "finalLink": "https://www.sec.gov/Archives/edgar/data/1564708/000119312517257248/d412501d10k.htm"
  },
  {
    "date": "2016-06-30",
    "symbol": "NWSA",
    "reportedCurrency": "USD",
    "cik": "0001564708",
    "fillingDate": "2016-08-12",
    "acceptedDate": "2016-08-12 07:19:00",
    "calendarYear": "2016",
    "period": "FY",
    "revenue": 8292000000,
    "costOfRevenue": 0,
    "grossProfit": 8292000000,
    "grossProfitRatio": 1,
    "researchAndDevelopmentExpenses": 0,
    "generalAndAdministrativeExpenses": 0,
    "sellingAndMarketingExpenses": 0,
    "sellingGeneralAndAdministrativeExpenses": 2722000000,
    "otherExpenses": 5233000000,
    "operatingExpenses": 7955000000,
    "costAndExpenses": 7955000000,
    "interestIncome": 0,
    "interestExpense": 0,
    "depreciationAndAmortization": 505000000,
    "ebitda": 842000000,
    "ebitdaratio": 0.1015436565,
    "operatingIncome": 337000000,
    "operatingIncomeRatio": 0.0406415822,
    "totalOtherIncomeExpensesNet": -156000000,
    "incomeBeforeTax": 181000000,
    "incomeBeforeTaxRatio": 0.0218282682,
    "incomeTaxExpense": -54000000,
    "netIncome": 179000000,
    "netIncomeRatio": 0.0215870719,
    "eps": 0.3,
    "epsdiluted": 0.3,
    "weightedAverageShsOut": 641528773,
    "weightedAverageShsOutDil": 582500000,
    "link": "https://www.sec.gov/Archives/edgar/data/1564708/000119312516679975/0001193125-16-679975-index.htm",
    "finalLink": "https://www.sec.gov/Archives/edgar/data/1564708/000119312516679975/d210462d10k.htm"
  },
  {
    "date": "2015-06-30",
    "symbol": "NWSA",
    "reportedCurrency": "USD",
    "cik": "0001564708",
    "fillingDate": "2015-08-13",
    "acceptedDate": "2015-08-13 06:41:51",
    "calendarYear": "2015",
    "period": "FY",
    "revenue": 8524000000,
    "costOfRevenue": 0,
    "grossProfit": 8524000000,
    "grossProfitRatio": 1,
    "researchAndDevelopmentExpenses": 0,
    "generalAndAdministrativeExpenses": 0,
    "sellingAndMarketingExpenses": 0,
    "sellingGeneralAndAdministrativeExpenses": 2627000000,
    "otherExpenses": 5450000000,
    "operatingExpenses": 8077000000,
    "costAndExpenses": 8077000000,
    "interestIncome": 0,
    "interestExpense": 0,
    "depreciationAndAmortization": 498000000,
    "ebitda": 945000000,
    "ebitdaratio": 0.1108634444,
    "operatingIncome": 447000000,
    "operatingIncomeRatio": 0.0524401689,
    "totalOtherIncomeExpensesNet": 105000000,
    "incomeBeforeTax": 552000000,
    "incomeBeforeTaxRatio": 0.0647583294,
    "incomeTaxExpense": 185000000,
    "netIncome": -147000000,
    "netIncomeRatio": -0.0172454247,
    "eps": -0.25,
    "epsdiluted": -0.25,
    "weightedAverageShsOut": 581000000,
    "weightedAverageShsOutDil": 582600000,
    "link": "https://www.sec.gov/Archives/edgar/data/1564708/000119312515288946/0001193125-15-288946-index.htm",
    "finalLink": "https://www.sec.gov/Archives/edgar/data/1564708/000119312515288946/d55323d10k.htm"
  },
  {
    "date": "2014-06-30",
    "symbol": "NWSA",
    "reportedCurrency": "USD",
    "cik": "0001564708",
    "fillingDate": "2014-08-14",
    "acceptedDate": "2014-08-14 08:04:41",
    "calendarYear": "2014",
    "period": "FY",
    "revenue": 8486000000,
    "costOfRevenue": 0,
    "grossProfit": 8486000000,
    "grossProfitRatio": 1,
    "researchAndDevelopmentExpenses": 0,
    "generalAndAdministrativeExpenses": 0,
    "sellingAndMarketingExpenses": 0,
    "sellingGeneralAndAdministrativeExpenses": 2449000000,
    "otherExpenses": 6347000000,
    "operatingExpenses": 8796000000,
    "costAndExpenses": 8796000000,
    "interestIncome": 0,
    "interestExpense": 0,
    "depreciationAndAmortization": 552000000,
    "ebitda": 242000000,
    "ebitdaratio": 0.0285175583,
    "operatingIncome": -310000000,
    "operatingIncomeRatio": -0.0365307565,
    "totalOtherIncomeExpensesNet": 132000000,
    "incomeBeforeTax": -178000000,
    "incomeBeforeTaxRatio": -0.0209757247,
    "incomeTaxExpense": -614000000,
    "netIncome": 239000000,
    "netIncomeRatio": 0.0281640349,
    "eps": 0.41,
    "epsdiluted": 0.41,
    "weightedAverageShsOut": 579000000,
    "weightedAverageShsOutDil": 579700000,
    "link": "https://www.sec.gov/Archives/edgar/data/1564708/000119312514309269/0001193125-14-309269-index.htm",
    "finalLink": "https://www.sec.gov/Archives/edgar/data/1564708/000119312514309269/d740541d10k.htm"
  },
  {
    "date": "2013-06-30",
    "symbol": "NWSA",
    "reportedCurrency": "USD",
    "cik": "0001564708",
    "fillingDate": "2013-09-20",
    "acceptedDate": "2013-09-20 17:15:42",
    "calendarYear": "2013",
    "period": "FY",
    "revenue": 8891000000,
    "costOfRevenue": 0,
    "grossProfit": 8891000000,
    "grossProfitRatio": 1,
    "researchAndDevelopmentExpenses": 0,
    "generalAndAdministrativeExpenses": 0,
    "sellingAndMarketingExpenses": 0,
    "sellingGeneralAndAdministrativeExpenses": 2783000000,
    "otherExpenses": 5968000000,
    "operatingExpenses": 8751000000,
    "costAndExpenses": 8751000000,
    "interestIncome": 0,
    "interestExpense": 0,
    "depreciationAndAmortization": 548000000,
    "ebitda": 688000000,
    "ebitdaratio": 0.0773816219,
    "operatingIncome": 140000000,
    "operatingIncomeRatio": 0.0157462603,
    "totalOtherIncomeExpensesNet": 33000000,
    "incomeBeforeTax": 173000000,
    "incomeBeforeTaxRatio": 0.0194578788,
    "incomeTaxExpense": -374000000,
    "netIncome": 506000000,
    "netIncomeRatio": 0.0569114835,
    "eps": 0.87,
    "epsdiluted": 0.87,
    "weightedAverageShsOut": 578800000,
    "weightedAverageShsOutDil": 579400000,
    "link": "https://www.sec.gov/Archives/edgar/data/1564708/000119312513373501/0001193125-13-373501-index.htm",
    "finalLink": "https://www.sec.gov/Archives/edgar/data/1564708/000119312513373501/d581644d10k.htm"
  },
  {
    "date": "2012-06-30",
    "symbol": "NWSA",
    "reportedCurrency": "USD",
    "cik": "0001564708",
    "fillingDate": "2012-06-30",
    "acceptedDate": "2012-06-29 20:00:00",
    "calendarYear": "2012",
    "period": "FY",
    "revenue": 8654000000,
    "costOfRevenue": 0,
    "grossProfit": 8654000000,
    "grossProfitRatio": 1,
    "researchAndDevelopmentExpenses": 0,
    "generalAndAdministrativeExpenses": 0,
    "sellingAndMarketingExpenses": 0,
    "sellingGeneralAndAdministrativeExpenses": 2750000000,
    "otherExpenses": 5605000000,
    "operatingExpenses": 8355000000,
    "costAndExpenses": 8355000000,
    "interestIncome": 56000000,
    "interestExpense": 0,
    "depreciationAndAmortization": 483000000,
    "ebitda": 782000000,
    "ebitdaratio": 0.090362838,
    "operatingIncome": 299000000,
    "operatingIncomeRatio": 0.0345504969,
    "totalOtherIncomeExpensesNet": -2676000000,
    "incomeBeforeTax": -2377000000,
    "incomeBeforeTaxRatio": -0.2746706725,
    "incomeTaxExpense": -337000000,
    "netIncome": -2075000000,
    "netIncomeRatio": -0.2397735151,
    "eps": -3.59,
    "epsdiluted": -3.59,
    "weightedAverageShsOut": 578504146,
    "weightedAverageShsOutDil": 578504146,
    "link": "",
    "finalLink": ""
  },
  {
    "date": "2011-06-30",
    "symbol": "NWSA",
    "reportedCurrency": "USD",
    "cik": "0001564708",
    "fillingDate": "2011-06-30",
    "acceptedDate": "2011-06-29 20:00:00",
    "calendarYear": "2011",
    "period": "FY",
    "revenue": 9095000000,
    "costOfRevenue": 0,
    "grossProfit": 9095000000,
    "grossProfitRatio": 1,
    "researchAndDevelopmentExpenses": 0,
    "generalAndAdministrativeExpenses": 0,
    "sellingAndMarketingExpenses": 0,
    "sellingGeneralAndAdministrativeExpenses": 2648000000,
    "otherExpenses": 5664000000,
    "operatingExpenses": 8312000000,
    "costAndExpenses": 8312000000,
    "interestIncome": 47000000,
    "interestExpense": 0,
    "depreciationAndAmortization": 430000000,
    "ebitda": 1213000000,
    "ebitdaratio": 0.1333699835,
    "operatingIncome": 783000000,
    "operatingIncomeRatio": 0.0860912589,
    "totalOtherIncomeExpensesNet": 178000000,
    "incomeBeforeTax": 961000000,
    "incomeBeforeTaxRatio": 0.1056624519,
    "incomeTaxExpense": 257000000,
    "netIncome": 678000000,
    "netIncomeRatio": 0.0745464541,
    "eps": 1.17,
    "epsdiluted": 1.17,
    "weightedAverageShsOut": 578635514,
    "weightedAverageShsOutDil": 578635514,
    "link": "",
    "finalLink": ""
  },
  {
    "date": "2010-06-30",
    "symbol": "NWSA",
    "reportedCurrency": "USD",
    "cik": "0001564708",
    "fillingDate": "2010-06-30",
    "acceptedDate": "2010-06-29 20:00:00",
    "calendarYear": "2010",
    "period": "FY",
    "revenue": 8752000000,
    "costOfRevenue": 0,
    "grossProfit": 8752000000,
    "grossProfitRatio": 1,
    "researchAndDevelopmentExpenses": 0,
    "generalAndAdministrativeExpenses": 0,
    "sellingAndMarketingExpenses": 0,
    "sellingGeneralAndAdministrativeExpenses": 2931000000,
    "otherExpenses": 5422000000,
    "operatingExpenses": 8353000000,
    "costAndExpenses": 8353000000,
    "interestIncome": 28000000,
    "interestExpense": 0,
    "depreciationAndAmortization": 414000000,
    "ebitda": 813000000,
    "ebitdaratio": 0.092893053,
    "operatingIncome": 399000000,
    "operatingIncomeRatio": 0.0455895795,
    "totalOtherIncomeExpensesNet": 62000000,
    "incomeBeforeTax": 461000000,
    "incomeBeforeTaxRatio": 0.0526736746,
    "incomeTaxExpense": 202000000,
    "netIncome": 243000000,
    "netIncomeRatio": 0.0277650823,
    "eps": 0.42,
    "epsdiluted": 0.42,
    "weightedAverageShsOut": 578635514,
    "weightedAverageShsOutDil": 578635514,
    "link": "",
    "finalLink": ""
  }
]