[
  {
    "date": "2025-06-30",
    "symbol": "NWSA",
    "reportedCurrency": "USD",
    "cik": "0001564708",
    "fillingDate": "2025-08-06",
    "acceptedDate": "2025-08-06 07:03:06",
    "calendarYear": "2025",
    "period": "Q4",
    "revenue": 2109000000,
    "costOfRevenue": 0,
    "grossProfit": 2109000000,
    "grossProfitRatio": 1,
    "researchAndDevelopmentExpenses": 0,
    "generalAndAdministrativeExpenses": 0,
    "sellingAndMarketingExpenses": 0,
    "sellingGeneralAndAdministrativeExpenses": 870000000,
    "otherExpenses": 1037000000,
    "operatingExpenses": 1907000000,
    "costAndExpenses": 1907000000,
    "interestIncome": 2000000,
    "interestExpense": -18000000,
    "depreciationAndAmortization": 120000000,
    "ebitda": 322000000,
    "ebitdaratio": 0.1526789948,
    "operatingIncome": 202000000,
    "operatingIncomeRatio": 0.0957799905,
    "totalOtherIncomeExpensesNet": -70000000,
    "incomeBeforeTax": 132000000,
    "incomeBeforeTaxRatio": 0.0625889047,
    "incomeTaxExpense": 46000000,
    "netIncome": 743000000,
    "netIncomeRatio": 0.3522996681,
    "eps": 1.31,
    "epsdiluted": 1.3,
    "weightedAverageShsOut": 567450000,
    "weightedAverageShsOutDil": 569700000,
    "link": "https://www.sec.gov/Archives/edgar/data/1564708/000156470825000419/0001564708-25-000419-index.htm",
    "finalLink": "https://www.sec.gov/Archives/edgar/data/1564708/000156470825000419/nws-20250630.htm"
  },
  {
    "date": "2025-03-31",
    "symbol": "NWSA",
    "reportedCurrency": "USD",
    "cik": "0001564708",
    "fillingDate": "2025-05-09",
    "acceptedDate": "2025-05-09 07:02:55",
    "calendarYear": "2025",
    "period": "Q3",
    "revenue": 2009000000,
    "costOfRevenue": 0,
    "grossProfit": 2009000000,
    "grossProfitRatio": 1,
    "researchAndDevelopmentExpenses": 0,
    "generalAndAdministrativeExpenses": 0,
    "sellingAndMarketingExpenses": 0,
    "sellingGeneralAndAdministrativeExpenses": 815000000,
    "otherExpenses": 1018000000,
    "operatingExpenses": 1833000000,
    "costAndExpenses": 1833000000,
    "interestIncome": 0,
    "interestExpense": 1000000,
    "depreciationAndAmortization": 114000000,
    "ebitda": 290000000,
    "ebitdaratio": 0.1443504231,
    "operatingIncome": 176000000,
    "operatingIncomeRatio": 0.087605774,
    "totalOtherIncomeExpensesNet": -25000000,
    "incomeBeforeTax": 151000000,
    "incomeBeforeTaxRatio": 0.075161772,
    "incomeTaxExpense": 44000000,
    "netIncome": 103000000,
    "netIncomeRatio": 0.0512692882,
    "eps": 0.18,
    "epsdiluted": 0.18,
    "weightedAverageShsOut": 567200000,
    "weightedAverageShsOutDil": 569500000,
    "link": "https://www.sec.gov/Archives/edgar/data/1564708/000156470825000255/0001564708-25-000255-index.htm",
    "finalLink": "https://www.sec.gov/Archives/edgar/data/1564708/000156470825000255/nws-20250331.htm"
  },
  {
    "date": "2024-12-31",
    "symbol": "NWSA",
    "reportedCurrency": "USD",
    "cik": "0001564708",
    "fillingDate": "2025-02-06",
    "acceptedDate": "2025-02-06 06:55:42",
    "calendarYear": "2025",
    "period": "Q2",
    "revenue": 2238000000,
    "costOfRevenue": 0,
    "grossProfit": 2238000000,
    "grossProfitRatio": 1,
    "researchAndDevelopmentExpenses": 0,
    "generalAndAdministrativeExpenses": 0,
    "sellingAndMarketingExpenses": 0,
    "sellingGeneralAndAdministrativeExpenses": 797000000,
    "otherExpenses": 1076000000,
    "operatingExpenses": 1873000000,
    "costAndExpenses": 1873000000,
    "interestIncome": 0,
    "interestExpense": 3000000,
    "depreciationAndAmortization": 113000000,
    "ebitda": 546000000,
    "ebitdaratio": 0.2439678284,
    "operatingIncome": 365000000,
    "operatingIncomeRatio": 0.1630920465,
    "totalOtherIncomeExpensesNet": 65000000,
    "incomeBeforeTax": 430000000,
    "incomeBeforeTaxRatio": 0.1921358356,
    "incomeTaxExpense": 124000000,
    "netIncome": 215000000,
    "netIncomeRatio": 0.0960679178,
    "eps": 0.38,
    "epsdiluted": 0.38,
    "weightedAverageShsOut": 568500000,
    "weightedAverageShsOutDil": 570100000,
    "link": "https://www.sec.gov/Archives/edgar/data/1564708/000156470825000072/0001564708-25-000072-index.htm",
    "finalLink": "https://www.sec.gov/Archives/edgar/data/1564708/000156470825000072/nws-20241231.htm"
  },
  {
    "date": "2024-09-30",
    "symbol": "NWSA",
    "reportedCurrency": "USD",
    "cik": "0001564708",
    "fillingDate": "2024-11-08",
    "acceptedDate": "2024-11-08 06:53:56",
    "calendarYear": "2025",
    "period": "Q1",
    "revenue": 2577000000,
    "costOfRevenue": 0,
    "grossProfit": 2577000000,
    "grossProfitRatio": 1,
    "researchAndDevelopmentExpenses": 0,
    "generalAndAdministrativeExpenses": 0,
    "sellingAndMarketingExpenses": 0,
    "sellingGeneralAndAdministrativeExpenses": 899000000,
    "otherExpenses": 1452000000,
    "operatingExpenses": 2351000000,
    "costAndExpenses": 2351000000,
    "interestIncome": 0,
    "interestExpense": 18000000,
    "depreciationAndAmortization": 189000000,
    "ebitda": 411000000,
    "ebitdaratio": 0.1594877765,
    "operatingIncome": 226000000,
    "operatingIncomeRatio": 0.0876988747,
    "totalOtherIncomeExpensesNet": -22000000,
    "incomeBeforeTax": 204000000,
    "incomeBeforeTaxRatio": 0.0791618161,
    "incomeTaxExpense": 60000000,
    "netIncome": 119000000,
    "netIncomeRatio": 0.046177726,
    "eps": 0.21,
    "epsdiluted": 0.21,
    "weightedAverageShsOut": 569200000,
    "weightedAverageShsOutDil": 571200000,
    "link": "https://www.sec.gov/Archives/edgar/data/1564708/000156470824000599/0001564708-24-000599-index.htm",
    "finalLink": "https://www.sec.gov/Archives/edgar/data/1564708/000156470824000599/nws-20240930.htm"
  },
  {
    "date": "2024-06-30",
    "symbol": "NWSA",
    "reportedCurrency": "USD",
    "cik": "0001564708",
    "fillingDate": "2024-08-13",
    "acceptedDate": "2024-08-13 07:05:30",
    "calendarYear": "2024",
    "period": "Q4",
    "revenue": 2577000000,
    "costOfRevenue": 0,
    "grossProfit": 2577000000,
    "grossProfitRatio": 1,
    "researchAndDevelopmentExpenses": 0,
    "generalAndAdministrativeExpenses": 0,
    "sellingAndMarketingExpenses": 0,
    "sellingGeneralAndAdministrativeExpenses": 936000000,
    "otherExpenses": 1453000000,
    "operatingExpenses": 2389000000,
    "costAndExpenses": 2389000000,
    "interestIncome": 0,
    "interestExpense": 18000000,
    "depreciationAndAmortization": 192000000,
    "ebitda": 320000000,
    "ebitdaratio": 0.1241753977,
    "operatingIncome": 188000000,
    "operatingIncomeRatio": 0.0729530462,
    "totalOtherIncomeExpensesNet": -78000000,
    "incomeBeforeTax": 110000000,
    "incomeBeforeTaxRatio": 0.042685293,
    "incomeTaxExpense": 39000000,
    "netIncome": 50000000,
    "netIncomeRatio": 0.0194024059,
    "eps": 0.09,
    "epsdiluted": 0.09,
    "weightedAverageShsOut": 570000000,
    "weightedAverageShsOutDil": 573000000,
    "link": "https://www.sec.gov/Archives/edgar/data/1564708/000156470824000408/0001564708-24-000408-index.htm",
    "finalLink": "https://www.sec.gov/Archives/edgar/data/1564708/000156470824000408/nws-20240630.htm"
  },
  {
    "date": "2024-03-31",
    "symbol": "NWSA",
    "reportedCurrency": "USD",
    "cik": "0001564708",
    "fillingDate": "2024-05-09",
    "acceptedDate": "2024-05-09 06:59:33",
    "calendarYear": "2024",
    "period": "Q3",
    "revenue": 1994000000,
    "costOfRevenue": 0,
    "grossProfit": 1994000000,
    "grossProfitRatio": 1,
    "researchAndDevelopmentExpenses": 0,
    "generalAndAdministrativeExpenses": 0,
    "sellingAndMarketingExpenses": 0,
    "sellingGeneralAndAdministrativeExpenses": 797000000,
    "otherExpenses": 1052000000,
    "operatingExpenses": 1849000000,
    "costAndExpenses": 1849000000,
    "interestIncome": 0,
    "interestExpense": 9000000,
    "depreciationAndAmortization": 114000000,
    "ebitda": 259000000,
    "ebitdaratio": 0.129889669,
    "operatingIncome": 145000000,
    "operatingIncomeRatio": 0.0727181545,
    "totalOtherIncomeExpensesNet": -49000000,
    "incomeBeforeTax": 96000000,
    "incomeBeforeTaxRatio": 0.0481444333,
    "incomeTaxExpense": 32000000,
    "netIncome": 30000000,
    "netIncomeRatio": 0.0150451354,
    "eps": 0.05,
    "epsdiluted": 0.05,
    "weightedAverageShsOut": 568300000,
    "weightedAverageShsOutDil": 570300000,
    "link": "https://www.sec.gov/Archives/edgar/data/1564708/000156470824000249/0001564708-24-000249-index.htm",
    "finalLink": "https://www.sec.gov/Archives/edgar/data/1564708/000156470824000249/nws-20240331.htm"
  },
  {
    "date": "2023-12-31",
    "symbol": "NWSA",
    "reportedCurrency": "USD",
    "cik": "0001564708",
    "fillingDate": "2024-02-08",
    "acceptedDate": "2024-02-08 06:56:30",
    "calendarYear": "2024",
    "period": "Q2",
    "revenue": 2135000000,
    "costOfRevenue": 0,
    "grossProfit": 2135000000,
    "grossProfitRatio": 1,
    "researchAndDevelopmentExpenses": 0,
    "generalAndAdministrativeExpenses": 0,
    "sellingAndMarketingExpenses": 0,
    "sellingGeneralAndAdministrativeExpenses": 765000000,
    "otherExpenses": 1080000000,
    "operatingExpenses": 1845000000,
    "costAndExpenses": 1845000000,
    "interestIncome": 0,
    "interestExpense": 7000000,
    "depreciationAndAmortization": 40000000,
    "ebitda": 332000000,
    "ebitdaratio": 0.1555035129,
    "operatingIncome": 290000000,
    "operatingIncomeRatio": 0.1358313817,
    "totalOtherIncomeExpensesNet": 1000000,
    "incomeBeforeTax": 291000000,
    "incomeBeforeTaxRatio": 0.1362997658,
    "incomeTaxExpense": 97000000,
    "netIncome": 156000000,
    "netIncomeRatio": 0.0730679157,
    "eps": 0.27,
    "epsdiluted": 0.27,
    "weightedAverageShsOut": 572000000,
    "weightedAverageShsOutDil": 574000000,
    "link": "https://www.sec.gov/Archives/edgar/data/1564708/000156470824000070/0001564708-24-000070-index.htm",
    "finalLink": "https://www.sec.gov/Archives/edgar/data/1564708/000156470824000070/nws-20231231.htm"
  },
  {
    "date": "2023-09-30",
    "symbol": "NWSA",
    "reportedCurrency": "USD",
    "cik": "0001564708",
    "fillingDate": "2023-11-09",
    "acceptedDate": "2023-11-09 17:17:01",
    "calendarYear": "2024",
    "period": "Q1",
    "revenue": 2499000000,
    "costOfRevenue": 0,
    "grossProfit": 2499000000,
    "grossProfitRatio": 1,
    "researchAndDevelopmentExpenses": 0,
    "generalAndAdministrativeExpenses": 0,
    "sellingAndMarketingExpenses": 0,
    "sellingGeneralAndAdministrativeExpenses": 862000000,
    "otherExpenses": 1444000000,
    "operatingExpenses": 2306000000,
    "costAndExpenses": 2306000000,
    "interestIncome": 0,
    "interestExpense": 23000000,
    "depreciationAndAmortization": 171000000,
    "ebitda": 289000000,
    "ebitdaratio": 0.1156462585,
    "operatingIncome": 193000000,
    "operatingIncomeRatio": 0.0772308924,
    "totalOtherIncomeExpensesNet": -98000000,
    "incomeBeforeTax": 95000000,
    "incomeBeforeTaxRatio": 0.0380152061,
    "incomeTaxExpense": 37000000,
    "netIncome": 30000000,
    "netIncomeRatio": 0.0120048019,
    "eps": 0.05,
    "epsdiluted": 0.05,
    "weightedAverageShsOut": 572000000,
    "weightedAverageShsOutDil": 574000000,
    "link": "https://www.sec.gov/Archives/edgar/data/1564708/000156470823000547/0001564708-23-000547-index.htm",
    "finalLink": "https://www.sec.gov/Archives/edgar/data/1564708/000156470823000547/nws-20230930.htm"
  },
  {
    "date": "2023-06-30",
    "symbol": "NWSA",
    "reportedCurrency": "USD",
    "cik": "0001564708",
    "fillingDate": "2023-08-15",
    "acceptedDate": "2023-08-15 07:04:33",
    "calendarYear": "2023",
    "period": "Q4",
    "revenue": 2433000000,
    "costOfRevenue": 0,
    "grossProfit": 2433000000,
    "grossProfitRatio": 1,
    "researchAndDevelopmentExpenses": 0,
    "generalAndAdministrativeExpenses": 0,
    "sellingAndMarketingExpenses": 0,
    "sellingGeneralAndAdministrativeExpenses": 821000000,
    "otherExpenses": 1449000000,
    "operatingExpenses": 2270000000,
    "costAndExpenses": 2270000000,
    "interestIncome": 0,
    "interestExpense": 22000000,
    "depreciationAndAmortization": 178000000,
    "ebitda": 183000000,
    "ebitdaratio": 0.075215783,
    "operatingIncome": 163000000,
    "operatingIncomeRatio": 0.0669954788,
    "totalOtherIncomeExpensesNet": -180000000,
    "incomeBeforeTax": -17000000,
    "incomeBeforeTaxRatio": -0.0069872585,
    "incomeTaxExpense": 15000000,
    "netIncome": -8000000,
    "netIncomeRatio": -0.0032881217,
    "eps": -0.014,
    "epsdiluted": -0.014,
    "weightedAverageShsOut": 573000000,
    "weightedAverageShsOutDil": 573000000,
    "link": "https://www.sec.gov/Archives/edgar/data/1564708/000156470823000368/0001564708-23-000368-index.htm",
    "finalLink": "https://www.sec.gov/Archives/edgar/data/1564708/000156470823000368/nws-20230630.htm"
  },
  {
    "date": "2023-03-31",
    "symbol": "NWSA",
    "reportedCurrency": "USD",
    "cik": "0001564708",
    "fillingDate": "2023-05-12",
    "acceptedDate": "2023-05-12 06:48:20",
    "calendarYear": "2023",
    "period": "Q3",
    "revenue": 2447000000,
    "costOfRevenue": 0,
    "grossProfit": 2447000000,
    "grossProfitRatio": 1,
    "researchAndDevelopmentExpenses": 0,
    "generalAndAdministrativeExpenses": 0,
    "sellingAndMarketingExpenses": 0,
    "sellingGeneralAndAdministrativeExpenses": 841000000,
    "otherExpenses": 1469000000,
    "operatingExpenses": 2310000000,
    "costAndExpenses": 2310000000,
    "interestIncome": 0,
    "interestExpense": 25000000,
    "depreciationAndAmortization": 183000000,
    "ebitda": 299000000,
    "ebitdaratio": 0.1221904373,
    "operatingIncome": 137000000,
    "operatingIncomeRatio": 0.0559869228,
    "totalOtherIncomeExpensesNet": -46000000,
    "incomeBeforeTax": 91000000,
    "incomeBeforeTaxRatio": 0.037188394,
    "incomeTaxExpense": 32000000,
    "netIncome": 50000000,
    "netIncomeRatio": 0.0204331835,
    "eps": 0.0869,
    "epsdiluted": 0.0865,
    "weightedAverageShsOut": 575400000,
    "weightedAverageShsOutDil": 577900000,
    "link": "https://www.sec.gov/Archives/edgar/data/1564708/000156470823000190/0001564708-23-000190-index.htm",
    "finalLink": "https://www.sec.gov/Archives/edgar/data/1564708/000156470823000190/nws-20230331.htm"
  },
  {
    "date": "2022-12-31",
    "symbol": "NWSA",
    "reportedCurrency": "USD",
    "cik": "0001564708",
    "fillingDate": "2023-02-10",
    "acceptedDate": "2023-02-10 07:05:01",
    "calendarYear": "2023",
    "period": "Q2",
    "revenue": 2521000000,
    "costOfRevenue": 0,
    "grossProfit": 2521000000,
    "grossProfitRatio": 1,
    "researchAndDevelopmentExpenses": 0,
    "generalAndAdministrativeExpenses": 0,
    "sellingAndMarketingExpenses": 0,
    "sellingGeneralAndAdministrativeExpenses": 818000000,
    "otherExpenses": 1468000000,
    "operatingExpenses": 2286000000,
    "costAndExpenses": 2286000000,
    "interestIncome": 0,
    "interestExpense": 26000000,
    "depreciationAndAmortization": 174000000,
    "ebitda": 355000000,
    "ebitdaratio": 0.1408171361,
    "operatingIncome": 235000000,
    "operatingIncomeRatio": 0.0932169774,
    "totalOtherIncomeExpensesNet": -80000000,
    "incomeBeforeTax": 155000000,
    "incomeBeforeTaxRatio": 0.0614835383,
    "incomeTaxExpense": 61000000,
    "netIncome": 67000000,
    "netIncomeRatio": 0.0265767553,
    "eps": 0.12,
    "epsdiluted": 0.12,
    "weightedAverageShsOut": 576000000,
    "weightedAverageShsOutDil": 578000000,
    "link": "https://www.sec.gov/Archives/edgar/data/1564708/000156470823000012/0001564708-23-000012-index.htm",
    "finalLink": "https://www.sec.gov/Archives/edgar/data/1564708/000156470823000012/nws-20221231.htm"
  },
  {
    "date": "2022-09-30",
    "symbol": "NWSA",
    "reportedCurrency": "USD",
    "cik": "0001564708",
    "fillingDate": "2022-11-09",
    "acceptedDate": "2022-11-09 07:15:22",
    "calendarYear": "2023",
    "period": "Q1",
    "revenue": 2478000000,
    "costOfRevenue": 0,
    "grossProfit": 2478000000,
    "grossProfitRatio": 1,
    "researchAndDevelopmentExpenses": 0,
    "generalAndAdministrativeExpenses": 0,
    "sellingAndMarketingExpenses": 0,
    "sellingGeneralAndAdministrativeExpenses": 855000000,
    "otherExpenses": 1452000000,
    "operatingExpenses": 2307000000,
    "costAndExpenses": 2307000000,
    "interestIncome": 0,
    "interestExpense": 27000000,
    "depreciationAndAmortization": 179000000,
    "ebitda": 307000000,
    "ebitdaratio": 0.1238902341,
    "operatingIncome": 171000000,
    "operatingIncomeRatio": 0.0690072639,
    "totalOtherIncomeExpensesNet": -70000000,
    "incomeBeforeTax": 101000000,
    "incomeBeforeTaxRatio": 0.0407586764,
    "incomeTaxExpense": 35000000,
    "netIncome": 40000000,
    "netIncomeRatio": 0.01614205,
    "eps": 0.07,
    "epsdiluted": 0.07,
    "weightedAverageShsOut": 581000000,
    "weightedAverageShsOutDil": 583200000,
    "link": "https://www.sec.gov/Archives/edgar/data/1564708/000156470822000398/0001564708-22-000398-index.htm",
    "finalLink": "https://www.sec.gov/Archives/edgar/data/1564708/000156470822000398/nws-20220930.htm"
  },
  {
    "date": "2022-06-30",
    "symbol": "NWSA",
    "reportedCurrency": "USD",
    "cik": "0001564708",
    "fillingDate": "2022-08-12",
    "acceptedDate": "2022-08-12 06:59:56",
    "calendarYear": "2022",
    "period": "Q4",
    "revenue": 2674000000,
    "costOfRevenue": 0,
    "grossProfit": 2674000000,
    "grossProfitRatio": 1,
    "researchAndDevelopmentExpenses": 0,
    "generalAndAdministrativeExpenses": 0,
    "sellingAndMarketingExpenses": 0,
    "sellingGeneralAndAdministrativeExpenses": 1004000000,
    "otherExpenses": 1538000000,
    "operatingExpenses": 2542000000,
    "costAndExpenses": 2542000000,
    "interestIncome": 0,
    "interestExpense": 31000000,
    "depreciationAndAmortization": 183000000,
    "ebitda": 194000000,
    "ebitdaratio": 0.0725504862,
    "operatingIncome": 132000000,
    "operatingIncomeRatio": 0.0493642483,
    "totalOtherIncomeExpensesNet": -152000000,
    "incomeBeforeTax": -20000000,
    "incomeBeforeTaxRatio": -0.0074794316,
    "incomeTaxExpense": -147000000,
    "netIncome": 110000000,
    "netIncomeRatio": 0.0411368736,
    "eps": 0.19,
    "epsdiluted": 0.19,
    "weightedAverageShsOut": 586000969,
    "weightedAverageShsOutDil": 589000000,
    "link": "https://www.sec.gov/Archives/edgar/data/1564708/000156470822000265/0001564708-22-000265-index.htm",
    "finalLink": "https://www.sec.gov/Archives/edgar/data/1564708/000156470822000265/nws-20220630.htm"
  },
  {
    "date": "2022-03-31",
    "symbol": "NWSA",
    "reportedCurrency": "USD",
    "cik": "0001564708",
    "fillingDate": "2022-05-06",
    "acceptedDate": "2022-05-06 07:08:14",
    "calendarYear": "2022",
    "period": "Q3",
    "revenue": 2492000000,
    "costOfRevenue": 0,
    "grossProfit": 2492000000,
    "grossProfitRatio": 1,
    "researchAndDevelopmentExpenses": 0,
    "generalAndAdministrativeExpenses": 0,
    "sellingAndMarketingExpenses": 0,
    "sellingGeneralAndAdministrativeExpenses": 888000000,
    "otherExpenses": 1418000000,
    "operatingExpenses": 2306000000,
    "costAndExpenses": 2306000000,
    "interestIncome": 0,
    "interestExpense": 25000000,
    "depreciationAndAmortization": 172000000,
    "ebitda": 330000000,
    "ebitdaratio": 0.132423756,
    "operatingIncome": 186000000,
    "operatingIncomeRatio": 0.0746388443,
    "totalOtherIncomeExpensesNet": -53000000,
    "incomeBeforeTax": 133000000,
    "incomeBeforeTaxRatio": 0.0533707865,
    "incomeTaxExpense": 29000000,
    "netIncome": 82000000,
    "netIncomeRatio": 0.032905297,
    "eps": 0.14,
    "epsdiluted": 0.14,
    "weightedAverageShsOut": 589000000,
    "weightedAverageShsOutDil": 592100000,
    "link": "https://www.sec.gov/Archives/edgar/data/1564708/000156470822000172/0001564708-22-000172-index.htm",
    "finalLink": "https://www.sec.gov/Archives/edgar/data/1564708/000156470822000172/nws-20220331.htm"
  },
  {
    "date": "2021-12-31",
    "symbol": "NWSA",
    "reportedCurrency": "USD",
    "cik": "0001564708",
    "fillingDate": "2022-02-04",
    "acceptedDate": "2022-02-04 07:35:45",
    "calendarYear": "2022",
    "period": "Q2",
    "revenue": 2717000000,
    "costOfRevenue": 0,
    "grossProfit": 2717000000,
    "grossProfitRatio": 1,
    "researchAndDevelopmentExpenses": 0,
    "generalAndAdministrativeExpenses": 0,
    "sellingAndMarketingExpenses": 0,
    "sellingGeneralAndAdministrativeExpenses": 852000000,
    "otherExpenses": 1447000000,
    "operatingExpenses": 2299000000,
    "costAndExpenses": 2299000000,
    "interestIncome": 0,
    "interestExpense": 21000000,
    "depreciationAndAmortization": 168000000,
    "ebitda": 550000000,
    "ebitdaratio": 0.2024291498,
    "operatingIncome": 418000000,
    "operatingIncomeRatio": 0.1538461538,
    "totalOtherIncomeExpensesNet": -57000000,
    "incomeBeforeTax": 361000000,
    "incomeBeforeTaxRatio": 0.1328671329,
    "incomeTaxExpense": 99000000,
    "netIncome": 235000000,
    "netIncomeRatio": 0.0864924549,
    "eps": 0.4,
    "epsdiluted": 0.4,
    "weightedAverageShsOut": 592100621,
    "weightedAverageShsOutDil": 594700000,
    "link": "https://www.sec.gov/Archives/edgar/data/1564708/000156470822000051/0001564708-22-000051-index.htm",
    "finalLink": "https://www.sec.gov/Archives/edgar/data/1564708/000156470822000051/nws-20211231.htm"
  },
  {
    "date": "2021-09-30",
    "symbol": "NWSA",
    "reportedCurrency": "USD",
    "cik": "0001564708",
    "fillingDate": "2021-11-05",
    "acceptedDate": "2021-11-05 07:04:44",
    "calendarYear": "2022",
    "period": "Q1",
    "revenue": 2502000000,
    "costOfRevenue": 0,
    "grossProfit": 2502000000,
    "grossProfitRatio": 1,
    "researchAndDevelopmentExpenses": 0,
    "generalAndAdministrativeExpenses": 0,
    "sellingAndMarketingExpenses": 0,
    "sellingGeneralAndAdministrativeExpenses": 848000000,
    "otherExpenses": 1409000000,
    "operatingExpenses": 2257000000,
    "costAndExpenses": 2257000000,
    "interestIncome": 0,
    "interestExpense": 22000000,
    "depreciationAndAmortization": 165000000,
    "ebitda": 525000000,
    "ebitdaratio": 0.2098321343,
    "operatingIncome": 245000000,
    "operatingIncomeRatio": 0.0979216627,
    "totalOtherIncomeExpensesNet": 93000000,
    "incomeBeforeTax": 338000000,
    "incomeBeforeTaxRatio": 0.1350919265,
    "incomeTaxExpense": 71000000,
    "netIncome": 196000000,
    "netIncomeRatio": 0.0783373301,
    "eps": 0.33,
    "epsdiluted": 0.33,
    "weightedAverageShsOut": 591700000,
    "weightedAverageShsOutDil": 594400000,
    "link": "https://www.sec.gov/Archives/edgar/data/1564708/000156470821000040/0001564708-21-000040-index.htm",
    "finalLink": "https://www.sec.gov/Archives/edgar/data/1564708/000156470821000040/nws-20210930.htm"
  },
  {
    "date": "2021-06-30",
    "symbol": "NWSA",
    "reportedCurrency": "USD",
    "cik": "0001564708",
    "fillingDate": "2021-08-10",
    "acceptedDate": "2021-08-10 07:08:23",
    "calendarYear": "2021",
    "period": "Q4",
    "revenue": 2492000000,
    "costOfRevenue": 0,
    "grossProfit": 2492000000,
    "grossProfitRatio": 1,
    "researchAndDevelopmentExpenses": 0,
    "generalAndAdministrativeExpenses": 0,
    "sellingAndMarketingExpenses": 0,
    "sellingGeneralAndAdministrativeExpenses": 999000000,
    "otherExpenses": 1459000000,
    "operatingExpenses": 2458000000,
    "costAndExpenses": 2458000000,
    "interestIncome": 0,
    "interestExpense": 21000000,
    "depreciationAndAmortization": 176000000,
    "ebitda": 90000000,
    "ebitdaratio": 0.0361155698,
    "operatingIncome": 34000000,
    "operatingIncomeRatio": 0.0136436597,
    "totalOtherIncomeExpensesNet": -141000000,
    "incomeBeforeTax": -107000000,
    "incomeBeforeTaxRatio": -0.0429373997,
    "incomeTaxExpense": -92000000,
    "netIncome": -14000000,
    "netIncomeRatio": -0.0056179775,
    "eps": -0.0237,
    "epsdiluted": -0.0237,
    "weightedAverageShsOut": 591000000,
    "weightedAverageShsOutDil": 591000000,
    "link": "https://www.sec.gov/Archives/edgar/data/1564708/000156470821000029/0001564708-21-000029-index.htm",
    "finalLink": "https://www.sec.gov/Archives/edgar/data/1564708/000156470821000029/nws-20210630.htm"
  },
  {
    "date": "2021-03-31",
    "symbol": "NWSA",
    "reportedCurrency": "USD",
    "cik": "0001564708",
    "fillingDate": "2021-05-07",
    "acceptedDate": "2021-05-07 06:56:52",
    "calendarYear": "2021",
    "period": "Q3",
    "revenue": 2335000000,
    "costOfRevenue": 0,
    "grossProfit": 2335000000,
    "grossProfitRatio": 1,
    "researchAndDevelopmentExpenses": 0,
    "generalAndAdministrativeExpenses": 0,
    "sellingAndMarketingExpenses": 0,
    "sellingGeneralAndAdministrativeExpenses": 851000000,
    "otherExpenses": 1359000000,
    "operatingExpenses": 2210000000,
    "costAndExpenses": 2210000000,
    "interestIncome": 0,
    "interestExpense": 12000000,
    "depreciationAndAmortization": 173000000,
    "ebitda": 324000000,
    "ebitdaratio": 0.13875803,
    "operatingIncome": 125000000,
    "operatingIncomeRatio": 0.0535331906,
    "totalOtherIncomeExpensesNet": 14000000,
    "incomeBeforeTax": 139000000,
    "incomeBeforeTaxRatio": 0.0595289079,
    "incomeTaxExpense": 43000000,
    "netIncome": 79000000,
    "netIncomeRatio": 0.0338329764,
    "eps": 0.13,
    "epsdiluted": 0.13,
    "weightedAverageShsOut": 590800000,
    "weightedAverageShsOutDil": 594500000,
    "link": "https://www.sec.gov/Archives/edgar/data/1564708/000156470821000023/0001564708-21-000023-index.htm",
    "finalLink": "https://www.sec.gov/Archives/edgar/data/1564708/000156470821000023/nws-20210331.htm"
  },
  {
    "date": "2020-12-31",
    "symbol": "NWSA",
    "reportedCurrency": "USD",
    "cik": "0001564708",
    "fillingDate": "2021-02-05",
    "acceptedDate": "2021-02-05 07:10:54",
    "calendarYear": "2021",
    "period": "Q2",
    "revenue": 2414000000,
    "costOfRevenue": 0,
    "grossProfit": 2414000000,
    "grossProfitRatio": 1,
    "researchAndDevelopmentExpenses": 0,
    "generalAndAdministrativeExpenses": 0,
    "sellingAndMarketingExpenses": 0,
    "sellingGeneralAndAdministrativeExpenses": 719000000,
    "otherExpenses": 1365000000,
    "operatingExpenses": 2084000000,
    "costAndExpenses": 2084000000,
    "interestIncome": 0,
    "interestExpense": 12000000,
    "depreciationAndAmortization": 167000000,
    "ebitda": 525000000,
    "ebitdaratio": 0.2174813587,
    "operatingIncome": 330000000,
    "operatingIncomeRatio": 0.1367025684,
    "totalOtherIncomeExpensesNet": 16000000,
    "incomeBeforeTax": 346000000,
    "incomeBeforeTaxRatio": 0.1433305717,
    "incomeTaxExpense": 85000000,
    "netIncome": 231000000,
    "netIncomeRatio": 0.0956917978,
    "eps": 0.39,
    "epsdiluted": 0.39,
    "weightedAverageShsOut": 590700000,
    "weightedAverageShsOutDil": 592600000,
    "link": "https://www.sec.gov/Archives/edgar/data/1564708/000156470821000004/0001564708-21-000004-index.htm",
    "finalLink": "https://www.sec.gov/Archives/edgar/data/1564708/000156470821000004/nws-20201231.htm"
  },
  {
    "date": "2020-09-30",
    "symbol": "NWSA",
    "reportedCurrency": "USD",
    "cik": "0001564708",
    "fillingDate": "2020-11-06",
    "acceptedDate": "2020-11-06 07:06:30",
    "calendarYear": "2021",
    "period": "Q1",
    "revenue": 2117000000,
    "costOfRevenue": 0,
    "grossProfit": 2117000000,
    "grossProfitRatio": 1,
    "researchAndDevelopmentExpenses": 0,
    "generalAndAdministrativeExpenses": 0,
    "sellingAndMarketingExpenses": 0,
    "sellingGeneralAndAdministrativeExpenses": 685000000,
    "otherExpenses": 1328000000,
    "operatingExpenses": 2013000000,
    "costAndExpenses": 2013000000,
    "interestIncome": 0,
    "interestExpense": 8000000,
    "depreciationAndAmortization": 164000000,
    "ebitda": 244000000,
    "ebitdaratio": 0.1152574398,
    "operatingIncome": 104000000,
    "operatingIncomeRatio": 0.0491261219,
    "totalOtherIncomeExpensesNet": -32000000,
    "incomeBeforeTax": 72000000,
    "incomeBeforeTaxRatio": 0.0340103921,
    "incomeTaxExpense": 25000000,
    "netIncome": 34000000,
    "netIncomeRatio": 0.0160604629,
    "eps": 0.06,
    "epsdiluted": 0.06,
    "weightedAverageShsOut": 590000000,
    "weightedAverageShsOutDil": 590800000,
    "link": "https://www.sec.gov/Archives/edgar/data/1564708/000156470820000036/0001564708-20-000036-index.htm",
    "finalLink": "https://www.sec.gov/Archives/edgar/data/1564708/000156470820000036/nws-20200930.htm"
  },
  {
    "date": "2020-06-30",
    "symbol": "NWSA",
    "reportedCurrency": "USD",
    "cik": "0001564708",
    "fillingDate": "2020-08-11",
    "acceptedDate": "2020-08-11 06:37:22",
    "calendarYear": "2020",
    "period": "Q4",
    "revenue": 1923000000,
    "costOfRevenue": 0,
    "grossProfit": 1923000000,
    "grossProfitRatio": 1,
    "researchAndDevelopmentExpenses": 0,
    "generalAndAdministrativeExpenses": 0,
    "sellingAndMarketingExpenses": 0,
    "sellingGeneralAndAdministrativeExpenses": 696000000,
    "otherExpenses": 1192000000,
    "operatingExpenses": 1888000000,
    "costAndExpenses": 1888000000,
    "interestIncome": 0,
    "interestExpense": 12000000,
    "depreciationAndAmortization": 160000000,
    "ebitda": 195000000,
    "ebitdaratio": 0.1014040562,
    "operatingIncome": 35000000,
    "operatingIncomeRatio": 0.018200728,
    "totalOtherIncomeExpensesNet": -436000000,
    "incomeBeforeTax": -401000000,
    "incomeBeforeTaxRatio": -0.2085283411,
    "incomeTaxExpense": 0,
    "netIncome": -397000000,
    "netIncomeRatio": -0.2064482579,
    "eps": -0.67,
    "epsdiluted": -0.67,
    "weightedAverageShsOut": 584483652,
    "weightedAverageShsOutDil": 589000000,
    "link": "https://www.sec.gov/Archives/edgar/data/1564708/000156470820000022/0001564708-20-000022-index.htm",
    "finalLink": "https://www.sec.gov/Archives/edgar/data/1564708/000156470820000022/nws-20200630.htm"
  },
  {
    "date": "2020-03-31",
    "symbol": "NWSA",
    "reportedCurrency": "USD",
    "cik": "0001564708",
    "fillingDate": "2020-05-08",
    "acceptedDate": "2020-05-08 06:50:31",
    "calendarYear": "2020",
    "period": "Q3",
    "revenue": 2266000000,
    "costOfRevenue": 0,
    "grossProfit": 2266000000,
    "grossProfitRatio": 1,
    "researchAndDevelopmentExpenses": 0,
    "generalAndAdministrativeExpenses": 0,
    "sellingAndMarketingExpenses": 0,
    "sellingGeneralAndAdministrativeExpenses": 741000000,
    "otherExpenses": 1443000000,
    "operatingExpenses": 2184000000,
    "costAndExpenses": 2184000000,
    "interestIncome": 0,
    "interestExpense": 9000000,
    "depreciationAndAmortization": 160000000,
    "ebitda": -877000000,
    "ebitdaratio": -0.3870255958,
    "operatingIncome": 82000000,
    "operatingIncomeRatio": 0.0361871139,
    "totalOtherIncomeExpensesNet": -1128000000,
    "incomeBeforeTax": -1046000000,
    "incomeBeforeTaxRatio": -0.4616063548,
    "incomeTaxExpense": -10000000,
    "netIncome": -730000000,
    "netIncomeRatio": -0.3221535746,
    "eps": -1.24,
    "epsdiluted": -1.24,
    "weightedAverageShsOut": 588000000,
    "weightedAverageShsOutDil": 588300000,
    "link": "https://www.sec.gov/Archives/edgar/data/1564708/000119312520136899/0001193125-20-136899-index.htm",
    "finalLink": "https://www.sec.gov/Archives/edgar/data/1564708/000119312520136899/d902897d10q.htm"
  },
  {
    "date": "2019-12-31",
    "symbol": "NWSA",
    "reportedCurrency": "USD",
    "cik": "0001564708",
    "fillingDate": "2020-02-07",
    "acceptedDate": "2020-02-07 07:06:56",
    "calendarYear": "2020",
    "period": "Q2",
    "revenue": 2479000000,
    "costOfRevenue": 0,
    "grossProfit": 2479000000,
    "grossProfitRatio": 1,
    "researchAndDevelopmentExpenses": 0,
    "generalAndAdministrativeExpenses": 0,
    "sellingAndMarketingExpenses": 0,
    "sellingGeneralAndAdministrativeExpenses": 773000000,
    "otherExpenses": 1513000000,
    "operatingExpenses": 2286000000,
    "costAndExpenses": 2286000000,
    "interestIncome": 0,
    "interestExpense": 8000000,
    "depreciationAndAmortization": 162000000,
    "ebitda": 325000000,
    "ebitdaratio": 0.1311012505,
    "operatingIncome": 193000000,
    "operatingIncomeRatio": 0.0778539734,
    "totalOtherIncomeExpensesNet": -38000000,
    "incomeBeforeTax": 155000000,
    "incomeBeforeTaxRatio": 0.0625252118,
    "incomeTaxExpense": 52000000,
    "netIncome": 85000000,
    "netIncomeRatio": 0.0342880194,
    "eps": 0.15,
    "epsdiluted": 0.14,
    "weightedAverageShsOut": 588200000,
    "weightedAverageShsOutDil": 590000000,
    "link": "https://www.sec.gov/Archives/edgar/data/1564708/000119312520027351/0001193125-20-027351-index.htm",
    "finalLink": "https://www.sec.gov/Archives/edgar/data/1564708/000119312520027351/d822982d10q.htm"
  },
  {
    "date": "2019-09-30",
    "symbol": "NWSA",
    "reportedCurrency": "USD",
    "cik": "0001564708",
    "fillingDate": "2019-11-08",
    "acceptedDate": "2019-11-08 07:01:35",
    "calendarYear": "2020",
    "period": "Q1",
    "revenue": 2340000000,
    "costOfRevenue": 0,
    "grossProfit": 2340000000,
    "grossProfitRatio": 1,
    "researchAndDevelopmentExpenses": 0,
    "generalAndAdministrativeExpenses": 0,
    "sellingAndMarketingExpenses": 0,
    "sellingGeneralAndAdministrativeExpenses": 781000000,
    "otherExpenses": 1500000000,
    "operatingExpenses": 2281000000,
    "costAndExpenses": 2281000000,
    "interestIncome": 0,
    "interestExpense": -4000000,
    "depreciationAndAmortization": 162000000,
    "ebitda": 221000000,
    "ebitdaratio": 0.0944444444,
    "operatingIncome": 59000000,
    "operatingIncomeRatio": 0.0252136752,
    "totalOtherIncomeExpensesNet": -291000000,
    "incomeBeforeTax": -232000000,
    "incomeBeforeTaxRatio": -0.0991452991,
    "incomeTaxExpense": -21000000,
    "netIncome": -227000000,
    "netIncomeRatio": -0.097008547,
    "eps": -0.39,
    "epsdiluted": -0.39,
    "weightedAverageShsOut": 586700000,
    "weightedAverageShsOutDil": 586700000,
    "link": "https://www.sec.gov/Archives/edgar/data/1564708/000119312519287803/0001193125-19-287803-index.htm",
    "finalLink": "https://www.sec.gov/Archives/edgar/data/1564708/000119312519287803/d803955d10q.htm"
  },
  {
    "date": "2019-06-30",
    "symbol": "NWSA",
    "reportedCurrency": "USD",
    "cik": "0001564708",
    "fillingDate": "2019-08-13",
    "acceptedDate": "2019-08-13 07:10:07",
    "calendarYear": "2019",
    "period": "Q4",
    "revenue": 2466000000,
    "costOfRevenue": 0,
    "grossProfit": 2466000000,
    "grossProfitRatio": 1,
    "researchAndDevelopmentExpenses": 0,
    "generalAndAdministrativeExpenses": 0,
    "sellingAndMarketingExpenses": 0,
    "sellingGeneralAndAdministrativeExpenses": 799000000,
    "otherExpenses": 1563000000,
    "operatingExpenses": 2362000000,
    "costAndExpenses": 2362000000,
    "interestIncome": 0,
    "interestExpense": 14000000,
    "depreciationAndAmortization": 165000000,
    "ebitda": 269000000,
    "ebitdaratio": 0.1090835361,
    "operatingIncome": 104000000,
    "operatingIncomeRatio": 0.0421735604,
    "totalOtherIncomeExpensesNet": -132000000,
    "incomeBeforeTax": -28000000,
    "incomeBeforeTaxRatio": -0.0113544201,
    "incomeTaxExpense": 14000000,
    "netIncome": -51000000,
    "netIncomeRatio": -0.0206812652,
    "eps": -0.09,
    "epsdiluted": -0.0872,
    "weightedAverageShsOut": 585000000,
    "weightedAverageShsOutDil": 585000000,
    "link": "https://www.sec.gov/Archives/edgar/data/1564708/000119312519219463/0001193125-19-219463-index.htm",
    "finalLink": "https://www.sec.gov/Archives/edgar/data/1564708/000119312519219463/d741099d10k.htm"
  },
  {
    "date": "2019-03-31",
    "symbol": "NWSA",
    "reportedCurrency": "USD",
    "cik": "0001564708",
    "fillingDate": "2019-05-10",
    "acceptedDate": "2019-05-10 07:16:42",
    "calendarYear": "2019",
    "period": "Q3",
    "revenue": 2457000000,
    "costOfRevenue": 0,
    "grossProfit": 2457000000,
    "grossProfitRatio": 1,
    "researchAndDevelopmentExpenses": 0,
    "generalAndAdministrativeExpenses": 0,
    "sellingAndMarketingExpenses": 0,
    "sellingGeneralAndAdministrativeExpenses": 810000000,
    "otherExpenses": 1568000000,
    "operatingExpenses": 2378000000,
    "costAndExpenses": 2378000000,
    "interestIncome": 0,
    "interestExpense": 14000000,
    "depreciationAndAmortization": 168000000,
    "ebitda": 247000000,
    "ebitdaratio": 0.1005291005,
    "operatingIncome": 79000000,
    "operatingIncomeRatio": 0.0321530322,
    "totalOtherIncomeExpensesNet": -49000000,
    "incomeBeforeTax": 30000000,
    "incomeBeforeTaxRatio": 0.0122100122,
    "incomeTaxExpense": 7000000,
    "netIncome": 10000000,
    "netIncomeRatio": 0.0040700041,
    "eps": 0.02,
    "epsdiluted": 0.02,
    "weightedAverageShsOut": 585000000,
    "weightedAverageShsOutDil": 588800000,
    "link": "https://www.sec.gov/Archives/edgar/data/1564708/000119312519143603/0001193125-19-143603-index.htm",
    "finalLink": "https://www.sec.gov/Archives/edgar/data/1564708/000119312519143603/d712848d10q.htm"
  },
  {
    "date": "2018-12-31",
    "symbol": "NWSA",
    "reportedCurrency": "USD",
    "cik": "0001564708",
    "fillingDate": "2019-02-08",
    "acceptedDate": "2019-02-08 06:23:05",
    "calendarYear": "2019",
    "period": "Q2",
    "revenue": 2627000000,
    "costOfRevenue": 0,
    "grossProfit": 2627000000,
    "grossProfitRatio": 1,
    "researchAndDevelopmentExpenses": 0,
    "generalAndAdministrativeExpenses": 0,
    "sellingAndMarketingExpenses": 0,
    "sellingGeneralAndAdministrativeExpenses": 773000000,
    "otherExpenses": 1647000000,
    "operatingExpenses": 2420000000,
    "costAndExpenses": 2420000000,
    "interestIncome": 0,
    "interestExpense": 15000000,
    "depreciationAndAmortization": 163000000,
    "ebitda": 370000000,
    "ebitdaratio": 0.1408450704,
    "operatingIncome": 207000000,
    "operatingIncomeRatio": 0.078797107,
    "totalOtherIncomeExpensesNet": -33000000,
    "incomeBeforeTax": 174000000,
    "incomeBeforeTaxRatio": 0.0662352493,
    "incomeTaxExpense": 55000000,
    "netIncome": 95000000,
    "netIncomeRatio": 0.0361629235,
    "eps": 0.16,
    "epsdiluted": 0.16,
    "weightedAverageShsOut": 584900000,
    "weightedAverageShsOutDil": 587100000,
    "link": "https://www.sec.gov/Archives/edgar/data/1564708/000119312519031442/0001193125-19-031442-index.htm",
    "finalLink": "https://www.sec.gov/Archives/edgar/data/1564708/000119312519031442/d662527d10q.htm"
  },
  {
    "date": "2018-09-30",
    "symbol": "NWSA",
    "reportedCurrency": "USD",
    "cik": "0001564708",
    "fillingDate": "2018-11-08",
    "acceptedDate": "2018-11-08 06:35:16",
    "calendarYear": "2019",
    "period": "Q1",
    "revenue": 2524000000,
    "costOfRevenue": 0,
    "grossProfit": 2524000000,
    "grossProfitRatio": 1,
    "researchAndDevelopmentExpenses": 0,
    "generalAndAdministrativeExpenses": 0,
    "sellingAndMarketingExpenses": 0,
    "sellingGeneralAndAdministrativeExpenses": 826000000,
    "otherExpenses": 1503000000,
    "operatingExpenses": 2329000000,
    "costAndExpenses": 2329000000,
    "interestIncome": 0,
    "interestExpense": 16000000,
    "depreciationAndAmortization": 163000000,
    "ebitda": 358000000,
    "ebitdaratio": 0.1418383518,
    "operatingIncome": 195000000,
    "operatingIncomeRatio": 0.0772583201,
    "totalOtherIncomeExpensesNet": -17000000,
    "incomeBeforeTax": 178000000,
    "incomeBeforeTaxRatio": 0.0705229794,
    "incomeTaxExpense": 50000000,
    "netIncome": 101000000,
    "netIncomeRatio": 0.0400158479,
    "eps": 0.17,
    "epsdiluted": 0.17,
    "weightedAverageShsOut": 583900000,
    "weightedAverageShsOutDil": 585600000,
    "link": "https://www.sec.gov/Archives/edgar/data/1564708/000119312518321775/0001193125-18-321775-index.htm",
    "finalLink": "https://www.sec.gov/Archives/edgar/data/1564708/000119312518321775/d630594d10q.htm"
  },
  {
    "date": "2018-06-30",
    "symbol": "NWSA",
    "reportedCurrency": "USD",
    "cik": "0001564708",
    "fillingDate": "2018-08-15",
    "acceptedDate": "2018-08-15 06:53:36",
    "calendarYear": "2018",
    "period": "Q4",
    "revenue": 2693000000,
    "costOfRevenue": 0,
    "grossProfit": 2693000000,
    "grossProfitRatio": 1,
    "researchAndDevelopmentExpenses": 0,
    "generalAndAdministrativeExpenses": 0,
    "sellingAndMarketingExpenses": 0,
    "sellingGeneralAndAdministrativeExpenses": 917000000,
    "otherExpenses": 1639000000,
    "operatingExpenses": 2556000000,
    "costAndExpenses": 2556000000,
    "interestIncome": 0,
    "interestExpense": 16000000,
    "depreciationAndAmortization": 175000000,
    "ebitda": 312000000,
    "ebitdaratio": 0.1158559228,
    "operatingIncome": 137000000,
    "operatingIncomeRatio": 0.0508726328,
    "totalOtherIncomeExpensesNet": -429000000,
    "incomeBeforeTax": -292000000,
    "incomeBeforeTaxRatio": -0.108429261,
    "incomeTaxExpense": 63000000,
    "netIncome": -371000000,
    "netIncomeRatio": -0.1377645748,
    "eps": -0.64,
    "epsdiluted": -0.64,
    "weightedAverageShsOut": 583000000,
    "weightedAverageShsOutDil": 583000000,
    "link": "https://www.sec.gov/Archives/edgar/data/1564708/000119312518249117/0001193125-18-249117-index.htm",
    "finalLink": "https://www.sec.gov/Archives/edgar/data/1564708/000119312518249117/d603651d10k.htm"
  },
  {
    "date": "2018-03-31",
    "symbol": "NWSA",
    "reportedCurrency": "USD",
    "cik": "0001564708",
    "fillingDate": "2018-05-11",
    "acceptedDate": "2018-05-11 06:23:10",
    "calendarYear": "2018",
    "period": "Q3",
    "revenue": 2093000000,
    "costOfRevenue": 0,
    "grossProfit": 2093000000,
    "grossProfitRatio": 1,
    "researchAndDevelopmentExpenses": 0,
    "generalAndAdministrativeExpenses": 0,
    "sellingAndMarketingExpenses": 0,
    "sellingGeneralAndAdministrativeExpenses": 761000000,
    "otherExpenses": 1251000000,
    "operatingExpenses": 2012000000,
    "costAndExpenses": 2012000000,
    "interestIncome": 0,
    "interestExpense": 0,
    "depreciationAndAmortization": 100000000,
    "ebitda": 181000000,
    "ebitdaratio": 0.0864787387,
    "operatingIncome": 81000000,
    "operatingIncomeRatio": 0.03870043,
    "totalOtherIncomeExpensesNet": -1188000000,
    "incomeBeforeTax": -1107000000,
    "incomeBeforeTaxRatio": -0.5289058767,
    "incomeTaxExpense": 3000000,
    "netIncome": -1128000000,
    "netIncomeRatio": -0.5389393215,
    "eps": -1.94,
    "epsdiluted": -1.94,
    "weightedAverageShsOut": 582800000,
    "weightedAverageShsOutDil": 582800000,
    "link": "https://www.sec.gov/Archives/edgar/data/1564708/000119312518159861/0001193125-18-159861-index.htm",
    "finalLink": "https://www.sec.gov/Archives/edgar/data/1564708/000119312518159861/d512753d10q.htm"
  },
  {
    "date": "2017-12-31",
    "symbol": "NWSA",
    "reportedCurrency": "USD",
    "cik": "0001564708",
    "fillingDate": "2018-02-09",
    "acceptedDate": "2018-02-09 06:11:02",
    "calendarYear": "2018",
    "period": "Q2",
    "revenue": 2180000000,
    "costOfRevenue": 0,
    "grossProfit": 2180000000,
    "grossProfitRatio": 1,
    "researchAndDevelopmentExpenses": 0,
    "generalAndAdministrativeExpenses": 0,
    "sellingAndMarketingExpenses": 0,
    "sellingGeneralAndAdministrativeExpenses": 713000000,
    "otherExpenses": 1239000000,
    "operatingExpenses": 1952000000,
    "costAndExpenses": 1952000000,
    "interestIncome": 0,
    "interestExpense": 0,
    "depreciationAndAmortization": 100000000,
    "ebitda": 328000000,
    "ebitdaratio": 0.1504587156,
    "operatingIncome": 228000000,
    "operatingIncomeRatio": 0.104587156,
    "totalOtherIncomeExpensesNet": -59000000,
    "incomeBeforeTax": 169000000,
    "incomeBeforeTaxRatio": 0.0775229358,
    "incomeTaxExpense": 235000000,
    "netIncome": -83000000,
    "netIncomeRatio": -0.0380733945,
    "eps": -0.14,
    "epsdiluted": -0.14,
    "weightedAverageShsOut": 575765143,
    "weightedAverageShsOutDil": 582700000,
    "link": "https://www.sec.gov/Archives/edgar/data/1564708/000119312518036975/0001193125-18-036975-index.htm",
    "finalLink": "https://www.sec.gov/Archives/edgar/data/1564708/000119312518036975/d516239d10q.htm"
  },
  {
    "date": "2017-09-30",
    "symbol": "NWSA",
    "reportedCurrency": "USD",
    "cik": "0001564708",
    "fillingDate": "2017-11-13",
    "acceptedDate": "2017-11-09 19:02:27",
    "calendarYear": "2018",
    "period": "Q1",
    "revenue": 2058000000,
    "costOfRevenue": 0,
    "grossProfit": 2058000000,
    "grossProfitRatio": 1,
    "researchAndDevelopmentExpenses": 0,
    "generalAndAdministrativeExpenses": 0,
    "sellingAndMarketingExpenses": 0,
    "sellingGeneralAndAdministrativeExpenses": 661000000,
    "otherExpenses": 1246000000,
    "operatingExpenses": 1907000000,
    "costAndExpenses": 1907000000,
    "interestIncome": 0,
    "interestExpense": 0,
    "depreciationAndAmortization": 97000000,
    "ebitda": 248000000,
    "ebitdaratio": 0.120505345,
    "operatingIncome": 151000000,
    "operatingIncomeRatio": 0.073372206,
    "totalOtherIncomeExpensesNet": -10000000,
    "incomeBeforeTax": 141000000,
    "incomeBeforeTaxRatio": 0.0685131195,
    "incomeTaxExpense": 54000000,
    "netIncome": 68000000,
    "netIncomeRatio": 0.0330417881,
    "eps": 0.12,
    "epsdiluted": 0.12,
    "weightedAverageShsOut": 582301460,
    "weightedAverageShsOutDil": 583400000,
    "link": "https://www.sec.gov/Archives/edgar/data/1564708/000119312517339122/0001193125-17-339122-index.htm",
    "finalLink": "https://www.sec.gov/Archives/edgar/data/1564708/000119312517339122/d452222d10q.htm"
  },
  {
    "date": "2017-06-30",
    "symbol": "NWSA",
    "reportedCurrency": "USD",
    "cik": "0001564708",
    "fillingDate": "2017-08-14",
    "acceptedDate": "2017-08-14 16:10:24",
    "calendarYear": "2017",
    "period": "Q4",
    "revenue": 2080000000,
    "costOfRevenue": 0,
    "grossProfit": 2080000000,
    "grossProfitRatio": 1,
    "researchAndDevelopmentExpenses": 0,
    "generalAndAdministrativeExpenses": 0,
    "sellingAndMarketingExpenses": 0,
    "sellingGeneralAndAdministrativeExpenses": 720000000,
    "otherExpenses": 1245000000,
    "operatingExpenses": 1965000000,
    "costAndExpenses": 1965000000,
    "interestIncome": 0,
    "interestExpense": 0,
    "depreciationAndAmortization": 100000000,
    "ebitda": 215000000,
    "ebitdaratio": 0.1033653846,
    "operatingIncome": 115000000,
    "operatingIncomeRatio": 0.0552884615,
    "totalOtherIncomeExpensesNet": -523000000,
    "incomeBeforeTax": -408000000,
    "incomeBeforeTaxRatio": -0.1961538462,
    "incomeTaxExpense": 16000000,
    "netIncome": -429000000,
    "netIncomeRatio": -0.20625,
    "eps": -0.74,
    "epsdiluted": -0.74,
    "weightedAverageShsOut": 582000000,
    "weightedAverageShsOutDil": 582000000,
    "link": "https://www.sec.gov/Archives/edgar/data/1564708/000119312517257248/0001193125-17-257248-index.htm",
    "finalLink": "https://www.sec.gov/Archives/edgar/data/1564708/000119312517257248/d412501d10k.htm"
  },
  {
    "date": "2017-03-31",
    "symbol": "NWSA",
    "reportedCurrency": "USD",
    "cik": "0001564708",
    "fillingDate": "2017-05-10",
    "acceptedDate": "2017-05-10 07:24:17",
    "calendarYear": "2017",
    "period": "Q3",
    "revenue": 1978000000,
    "costOfRevenue": 0,
    "grossProfit": 1978000000,
    "grossProfitRatio": 1,
    "researchAndDevelopmentExpenses": 0,
    "generalAndAdministrativeExpenses": 0,
    "sellingAndMarketingExpenses": 0,
    "sellingGeneralAndAdministrativeExpenses": 662000000,
    "otherExpenses": 1210000000,
    "operatingExpenses": 1872000000,
    "costAndExpenses": 1872000000,
    "interestIncome": 0,
    "interestExpense": 0,
    "depreciationAndAmortization": 109000000,
    "ebitda": 215000000,
    "ebitdaratio": 0.1086956522,
    "operatingIncome": 106000000,
    "operatingIncomeRatio": 0.0535894843,
    "totalOtherIncomeExpensesNet": -61000000,
    "incomeBeforeTax": 45000000,
    "incomeBeforeTaxRatio": 0.0227502528,
    "incomeTaxExpense": 45000000,
    "netIncome": -5000000,
    "netIncomeRatio": -0.0025278059,
    "eps": -0.0086,
    "epsdiluted": -0.0086,
    "weightedAverageShsOut": 581600000,
    "weightedAverageShsOutDil": 581600000,
    "link": "https://www.sec.gov/Archives/edgar/data/1564708/000119312517165013/0001193125-17-165013-index.htm",
    "finalLink": "https://www.sec.gov/Archives/edgar/data/1564708/000119312517165013/d370203d10q.htm"
  },
  {
    "date": "2016-12-31",
    "symbol": "NWSA",
    "reportedCurrency": "USD",
    "cik": "0001564708",
    "fillingDate": "2017-02-10",
    "acceptedDate": "2017-02-10 06:22:41",
    "calendarYear": "2017",
    "period": "Q2",
    "revenue": 2116000000,
    "costOfRevenue": 0,
    "grossProfit": 2116000000,
    "grossProfitRatio": 1,
    "researchAndDevelopmentExpenses": 0,
    "generalAndAdministrativeExpenses": 0,
    "sellingAndMarketingExpenses": 0,
    "sellingGeneralAndAdministrativeExpenses": 665000000,
    "otherExpenses": 1246000000,
    "operatingExpenses": 1911000000,
    "costAndExpenses": 1911000000,
    "interestIncome": 0,
    "interestExpense": 0,
    "depreciationAndAmortization": 120000000,
    "ebitda": 325000000,
    "ebitdaratio": 0.1535916824,
    "operatingIncome": 205000000,
    "operatingIncomeRatio": 0.0968809074,
    "totalOtherIncomeExpensesNet": -456000000,
    "incomeBeforeTax": -251000000,
    "incomeBeforeTaxRatio": -0.1186200378,
    "incomeTaxExpense": -32000000,
    "netIncome": -289000000,
    "netIncomeRatio": -0.1365784499,
    "eps": -0.5,
    "epsdiluted": -0.5,
    "weightedAverageShsOut": 578000000,
    "weightedAverageShsOutDil": 581400000,
    "link": "https://www.sec.gov/Archives/edgar/data/1564708/000119312517037023/0001193125-17-037023-index.htm",
    "finalLink": "https://www.sec.gov/Archives/edgar/data/1564708/000119312517037023/d280090d10q.htm"
  },
  {
    "date": "2016-09-30",
    "symbol": "NWSA",
    "reportedCurrency": "USD",
    "cik": "0001564708",
    "fillingDate": "2016-11-08",
    "acceptedDate": "2016-11-08 07:17:01",
    "calendarYear": "2017",
    "period": "Q1",
    "revenue": 1965000000,
    "costOfRevenue": 0,
    "grossProfit": 1965000000,
    "grossProfitRatio": 1,
    "researchAndDevelopmentExpenses": 0,
    "generalAndAdministrativeExpenses": 0,
    "sellingAndMarketingExpenses": 0,
    "sellingGeneralAndAdministrativeExpenses": 678000000,
    "otherExpenses": 1277000000,
    "operatingExpenses": 1955000000,
    "costAndExpenses": 1955000000,
    "interestIncome": 0,
    "interestExpense": 0,
    "depreciationAndAmortization": 120000000,
    "ebitda": 130000000,
    "ebitdaratio": 0.0661577608,
    "operatingIncome": 10000000,
    "operatingIncomeRatio": 0.0050890585,
    "totalOtherIncomeExpensesNet": -11000000,
    "incomeBeforeTax": -1000000,
    "incomeBeforeTaxRatio": -0.0005089059,
    "incomeTaxExpense": -1000000,
    "netIncome": -15000000,
    "netIncomeRatio": -0.0076335878,
    "eps": -0.0258,
    "epsdiluted": -0.03,
    "weightedAverageShsOut": 500000000,
    "weightedAverageShsOutDil": 580800000,
    "link": "https://www.sec.gov/Archives/edgar/data/1564708/000119312516762357/0001193125-16-762357-index.htm",
    "finalLink": "https://www.sec.gov/Archives/edgar/data/1564708/000119312516762357/d222649d10q.htm"
  },
  {
    "date": "2016-06-30",
    "symbol": "NWSA",
    "reportedCurrency": "USD",
    "cik": "0001564708",
    "fillingDate": "2016-08-12",
    "acceptedDate": "2016-08-12 07:19:00",
    "calendarYear": "2016",
    "period": "Q4",
    "revenue": 2226000000,
    "costOfRevenue": 0,
    "grossProfit": 2226000000,
    "grossProfitRatio": 1,
    "researchAndDevelopmentExpenses": 0,
    "generalAndAdministrativeExpenses": 0,
    "sellingAndMarketingExpenses": 0,
    "sellingGeneralAndAdministrativeExpenses": 735000000,
    "otherExpenses": 1387000000,
    "operatingExpenses": 2122000000,
    "costAndExpenses": 2122000000,
    "interestIncome": 0,
    "interestExpense": 0,
    "depreciationAndAmortization": 135000000,
    "ebitda": 239000000,
    "ebitdaratio": 0.1073674753,
    "operatingIncome": 104000000,
    "operatingIncomeRatio": 0.046720575,
    "totalOtherIncomeExpensesNet": 96000000,
    "incomeBeforeTax": 200000000,
    "incomeBeforeTaxRatio": 0.0898472597,
    "incomeTaxExpense": 86000000,
    "netIncome": 90000000,
    "netIncomeRatio": 0.0404312668,
    "eps": 0.15,
    "epsdiluted": 0.15,
    "weightedAverageShsOut": 562018771,
    "weightedAverageShsOutDil": 582000000,
    "link": "https://www.sec.gov/Archives/edgar/data/1564708/000119312516679975/0001193125-16-679975-index.htm",
    "finalLink": "https://www.sec.gov/Archives/edgar/data/1564708/000119312516679975/d210462d10k.htm"
  },
  {
    "date": "2016-03-31",
    "symbol": "NWSA",
    "reportedCurrency": "USD",
    "cik": "0001564708",
    "fillingDate": "2016-05-06",
    "acceptedDate": "2016-05-06 07:10:45",
    "calendarYear": "2016",
    "period": "Q3",
    "revenue": 1891000000,
    "costOfRevenue": 0,
    "grossProfit": 1891000000,
    "grossProfitRatio": 1,
    "researchAndDevelopmentExpenses": 0,
    "generalAndAdministrativeExpenses": 0,
    "sellingAndMarketingExpenses": 0,
    "sellingGeneralAndAdministrativeExpenses": 649000000,
    "otherExpenses": 1210000000,
    "operatingExpenses": 1859000000,
    "costAndExpenses": 1859000000,
    "interestIncome": 0,
    "interestExpense": 0,
    "depreciationAndAmortization": 126000000,
    "ebitda": 158000000,
    "ebitdaratio": 0.0835536753,
    "operatingIncome": 32000000,
    "operatingIncomeRatio": 0.0169222634,
    "totalOtherIncomeExpensesNet": -258000000,
    "incomeBeforeTax": -226000000,
    "incomeBeforeTaxRatio": -0.1195134849,
    "incomeTaxExpense": -98000000,
    "netIncome": -149000000,
    "netIncomeRatio": -0.0787942887,
    "eps": -0.26,
    "epsdiluted": -0.26,
    "weightedAverageShsOut": 580000000,
    "weightedAverageShsOutDil": 580200000,
    "link": "https://www.sec.gov/Archives/edgar/data/1564708/000119312516580872/0001193125-16-580872-index.htm",
    "finalLink": "https://www.sec.gov/Archives/edgar/data/1564708/000119312516580872/d141018d10q.htm"
  },
  {
    "date": "2015-12-31",
    "symbol": "NWSA",
    "reportedCurrency": "USD",
    "cik": "0001564708",
    "fillingDate": "2016-02-05",
    "acceptedDate": "2016-02-05 07:08:24",
    "calendarYear": "2016",
    "period": "Q2",
    "revenue": 2161000000,
    "costOfRevenue": 0,
    "grossProfit": 2161000000,
    "grossProfitRatio": 1,
    "researchAndDevelopmentExpenses": 0,
    "generalAndAdministrativeExpenses": 0,
    "sellingAndMarketingExpenses": 0,
    "sellingGeneralAndAdministrativeExpenses": 688000000,
    "otherExpenses": 1316000000,
    "operatingExpenses": 2004000000,
    "costAndExpenses": 2004000000,
    "interestIncome": 0,
    "interestExpense": 0,
    "depreciationAndAmortization": 123000000,
    "ebitda": 280000000,
    "ebitdaratio": 0.1295696437,
    "operatingIncome": 157000000,
    "operatingIncomeRatio": 0.0726515502,
    "totalOtherIncomeExpensesNet": -2000000,
    "incomeBeforeTax": 155000000,
    "incomeBeforeTaxRatio": 0.0717260528,
    "incomeTaxExpense": 49000000,
    "netIncome": 63000000,
    "netIncomeRatio": 0.0291531698,
    "eps": 0.11,
    "epsdiluted": 0.11,
    "weightedAverageShsOut": 425764856,
    "weightedAverageShsOutDil": 583000000,
    "link": "https://www.sec.gov/Archives/edgar/data/1564708/000119312516451408/0001193125-16-451408-index.htm",
    "finalLink": "https://www.sec.gov/Archives/edgar/data/1564708/000119312516451408/d108217d10q.htm"
  },
  {
    "date": "2015-09-30",
    "symbol": "NWSA",
    "reportedCurrency": "USD",
    "cik": "0001564708",
    "fillingDate": "2015-11-06",
    "acceptedDate": "2015-11-06 07:09:39",
    "calendarYear": "2016",
    "period": "Q1",
    "revenue": 2014000000,
    "costOfRevenue": 0,
    "grossProfit": 2014000000,
    "grossProfitRatio": 1,
    "researchAndDevelopmentExpenses": 0,
    "generalAndAdministrativeExpenses": 0,
    "sellingAndMarketingExpenses": 0,
    "sellingGeneralAndAdministrativeExpenses": 650000000,
    "otherExpenses": 1320000000,
    "operatingExpenses": 1970000000,
    "costAndExpenses": 1970000000,
    "interestIncome": 0,
    "interestExpense": 0,
    "depreciationAndAmortization": 121000000,
    "ebitda": 165000000,
    "ebitdaratio": 0.0819265144,
    "operatingIncome": 44000000,
    "operatingIncomeRatio": 0.0218470705,
    "totalOtherIncomeExpensesNet": 8000000,
    "incomeBeforeTax": 52000000,
    "incomeBeforeTaxRatio": 0.0258192651,
    "incomeTaxExpense": -91000000,
    "netIncome": 175000000,
    "netIncomeRatio": 0.0868917577,
    "eps": 0.35,
    "epsdiluted": 0.3,
    "weightedAverageShsOut": 503382428,
    "weightedAverageShsOutDil": 582700000,
    "link": "https://www.sec.gov/Archives/edgar/data/1564708/000119312515369166/0001193125-15-369166-index.htm",
    "finalLink": "https://www.sec.gov/Archives/edgar/data/1564708/000119312515369166/d64782d10q.htm"
  },
  {
    "date": "2015-06-30",
    "symbol": "NWSA",
    "reportedCurrency": "USD",
    "cik": "0001564708",
    "fillingDate": "2015-08-13",
    "acceptedDate": "2015-08-13 06:41:51",
    "calendarYear": "2015",
    "period": "Q4",
    "revenue": 2141000000,
    "costOfRevenue": 0,
    "grossProfit": 2141000000,
    "grossProfitRatio": 1,
    "researchAndDevelopmentExpenses": 0,
    "generalAndAdministrativeExpenses": 0,
    "sellingAndMarketingExpenses": 0,
    "sellingGeneralAndAdministrativeExpenses": 721000000,
    "otherExpenses": 1361000000,
    "operatingExpenses": 2082000000,
    "costAndExpenses": 2082000000,
    "interestIncome": 0,
    "interestExpense": 0,
    "depreciationAndAmortization": 132000000,
    "ebitda": 191000000,
    "ebitdaratio": 0.0892106492,
    "operatingIncome": 59000000,
    "operatingIncomeRatio": 0.0275572163,
    "totalOtherIncomeExpensesNet": -395000000,
    "incomeBeforeTax": -336000000,
    "incomeBeforeTaxRatio": -0.1569360112,
    "incomeTaxExpense": 27000000,
    "netIncome": -378000000,
    "netIncomeRatio": -0.1765530126,
    "eps": -0.61,
    "epsdiluted": -0.65,
    "weightedAverageShsOut": 617647059,
    "weightedAverageShsOutDil": 583000000,
    "link": "https://www.sec.gov/Archives/edgar/data/1564708/000119312515288946/0001193125-15-288946-index.htm",
    "finalLink": "https://www.sec.gov/Archives/edgar/data/1564708/000119312515288946/d55323d10k.htm"
  },
  {
    "date": "2015-03-31",
    "symbol": "NWSA",
    "reportedCurrency": "USD",
    "cik": "0001564708",
    "fillingDate": "2015-05-06",
    "acceptedDate": "2015-05-06 07:22:01",
    "calendarYear": "2015",
    "period": "Q3",
    "revenue": 2041000000,
    "costOfRevenue": 0,
    "grossProfit": 2041000000,
    "grossProfitRatio": 1,
    "researchAndDevelopmentExpenses": 0,
    "generalAndAdministrativeExpenses": 0,
    "sellingAndMarketingExpenses": 0,
    "sellingGeneralAndAdministrativeExpenses": 653000000,
    "otherExpenses": 1328000000,
    "operatingExpenses": 1981000000,
    "costAndExpenses": 1981000000,
    "interestIncome": 0,
    "interestExpense": 0,
    "depreciationAndAmortization": 124000000,
    "ebitda": 184000000,
    "ebitdaratio": 0.0901518863,
    "operatingIncome": 60000000,
    "operatingIncomeRatio": 0.0293973542,
    "totalOtherIncomeExpensesNet": 21000000,
    "incomeBeforeTax": 81000000,
    "incomeBeforeTaxRatio": 0.0396864282,
    "incomeTaxExpense": 25000000,
    "netIncome": 23000000,
    "netIncomeRatio": 0.0112689858,
    "eps": 0.0401,
    "epsdiluted": 0.0394,
    "weightedAverageShsOut": 573638344,
    "weightedAverageShsOutDil": 583200000,
    "link": "https://www.sec.gov/Archives/edgar/data/1564708/000119312515173207/0001193125-15-173207-index.htm",
    "finalLink": "https://www.sec.gov/Archives/edgar/data/1564708/000119312515173207/d895828d10q.htm"
  },
  {
    "date": "2014-12-31",
    "symbol": "NWSA",
    "reportedCurrency": "USD",
    "cik": "0001564708",
    "fillingDate": "2015-02-06",
    "acceptedDate": "2015-02-06 07:34:26",
    "calendarYear": "2015",
    "period": "Q2",
    "revenue": 2258000000,
    "costOfRevenue": 0,
    "grossProfit": 2258000000,
    "grossProfitRatio": 1,
    "researchAndDevelopmentExpenses": 0,
    "generalAndAdministrativeExpenses": 0,
    "sellingAndMarketingExpenses": 0,
    "sellingGeneralAndAdministrativeExpenses": 655000000,
    "otherExpenses": 1378000000,
    "operatingExpenses": 2033000000,
    "costAndExpenses": 2033000000,
    "interestIncome": 0,
    "interestExpense": 0,
    "depreciationAndAmortization": 127000000,
    "ebitda": 352000000,
    "ebitdaratio": 0.1558901683,
    "operatingIncome": 225000000,
    "operatingIncomeRatio": 0.0996457042,
    "totalOtherIncomeExpensesNet": 22000000,
    "incomeBeforeTax": 247000000,
    "incomeBeforeTaxRatio": 0.1093888397,
    "incomeTaxExpense": 65000000,
    "netIncome": 143000000,
    "netIncomeRatio": 0.0633303809,
    "eps": 0.24,
    "epsdiluted": 0.24,
    "weightedAverageShsOut": 529629629,
    "weightedAverageShsOutDil": 582500000,
    "link": "https://www.sec.gov/Archives/edgar/data/1564708/000119312515036310/0001193125-15-036310-index.htm",
    "finalLink": "https://www.sec.gov/Archives/edgar/data/1564708/000119312515036310/d851459d10q.htm"
  },
  {
    "date": "2014-09-30",
    "symbol": "NWSA",
    "reportedCurrency": "USD",
    "cik": "0001564708",
    "fillingDate": "2014-11-06",
    "acceptedDate": "2014-11-06 07:14:24",
    "calendarYear": "2015",
    "period": "Q1",
    "revenue": 2108000000,
    "costOfRevenue": 0,
    "grossProfit": 2108000000,
    "grossProfitRatio": 1,
    "researchAndDevelopmentExpenses": 0,
    "generalAndAdministrativeExpenses": 0,
    "sellingAndMarketingExpenses": 0,
    "sellingGeneralAndAdministrativeExpenses": 632000000,
    "otherExpenses": 1406000000,
    "operatingExpenses": 2038000000,
    "costAndExpenses": 2038000000,
    "interestIncome": 0,
    "interestExpense": 0,
    "depreciationAndAmortization": 124000000,
    "ebitda": 194000000,
    "ebitdaratio": 0.0920303605,
    "operatingIncome": 70000000,
    "operatingIncomeRatio": 0.0332068311,
    "totalOtherIncomeExpensesNet": 86000000,
    "incomeBeforeTax": 156000000,
    "incomeBeforeTaxRatio": 0.0740037951,
    "incomeTaxExpense": 47000000,
    "netIncome": 65000000,
    "netIncomeRatio": 0.0308349146,
    "eps": 0.11,
    "epsdiluted": 0.11,
    "weightedAverageShsOut": 437996536,
    "weightedAverageShsOutDil": 579900000,
    "link": "https://www.sec.gov/Archives/edgar/data/1564708/000119312514399701/0001193125-14-399701-index.htm",
    "finalLink": "https://www.sec.gov/Archives/edgar/data/1564708/000119312514399701/d801985d10q.htm"
  },
  {
    "date": "2014-06-30",
    "symbol": "NWSA",
    "reportedCurrency": "USD",
    "cik": "0001564708",
    "fillingDate": "2014-08-14",
    "acceptedDate": "2014-08-14 08:04:41",
    "calendarYear": "2014",
    "period": "Q4",
    "revenue": 2186000000,
    "costOfRevenue": 0,
    "grossProfit": 2186000000,
    "grossProfitRatio": 1,
    "researchAndDevelopmentExpenses": 0,
    "generalAndAdministrativeExpenses": 0,
    "sellingAndMarketingExpenses": 0,
    "sellingGeneralAndAdministrativeExpenses": 748000000,
    "otherExpenses": 1468000000,
    "operatingExpenses": 2216000000,
    "costAndExpenses": 2216000000,
    "interestIncome": 0,
    "interestExpense": 0,
    "depreciationAndAmortization": 157000000,
    "ebitda": 127000000,
    "ebitdaratio": 0.0580969808,
    "operatingIncome": -30000000,
    "operatingIncomeRatio": -0.0137236962,
    "totalOtherIncomeExpensesNet": 54000000,
    "incomeBeforeTax": 24000000,
    "incomeBeforeTaxRatio": 0.010978957,
    "incomeTaxExpense": -5000000,
    "netIncome": 13000000,
    "netIncomeRatio": 0.005946935,
    "eps": 0.02,
    "epsdiluted": 0.02,
    "weightedAverageShsOut": 648185081,
    "weightedAverageShsOutDil": 580000000,
    "link": "https://www.sec.gov/Archives/edgar/data/1564708/000119312514309269/0001193125-14-309269-index.htm",
    "finalLink": "https://www.sec.gov/Archives/edgar/data/1564708/000119312514309269/d740541d10k.htm"
  },
  {
    "date": "2014-03-31",
    "symbol": "NWSA",
    "reportedCurrency": "USD",
    "cik": "0001564708",
    "fillingDate": "2014-05-09",
    "acceptedDate": "2014-05-09 07:28:00",
    "calendarYear": "2014",
    "period": "Q3",
    "revenue": 2078000000,
    "costOfRevenue": 0,
    "grossProfit": 2078000000,
    "grossProfitRatio": 1,
    "researchAndDevelopmentExpenses": 0,
    "generalAndAdministrativeExpenses": 0,
    "sellingAndMarketingExpenses": 0,
    "sellingGeneralAndAdministrativeExpenses": 644000000,
    "otherExpenses": 1401000000,
    "operatingExpenses": 2045000000,
    "costAndExpenses": 2045000000,
    "interestIncome": 0,
    "interestExpense": 0,
    "depreciationAndAmortization": 142000000,
    "ebitda": 175000000,
    "ebitdaratio": 0.0842155919,
    "operatingIncome": 33000000,
    "operatingIncomeRatio": 0.0158806545,
    "totalOtherIncomeExpensesNet": 29000000,
    "incomeBeforeTax": 62000000,
    "incomeBeforeTaxRatio": 0.0298363811,
    "incomeTaxExpense": 1000000,
    "netIncome": 48000000,
    "netIncomeRatio": 0.0230991338,
    "eps": 0.08,
    "epsdiluted": 0.08,
    "weightedAverageShsOut": 579000000,
    "weightedAverageShsOutDil": 579800000,
    "link": "https://www.sec.gov/Archives/edgar/data/1564708/000119312514191043/0001193125-14-191043-index.htm",
    "finalLink": "https://www.sec.gov/Archives/edgar/data/1564708/000119312514191043/d714182d10q.htm"
  },
  {
    "date": "2013-12-31",
    "symbol": "NWSA",
    "reportedCurrency": "USD",
    "cik": "0001564708",
    "fillingDate": "2014-02-07",
    "acceptedDate": "2014-02-07 07:55:01",
    "calendarYear": "2014",
    "period": "Q2",
    "revenue": 2238000000,
    "costOfRevenue": 0,
    "grossProfit": 2238000000,
    "grossProfitRatio": 1,
    "researchAndDevelopmentExpenses": 0,
    "generalAndAdministrativeExpenses": 0,
    "sellingAndMarketingExpenses": 0,
    "sellingGeneralAndAdministrativeExpenses": 637000000,
    "otherExpenses": 1650000000,
    "operatingExpenses": 2287000000,
    "costAndExpenses": 2287000000,
    "interestIncome": 0,
    "interestExpense": 0,
    "depreciationAndAmortization": 138000000,
    "ebitda": 89000000,
    "ebitdaratio": 0.0397676497,
    "operatingIncome": -49000000,
    "operatingIncomeRatio": -0.0218945487,
    "totalOtherIncomeExpensesNet": 4000000,
    "incomeBeforeTax": -45000000,
    "incomeBeforeTaxRatio": -0.0201072386,
    "incomeTaxExpense": -211000000,
    "netIncome": 151000000,
    "netIncomeRatio": 0.0674709562,
    "eps": 0.26,
    "epsdiluted": 0.26,
    "weightedAverageShsOut": 580000000,
    "weightedAverageShsOutDil": 580000000,
    "link": "https://www.sec.gov/Archives/edgar/data/1564708/000119312514039756/0001193125-14-039756-index.htm",
    "finalLink": "https://www.sec.gov/Archives/edgar/data/1564708/000119312514039756/d663877d10q.htm"
  },
  {
    "date": "2013-09-30",
    "symbol": "NWSA",
    "reportedCurrency": "USD",
    "cik": "0001564708",
    "fillingDate": "2013-11-12",
    "acceptedDate": "2013-11-12 07:54:59",
    "calendarYear": "2014",
    "period": "Q1",
    "revenue": 2072000000,
    "costOfRevenue": 0,
    "grossProfit": 2072000000,
    "grossProfitRatio": 1,
    "researchAndDevelopmentExpenses": 0,
    "generalAndAdministrativeExpenses": 0,
    "sellingAndMarketingExpenses": 0,
    "sellingGeneralAndAdministrativeExpenses": 636000000,
    "otherExpenses": 1919000000,
    "operatingExpenses": 2555000000,
    "costAndExpenses": 2555000000,
    "interestIncome": 0,
    "interestExpense": 0,
    "depreciationAndAmortization": 141000000,
    "ebitda": -342000000,
    "ebitdaratio": -0.1650579151,
    "operatingIncome": -483000000,
    "operatingIncomeRatio": -0.2331081081,
    "totalOtherIncomeExpensesNet": 45000000,
    "incomeBeforeTax": -438000000,
    "incomeBeforeTaxRatio": -0.2113899614,
    "incomeTaxExpense": -476000000,
    "netIncome": 27000000,
    "netIncomeRatio": 0.013030888,
    "eps": 0.05,
    "epsdiluted": 0.05,
    "weightedAverageShsOut": 579000000,
    "weightedAverageShsOutDil": 580000000,
    "link": "https://www.sec.gov/Archives/edgar/data/1564708/000119312513436999/0001193125-13-436999-index.htm",
    "finalLink": "https://www.sec.gov/Archives/edgar/data/1564708/000119312513436999/d609664d10q.htm"
  },
  {
    "date": "2013-06-30",
    "symbol": "NWSA",
    "reportedCurrency": "USD",
    "cik": "0001564708",
    "fillingDate": "2013-09-20",
    "acceptedDate": "2013-09-20 17:15:42",
    "calendarYear": "2013",
    "period": "Q4",
    "revenue": 2257000000,
    "costOfRevenue": 0,
    "grossProfit": 2257000000,
    "grossProfitRatio": 1,
    "researchAndDevelopmentExpenses": 0,
    "generalAndAdministrativeExpenses": 0,
    "sellingAndMarketingExpenses": 0,
    "sellingGeneralAndAdministrativeExpenses": 747000000,
    "otherExpenses": 1530000000,
    "operatingExpenses": 2277000000,
    "costAndExpenses": 2277000000,
    "interestIncome": 0,
    "interestExpense": 0,
    "depreciationAndAmortization": 150000000,
    "ebitda": 130000000,
    "ebitdaratio": 0.0575985822,
    "operatingIncome": -20000000,
    "operatingIncomeRatio": -0.0088613203,
    "totalOtherIncomeExpensesNet": -1440000000,
    "incomeBeforeTax": -1460000000,
    "incomeBeforeTaxRatio": -0.6468763846,
    "incomeTaxExpense": -347000000,
    "netIncome": -1124000000,
    "netIncomeRatio": -0.4980062029,
    "eps": -1.94,
    "epsdiluted": -1.94,
    "weightedAverageShsOut": 578800000,
    "weightedAverageShsOutDil": 578800000,
    "link": "https://www.sec.gov/Archives/edgar/data/1564708/000119312513373501/0001193125-13-373501-index.htm",
    "finalLink": "https://www.sec.gov/Archives/edgar/data/1564708/000119312513373501/d581644d10k.htm"
  },
  {
    "date": "2013-03-31",
    "symbol": "NWSA",
    "reportedCurrency": "USD",
    "cik": "0001564708",
    "fillingDate": "2013-03-31",
    "acceptedDate": "2013-03-30 20:00:00",
    "calendarYear": "2013",
    "period": "Q3",
    "revenue": 2180000000,
    "costOfRevenue": 0,
    "grossProfit": 2180000000,
    "grossProfitRatio": 1,
    "researchAndDevelopmentExpenses": 0,
    "generalAndAdministrativeExpenses": 0,
    "sellingAndMarketingExpenses": 0,
    "sellingGeneralAndAdministrativeExpenses": 657000000,
    "otherExpenses": 1498000000,
    "operatingExpenses": 2155000000,
    "costAndExpenses": 2155000000,
    "interestIncome": 25000000,
    "interestExpense": 0,
    "depreciationAndAmortization": 144000000,
    "ebitda": 169000000,
    "ebitdaratio": 0.0775229358,
    "operatingIncome": 25000000,
    "operatingIncomeRatio": 0.0114678899,
    "totalOtherIncomeExpensesNet": 312000000,
    "incomeBeforeTax": 337000000,
    "incomeBeforeTaxRatio": 0.154587156,
    "incomeTaxExpense": 5000000,
    "netIncome": 323000000,
    "netIncomeRatio": 0.1481651376,
    "eps": 0.56,
    "epsdiluted": 0.56,
    "weightedAverageShsOut": 578504146,
    "weightedAverageShsOutDil": 578504146,
    "link": "",
    "finalLink": ""
  },
  {
    "date": "2012-12-31",
    "symbol": "NWSA",
    "reportedCurrency": "USD",
    "cik": "0001564708",
    "fillingDate": "2012-12-31",
    "acceptedDate": "2012-12-30 19:00:00",
    "calendarYear": "2013",
    "period": "Q2",
    "revenue": 2321000000,
    "costOfRevenue": 0,
    "grossProfit": 2321000000,
    "grossProfitRatio": 1,
    "researchAndDevelopmentExpenses": 0,
    "generalAndAdministrativeExpenses": 0,
    "sellingAndMarketingExpenses": 0,
    "sellingGeneralAndAdministrativeExpenses": 669000000,
    "otherExpenses": 1481000000,
    "operatingExpenses": 2150000000,
    "costAndExpenses": 2150000000,
    "interestIncome": 18000000,
    "interestExpense": 0,
    "depreciationAndAmortization": 129000000,
    "ebitda": 300000000,
    "ebitdaratio": 0.1292546316,
    "operatingIncome": 171000000,
    "operatingIncomeRatio": 0.07367514,
    "totalOtherIncomeExpensesNet": 1236000000,
    "incomeBeforeTax": 1407000000,
    "incomeBeforeTaxRatio": 0.6062042223,
    "incomeTaxExpense": -4000000,
    "netIncome": 1399000000,
    "netIncomeRatio": 0.6027574321,
    "eps": 2.42,
    "epsdiluted": 2.42,
    "weightedAverageShsOut": 578504146,
    "weightedAverageShsOutDil": 578504146,
    "link": "",
    "finalLink": ""
  },
  {
    "date": "2012-09-30",
    "symbol": "NWSA",
    "reportedCurrency": "USD",
    "cik": "0001564708",
    "fillingDate": "2012-09-30",
    "acceptedDate": "2012-09-29 20:00:00",
    "calendarYear": "2013",
    "period": "Q1",
    "revenue": 2133000000,
    "costOfRevenue": 1334000000,
    "grossProfit": 799000000,
    "grossProfitRatio": 0.3745897797,
    "researchAndDevelopmentExpenses": 0,
    "generalAndAdministrativeExpenses": 0,
    "sellingAndMarketingExpenses": 0,
    "sellingGeneralAndAdministrativeExpenses": 710000000,
    "otherExpenses": 125000000,
    "operatingExpenses": 835000000,
    "costAndExpenses": 2169000000,
    "interestIncome": 11000000,
    "interestExpense": 0,
    "depreciationAndAmortization": 125000000,
    "ebitda": 89000000,
    "ebitdaratio": 0.0417252696,
    "operatingIncome": -36000000,
    "operatingIncomeRatio": -0.0168776371,
    "totalOtherIncomeExpensesNet": -75000000,
    "incomeBeforeTax": -111000000,
    "incomeBeforeTaxRatio": -0.0520393812,
    "incomeTaxExpense": -28000000,
    "netIncome": -92000000,
    "netIncomeRatio": -0.0431317393,
    "eps": -0.16,
    "epsdiluted": -0.16,
    "weightedAverageShsOut": 575000000,
    "weightedAverageShsOutDil": 578504146,
    "link": "",
    "finalLink": ""
  },
  {
    "date": "2012-06-30",
    "symbol": "NWSA",
    "reportedCurrency": "USD",
    "cik": "0001564708",
    "fillingDate": "2012-06-30",
    "acceptedDate": "2012-06-29 20:00:00",
    "calendarYear": "2012",
    "period": "Q4",
    "revenue": 2134000000,
    "costOfRevenue": 0,
    "grossProfit": 2134000000,
    "grossProfitRatio": 1,
    "researchAndDevelopmentExpenses": 0,
    "generalAndAdministrativeExpenses": 0,
    "sellingAndMarketingExpenses": 0,
    "sellingGeneralAndAdministrativeExpenses": 681000000,
    "otherExpenses": 1398000000,
    "operatingExpenses": 2079000000,
    "costAndExpenses": 2079000000,
    "interestIncome": 0,
    "interestExpense": 0,
    "depreciationAndAmortization": 125000000,
    "ebitda": 180000000,
    "ebitdaratio": 0.084348641,
    "operatingIncome": 55000000,
    "operatingIncomeRatio": 0.0257731959,
    "totalOtherIncomeExpensesNet": -2680000000,
    "incomeBeforeTax": -2625000000,
    "incomeBeforeTaxRatio": -1.2300843486,
    "incomeTaxExpense": -418000000,
    "netIncome": -2218000000,
    "netIncomeRatio": -1.0393626992,
    "eps": -3.83,
    "epsdiluted": -3.83,
    "weightedAverageShsOut": 578504146,
    "weightedAverageShsOutDil": 578504146,
    "link": "",
    "finalLink": ""
  },
  {
    "date": "2012-03-31",
    "symbol": "NWSA",
    "reportedCurrency": "USD",
    "cik": "0001564708",
    "fillingDate": "2012-03-31",
    "acceptedDate": "2012-03-30 20:00:00",
    "calendarYear": "2012",
    "period": "Q3",
    "revenue": 2130000000,
    "costOfRevenue": 0,
    "grossProfit": 2130000000,
    "grossProfitRatio": 1,
    "researchAndDevelopmentExpenses": 0,
    "generalAndAdministrativeExpenses": 0,
    "sellingAndMarketingExpenses": 0,
    "sellingGeneralAndAdministrativeExpenses": 703000000,
    "otherExpenses": 1383000000,
    "operatingExpenses": 2086000000,
    "costAndExpenses": 2086000000,
    "interestIncome": 0,
    "interestExpense": 0,
    "depreciationAndAmortization": 119000000,
    "ebitda": 163000000,
    "ebitdaratio": 0.0765258216,
    "operatingIncome": 44000000,
    "operatingIncomeRatio": 0.020657277,
    "totalOtherIncomeExpensesNet": 14000000,
    "incomeBeforeTax": 58000000,
    "incomeBeforeTaxRatio": 0.0272300469,
    "incomeTaxExpense": 19000000,
    "netIncome": 32000000,
    "netIncomeRatio": 0.0150234742,
    "eps": 0.0553,
    "epsdiluted": 0.0553,
    "weightedAverageShsOut": 578504146,
    "weightedAverageShsOutDil": 578504146,
    "link": "",
    "finalLink": ""
  },
  {
    "date": "2011-12-31",
    "symbol": "NWSA",
    "reportedCurrency": "USD",
    "cik": "0001564708",
    "fillingDate": "2011-12-31",
    "acceptedDate": "2011-12-30 19:00:00",
    "calendarYear": "2012",
    "period": "Q2",
    "revenue": 2225000000,
    "costOfRevenue": 0,
    "grossProfit": 2225000000,
    "grossProfitRatio": 1,
    "researchAndDevelopmentExpenses": 0,
    "generalAndAdministrativeExpenses": 0,
    "sellingAndMarketingExpenses": 0,
    "sellingGeneralAndAdministrativeExpenses": 703000000,
    "otherExpenses": 1405000000,
    "operatingExpenses": 2108000000,
    "costAndExpenses": 2108000000,
    "interestIncome": 0,
    "interestExpense": 0,
    "depreciationAndAmortization": 119000000,
    "ebitda": 236000000,
    "ebitdaratio": 0.1060674157,
    "operatingIncome": 117000000,
    "operatingIncomeRatio": 0.0525842697,
    "totalOtherIncomeExpensesNet": 7000000,
    "incomeBeforeTax": 124000000,
    "incomeBeforeTaxRatio": 0.0557303371,
    "incomeTaxExpense": 41000000,
    "netIncome": 73000000,
    "netIncomeRatio": 0.0328089888,
    "eps": 0.13,
    "epsdiluted": 0.13,
    "weightedAverageShsOut": 578504146,
    "weightedAverageShsOutDil": 578504146,
    "link": "",
    "finalLink": ""
  },
  {
    "date": "2011-09-30",
    "symbol": "NWSA",
    "reportedCurrency": "USD",
    "cik": "0001564708",
    "fillingDate": "2011-09-30",
    "acceptedDate": "2011-09-29 20:00:00",
    "calendarYear": "2012",
    "period": "Q1",
    "revenue": 2165000000,
    "costOfRevenue": 1299000000,
    "grossProfit": 866000000,
    "grossProfitRatio": 0.4,
    "researchAndDevelopmentExpenses": 0,
    "generalAndAdministrativeExpenses": 0,
    "sellingAndMarketingExpenses": 0,
    "sellingGeneralAndAdministrativeExpenses": 663000000,
    "otherExpenses": 120000000,
    "operatingExpenses": 783000000,
    "costAndExpenses": 2082000000,
    "interestIncome": 0,
    "interestExpense": 0,
    "depreciationAndAmortization": 120000000,
    "ebitda": 203000000,
    "ebitdaratio": 0.0937644342,
    "operatingIncome": 83000000,
    "operatingIncomeRatio": 0.0383371824,
    "totalOtherIncomeExpensesNet": -17000000,
    "incomeBeforeTax": 66000000,
    "incomeBeforeTaxRatio": 0.0304849885,
    "incomeTaxExpense": 21000000,
    "netIncome": 38000000,
    "netIncomeRatio": 0.017551963,
    "eps": 0.0657,
    "epsdiluted": 0.0657,
    "weightedAverageShsOut": 578504146,
    "weightedAverageShsOutDil": 578504146,
    "link": "",
    "finalLink": ""
  }
]