[
  {
    "date": "2024-12-31",
    "symbol": "NXPI",
    "reportedCurrency": "USD",
    "cik": "0001413447",
    "fillingDate": "2025-02-20",
    "acceptedDate": "2025-02-20 06:04:10",
    "calendarYear": "2024",
    "period": "FY",
    "revenue": 12614000000,
    "costOfRevenue": 5495000000,
    "grossProfit": 7119000000,
    "grossProfitRatio": 0.564372919,
    "researchAndDevelopmentExpenses": 2347000000,
    "generalAndAdministrativeExpenses": 0,
    "sellingAndMarketingExpenses": 0,
    "sellingGeneralAndAdministrativeExpenses": 1164000000,
    "otherExpenses": 191000000,
    "operatingExpenses": 3702000000,
    "costAndExpenses": 9197000000,
    "interestIncome": 80000000,
    "interestExpense": 398000000,
    "depreciationAndAmortization": 925000000,
    "ebitda": 4422000000,
    "ebitdaratio": 0.3505628667,
    "operatingIncome": 3417000000,
    "operatingIncomeRatio": 0.2708894879,
    "totalOtherIncomeExpensesNet": -330000000,
    "incomeBeforeTax": 3087000000,
    "incomeBeforeTaxRatio": 0.2447280799,
    "incomeTaxExpense": 545000000,
    "netIncome": 2510000000,
    "netIncomeRatio": 0.1989852545,
    "eps": 9.84,
    "epsdiluted": 9.73,
    "weightedAverageShsOut": 255208000,
    "weightedAverageShsOutDil": 257848000,
    "link": "https://www.sec.gov/Archives/edgar/data/1413447/000141344725000019/0001413447-25-000019-index.htm",
    "finalLink": "https://www.sec.gov/Archives/edgar/data/1413447/000141344725000019/nxpi-20241231.htm"
  },
  {
    "date": "2023-12-31",
    "symbol": "NXPI",
    "reportedCurrency": "USD",
    "cik": "0001413447",
    "fillingDate": "2024-02-22",
    "acceptedDate": "2024-02-22 06:07:33",
    "calendarYear": "2023",
    "period": "FY",
    "revenue": 13276000000,
    "costOfRevenue": 5723000000,
    "grossProfit": 7553000000,
    "grossProfitRatio": 0.5689213619,
    "researchAndDevelopmentExpenses": 2418000000,
    "generalAndAdministrativeExpenses": 0,
    "sellingAndMarketingExpenses": 0,
    "sellingGeneralAndAdministrativeExpenses": 1159000000,
    "otherExpenses": 315000000,
    "operatingExpenses": 3892000000,
    "costAndExpenses": 9615000000,
    "interestIncome": 187000000,
    "interestExpense": 438000000,
    "depreciationAndAmortization": 1106000000,
    "ebitda": 4896000000,
    "ebitdaratio": 0.3687857788,
    "operatingIncome": 3661000000,
    "operatingIncomeRatio": 0.2757607713,
    "totalOtherIncomeExpensesNet": -316000000,
    "incomeBeforeTax": 3345000000,
    "incomeBeforeTaxRatio": 0.2519584212,
    "incomeTaxExpense": 523000000,
    "netIncome": 2797000000,
    "netIncomeRatio": 0.210680928,
    "eps": 10.83,
    "epsdiluted": 10.7,
    "weightedAverageShsOut": 258380999,
    "weightedAverageShsOutDil": 261370000,
    "link": "https://www.sec.gov/Archives/edgar/data/1413447/000141344724000013/0001413447-24-000013-index.htm",
    "finalLink": "https://www.sec.gov/Archives/edgar/data/1413447/000141344724000013/nxpi-20231231.htm"
  },
  {
    "date": "2022-12-31",
    "symbol": "NXPI",
    "reportedCurrency": "USD",
    "cik": "0001413447",
    "fillingDate": "2023-03-01",
    "acceptedDate": "2023-03-01 16:07:30",
    "calendarYear": "2022",
    "period": "FY",
    "revenue": 13205000000,
    "costOfRevenue": 5688000000,
    "grossProfit": 7517000000,
    "grossProfitRatio": 0.5692540704,
    "researchAndDevelopmentExpenses": 2148000000,
    "generalAndAdministrativeExpenses": 0,
    "sellingAndMarketingExpenses": 0,
    "sellingGeneralAndAdministrativeExpenses": 1066000000,
    "otherExpenses": 509000000,
    "operatingExpenses": 3723000000,
    "costAndExpenses": 9411000000,
    "interestIncome": 61000000,
    "interestExpense": 427000000,
    "depreciationAndAmortization": 1250000000,
    "ebitda": 5040000000,
    "ebitdaratio": 0.3816736085,
    "operatingIncome": 3797000000,
    "operatingIncomeRatio": 0.2875425975,
    "totalOtherIncomeExpensesNet": -435000000,
    "incomeBeforeTax": 3362000000,
    "incomeBeforeTaxRatio": 0.2546005301,
    "incomeTaxExpense": 529000000,
    "netIncome": 2787000000,
    "netIncomeRatio": 0.211056418,
    "eps": 10.64,
    "epsdiluted": 10.55,
    "weightedAverageShsOut": 261879000,
    "weightedAverageShsOutDil": 264053000,
    "link": "https://www.sec.gov/Archives/edgar/data/1413447/000141344723000006/0001413447-23-000006-index.htm",
    "finalLink": "https://www.sec.gov/Archives/edgar/data/1413447/000141344723000006/nxpi-20221231.htm"
  },
  {
    "date": "2021-12-31",
    "symbol": "NXPI",
    "reportedCurrency": "USD",
    "cik": "0001413447",
    "fillingDate": "2022-02-24",
    "acceptedDate": "2022-02-24 06:09:11",
    "calendarYear": "2021",
    "period": "FY",
    "revenue": 11063000000,
    "costOfRevenue": 4996000000,
    "grossProfit": 6067000000,
    "grossProfitRatio": 0.5484045919,
    "researchAndDevelopmentExpenses": 1936000000,
    "generalAndAdministrativeExpenses": 0,
    "sellingAndMarketingExpenses": 0,
    "sellingGeneralAndAdministrativeExpenses": 956000000,
    "otherExpenses": 592000000,
    "operatingExpenses": 3484000000,
    "costAndExpenses": 8480000000,
    "interestIncome": 4000000,
    "interestExpense": 369000000,
    "depreciationAndAmortization": 1262000000,
    "ebitda": 3811000000,
    "ebitdaratio": 0.3444816054,
    "operatingIncome": 2583000000,
    "operatingIncomeRatio": 0.2334809726,
    "totalOtherIncomeExpensesNet": -405000000,
    "incomeBeforeTax": 2178000000,
    "incomeBeforeTaxRatio": 0.1968724577,
    "incomeTaxExpense": 272000000,
    "netIncome": 1871000000,
    "netIncomeRatio": 0.1691222996,
    "eps": 6.91,
    "epsdiluted": 6.79,
    "weightedAverageShsOut": 270687000,
    "weightedAverageShsOutDil": 275646000,
    "link": "https://www.sec.gov/Archives/edgar/data/1413447/000141344722000008/0001413447-22-000008-index.htm",
    "finalLink": "https://www.sec.gov/Archives/edgar/data/1413447/000141344722000008/nxpi-20211231.htm"
  },
  {
    "date": "2020-12-31",
    "symbol": "NXPI",
    "reportedCurrency": "USD",
    "cik": "0001413447",
    "fillingDate": "2021-02-25",
    "acceptedDate": "2021-02-25 06:28:54",
    "calendarYear": "2020",
    "period": "FY",
    "revenue": 8612000000,
    "costOfRevenue": 4377000000,
    "grossProfit": 4235000000,
    "grossProfitRatio": 0.4917556897,
    "researchAndDevelopmentExpenses": 1725000000,
    "generalAndAdministrativeExpenses": 0,
    "sellingAndMarketingExpenses": 0,
    "sellingGeneralAndAdministrativeExpenses": 879000000,
    "otherExpenses": 1213000000,
    "operatingExpenses": 3817000000,
    "costAndExpenses": 8194000000,
    "interestIncome": 13000000,
    "interestExpense": 362000000,
    "depreciationAndAmortization": 1988000000,
    "ebitda": 2351000000,
    "ebitdaratio": 0.2729911751,
    "operatingIncome": 418000000,
    "operatingIncomeRatio": 0.0485369252,
    "totalOtherIncomeExpensesNet": -421000000,
    "incomeBeforeTax": -3000000,
    "incomeBeforeTaxRatio": -0.0003483511,
    "incomeTaxExpense": -83000000,
    "netIncome": 52000000,
    "netIncomeRatio": 0.0060380864,
    "eps": 0.19,
    "epsdiluted": 0.18,
    "weightedAverageShsOut": 279763000,
    "weightedAverageShsOutDil": 283809000,
    "link": "https://www.sec.gov/Archives/edgar/data/1413447/000141344721000011/0001413447-21-000011-index.htm",
    "finalLink": "https://www.sec.gov/Archives/edgar/data/1413447/000141344721000011/nxpi-20201231.htm"
  },
  {
    "date": "2019-12-31",
    "symbol": "NXPI",
    "reportedCurrency": "USD",
    "cik": "0001413447",
    "fillingDate": "2020-02-27",
    "acceptedDate": "2020-02-27 16:38:01",
    "calendarYear": "2019",
    "period": "FY",
    "revenue": 8877000000,
    "costOfRevenue": 4259000000,
    "grossProfit": 4618000000,
    "grossProfitRatio": 0.5202207953,
    "researchAndDevelopmentExpenses": 1643000000,
    "generalAndAdministrativeExpenses": 0,
    "sellingAndMarketingExpenses": 0,
    "sellingGeneralAndAdministrativeExpenses": 924000000,
    "otherExpenses": 1410000000,
    "operatingExpenses": 3977000000,
    "costAndExpenses": 8236000000,
    "interestIncome": 57000000,
    "interestExpense": 370000000,
    "depreciationAndAmortization": 2047000000,
    "ebitda": 2719000000,
    "ebitdaratio": 0.3062971725,
    "operatingIncome": 641000000,
    "operatingIncomeRatio": 0.0722090796,
    "totalOtherIncomeExpensesNet": -349000000,
    "incomeBeforeTax": 292000000,
    "incomeBeforeTaxRatio": 0.0328939957,
    "incomeTaxExpense": 20000000,
    "netIncome": 243000000,
    "netIncomeRatio": 0.0273741129,
    "eps": 0.86,
    "epsdiluted": 0.85,
    "weightedAverageShsOut": 282056000,
    "weightedAverageShsOutDil": 285911000,
    "link": "https://www.sec.gov/Archives/edgar/data/1413447/000141344720000009/0001413447-20-000009-index.htm",
    "finalLink": "https://www.sec.gov/Archives/edgar/data/1413447/000141344720000009/nxp10-k.htm"
  },
  {
    "date": "2018-12-31",
    "symbol": "NXPI",
    "reportedCurrency": "USD",
    "cik": "0001413447",
    "fillingDate": "2019-03-01",
    "acceptedDate": "2019-03-01 08:03:00",
    "calendarYear": "2018",
    "period": "FY",
    "revenue": 9407000000,
    "costOfRevenue": 4556000000,
    "grossProfit": 4851000000,
    "grossProfitRatio": 0.5156798129,
    "researchAndDevelopmentExpenses": 1700000000,
    "generalAndAdministrativeExpenses": 0,
    "sellingAndMarketingExpenses": 0,
    "sellingGeneralAndAdministrativeExpenses": 993000000,
    "otherExpenses": -552000000,
    "operatingExpenses": 2141000000,
    "costAndExpenses": 6697000000,
    "interestIncome": 48000000,
    "interestExpense": 273000000,
    "depreciationAndAmortization": 1987000000,
    "ebitda": 4645000000,
    "ebitdaratio": 0.4937812267,
    "operatingIncome": 2710000000,
    "operatingIncomeRatio": 0.2880833422,
    "totalOtherIncomeExpensesNet": -276000000,
    "incomeBeforeTax": 2434000000,
    "incomeBeforeTaxRatio": 0.2587434889,
    "incomeTaxExpense": 176000000,
    "netIncome": 2208000000,
    "netIncomeRatio": 0.2347188264,
    "eps": 6.78,
    "epsdiluted": 6.72,
    "weightedAverageShsOut": 325781000,
    "weightedAverageShsOutDil": 328606000,
    "link": "https://www.sec.gov/Archives/edgar/data/1413447/000156459019005657/0001564590-19-005657-index.htm",
    "finalLink": "https://www.sec.gov/Archives/edgar/data/1413447/000156459019005657/nxpi-20f_20181231.htm"
  },
  {
    "date": "2017-12-31",
    "symbol": "NXPI",
    "reportedCurrency": "USD",
    "cik": "0001413447",
    "fillingDate": "2018-04-11",
    "acceptedDate": "2018-04-11 16:06:35",
    "calendarYear": "2017",
    "period": "FY",
    "revenue": 9256000000,
    "costOfRevenue": 4637000000,
    "grossProfit": 4619000000,
    "grossProfitRatio": 0.4990276577,
    "researchAndDevelopmentExpenses": 1554000000,
    "generalAndAdministrativeExpenses": 0,
    "sellingAndMarketingExpenses": 0,
    "sellingGeneralAndAdministrativeExpenses": 1064000000,
    "otherExpenses": -101000000,
    "operatingExpenses": 2517000000,
    "costAndExpenses": 7154000000,
    "interestIncome": 27000000,
    "interestExpense": 310000000,
    "depreciationAndAmortization": 2150000000,
    "ebitda": 4196000000,
    "ebitdaratio": 0.4533275713,
    "operatingIncome": 2102000000,
    "operatingIncomeRatio": 0.2270959378,
    "totalOtherIncomeExpensesNet": -313000000,
    "incomeBeforeTax": 1789000000,
    "incomeBeforeTaxRatio": 0.1932800346,
    "incomeTaxExpense": -483000000,
    "netIncome": 2215000000,
    "netIncomeRatio": 0.2393042351,
    "eps": 6.54,
    "epsdiluted": 6.41,
    "weightedAverageShsOut": 338646000,
    "weightedAverageShsOutDil": 345802000,
    "link": "https://www.sec.gov/Archives/edgar/data/1413447/000119312518114230/0001193125-18-114230-index.htm",
    "finalLink": "https://www.sec.gov/Archives/edgar/data/1413447/000119312518114230/d477273d20f.htm"
  },
  {
    "date": "2016-12-31",
    "symbol": "NXPI",
    "reportedCurrency": "USD",
    "cik": "0001413447",
    "fillingDate": "2017-03-03",
    "acceptedDate": "2017-03-03 07:24:17",
    "calendarYear": "2016",
    "period": "FY",
    "revenue": 9498000000,
    "costOfRevenue": 5429000000,
    "grossProfit": 4069000000,
    "grossProfitRatio": 0.4284059802,
    "researchAndDevelopmentExpenses": 1560000000,
    "generalAndAdministrativeExpenses": 0,
    "sellingAndMarketingExpenses": 0,
    "sellingGeneralAndAdministrativeExpenses": 1132000000,
    "otherExpenses": 1536000000,
    "operatingExpenses": 4228000000,
    "costAndExpenses": 9657000000,
    "interestIncome": 11000000,
    "interestExpense": 408000000,
    "depreciationAndAmortization": 2116000000,
    "ebitda": 1921000000,
    "ebitdaratio": 0.2022531059,
    "operatingIncome": -150000000,
    "operatingIncomeRatio": -0.0157927985,
    "totalOtherIncomeExpensesNet": -442000000,
    "incomeBeforeTax": -592000000,
    "incomeBeforeTaxRatio": -0.0623289113,
    "incomeTaxExpense": -459000000,
    "netIncome": 200000000,
    "netIncomeRatio": 0.0210570646,
    "eps": -0.57,
    "epsdiluted": -0.57,
    "weightedAverageShsOut": 338477000,
    "weightedAverageShsOutDil": 338477000,
    "link": "https://www.sec.gov/Archives/edgar/data/1413447/000119312517068664/0001193125-17-068664-index.htm",
    "finalLink": "https://www.sec.gov/Archives/edgar/data/1413447/000119312517068664/d289369d20f.htm"
  },
  {
    "date": "2015-12-31",
    "symbol": "NXPI",
    "reportedCurrency": "USD",
    "cik": "0001413447",
    "fillingDate": "2016-02-26",
    "acceptedDate": "2016-02-26 16:09:40",
    "calendarYear": "2015",
    "period": "FY",
    "revenue": 6101000000,
    "costOfRevenue": 3314000000,
    "grossProfit": 2787000000,
    "grossProfitRatio": 0.456810359,
    "researchAndDevelopmentExpenses": 890000000,
    "generalAndAdministrativeExpenses": 0,
    "sellingAndMarketingExpenses": 0,
    "sellingGeneralAndAdministrativeExpenses": 922000000,
    "otherExpenses": -1040000000,
    "operatingExpenses": 772000000,
    "costAndExpenses": 4086000000,
    "interestIncome": 6000000,
    "interestExpense": 227000000,
    "depreciationAndAmortization": 517000000,
    "ebitda": 2230000000,
    "ebitdaratio": 0.3655138502,
    "operatingIncome": 2015000000,
    "operatingIncomeRatio": 0.3302737256,
    "totalOtherIncomeExpensesNet": -520000000,
    "incomeBeforeTax": 1495000000,
    "incomeBeforeTaxRatio": 0.2450417964,
    "incomeTaxExpense": -104000000,
    "netIncome": 1526000000,
    "netIncomeRatio": 0.2501229307,
    "eps": 6.36,
    "epsdiluted": 6.1,
    "weightedAverageShsOut": 239764000,
    "weightedAverageShsOutDil": 250116000,
    "link": "https://www.sec.gov/Archives/edgar/data/1413447/000119312516481954/0001193125-16-481954-index.htm",
    "finalLink": "https://www.sec.gov/Archives/edgar/data/1413447/000119312516481954/d18493d20f.htm"
  },
  {
    "date": "2014-12-31",
    "symbol": "NXPI",
    "reportedCurrency": "USD",
    "cik": "0001413447",
    "fillingDate": "2015-03-06",
    "acceptedDate": "2015-03-06 11:19:19",
    "calendarYear": "2014",
    "period": "FY",
    "revenue": 5647000000,
    "costOfRevenue": 3007000000,
    "grossProfit": 2640000000,
    "grossProfitRatio": 0.4675048698,
    "researchAndDevelopmentExpenses": 763000000,
    "generalAndAdministrativeExpenses": 0,
    "sellingAndMarketingExpenses": 0,
    "sellingGeneralAndAdministrativeExpenses": 686000000,
    "otherExpenses": 152000000,
    "operatingExpenses": 1601000000,
    "costAndExpenses": 4608000000,
    "interestIncome": 3000000,
    "interestExpense": 158000000,
    "depreciationAndAmortization": 405000000,
    "ebitda": 1189000000,
    "ebitdaratio": 0.2105542766,
    "operatingIncome": 1049000000,
    "operatingIncomeRatio": 0.1857623517,
    "totalOtherIncomeExpensesNet": -402000000,
    "incomeBeforeTax": 647000000,
    "incomeBeforeTaxRatio": 0.1145741101,
    "incomeTaxExpense": 40000000,
    "netIncome": 539000000,
    "netIncomeRatio": 0.0954489109,
    "eps": 2.27,
    "epsdiluted": 2.17,
    "weightedAverageShsOut": 237954000,
    "weightedAverageShsOutDil": 248609000,
    "link": "https://www.sec.gov/Archives/edgar/data/1413447/000119312515080293/0001193125-15-080293-index.htm",
    "finalLink": "https://www.sec.gov/Archives/edgar/data/1413447/000119312515080293/d819256d20f.htm"
  },
  {
    "date": "2013-12-31",
    "symbol": "NXPI",
    "reportedCurrency": "USD",
    "cik": "0001413447",
    "fillingDate": "2014-02-28",
    "acceptedDate": "2014-02-28 10:28:16",
    "calendarYear": "2013",
    "period": "FY",
    "revenue": 4815000000,
    "costOfRevenue": 2638000000,
    "grossProfit": 2177000000,
    "grossProfitRatio": 0.4521287643,
    "researchAndDevelopmentExpenses": 639000000,
    "generalAndAdministrativeExpenses": 0,
    "sellingAndMarketingExpenses": 0,
    "sellingGeneralAndAdministrativeExpenses": 896000000,
    "otherExpenses": -9000000,
    "operatingExpenses": 1526000000,
    "costAndExpenses": 4173000000,
    "interestIncome": 3000000,
    "interestExpense": 214000000,
    "depreciationAndAmortization": 514000000,
    "ebitda": 1073000000,
    "ebitdaratio": 0.2228452752,
    "operatingIncome": 651000000,
    "operatingIncomeRatio": 0.1352024922,
    "totalOtherIncomeExpensesNet": -216000000,
    "incomeBeforeTax": 435000000,
    "incomeBeforeTaxRatio": 0.0903426791,
    "incomeTaxExpense": 20000000,
    "netIncome": 348000000,
    "netIncomeRatio": 0.0722741433,
    "eps": 1.4,
    "epsdiluted": 1.36,
    "weightedAverageShsOut": 248526000,
    "weightedAverageShsOutDil": 255050000,
    "link": "https://www.sec.gov/Archives/edgar/data/1413447/000119312514075232/0001193125-14-075232-index.htm",
    "finalLink": "https://www.sec.gov/Archives/edgar/data/1413447/000119312514075232/d625545d20f.htm"
  },
  {
    "date": "2012-12-31",
    "symbol": "NXPI",
    "reportedCurrency": "USD",
    "cik": "0001413447",
    "fillingDate": "2013-03-01",
    "acceptedDate": "2013-03-01 09:11:05",
    "calendarYear": "2012",
    "period": "FY",
    "revenue": 4358000000,
    "costOfRevenue": 2370000000,
    "grossProfit": 1988000000,
    "grossProfitRatio": 0.4561725562,
    "researchAndDevelopmentExpenses": 628000000,
    "generalAndAdministrativeExpenses": 0,
    "sellingAndMarketingExpenses": 0,
    "sellingGeneralAndAdministrativeExpenses": 977000000,
    "otherExpenses": -29000000,
    "operatingExpenses": 1576000000,
    "costAndExpenses": 3975000000,
    "interestIncome": 4000000,
    "interestExpense": 270000000,
    "depreciationAndAmortization": 533000000,
    "ebitda": 775000000,
    "ebitdaratio": 0.1778338687,
    "operatingIncome": 412000000,
    "operatingIncomeRatio": 0.0945387793,
    "totalOtherIncomeExpensesNet": 0,
    "incomeBeforeTax": -52000000,
    "incomeBeforeTaxRatio": -0.0119320789,
    "incomeTaxExpense": 1000000,
    "netIncome": -115000000,
    "netIncomeRatio": -0.0263882515,
    "eps": -0.46,
    "epsdiluted": -0.46,
    "weightedAverageShsOut": 248064000,
    "weightedAverageShsOutDil": 248064000,
    "link": "https://www.sec.gov/Archives/edgar/data/1413447/000119312513086161/0001193125-13-086161-index.htm",
    "finalLink": "https://www.sec.gov/Archives/edgar/data/1413447/000119312513086161/d425549d20f.htm"
  },
  {
    "date": "2011-12-31",
    "symbol": "NXPI",
    "reportedCurrency": "USD",
    "cik": "0001413447",
    "fillingDate": "2012-03-13",
    "acceptedDate": "2012-03-13 16:26:08",
    "calendarYear": "2011",
    "period": "FY",
    "revenue": 4194000000,
    "costOfRevenue": 2288000000,
    "grossProfit": 1906000000,
    "grossProfitRatio": 0.4544587506,
    "researchAndDevelopmentExpenses": 635000000,
    "generalAndAdministrativeExpenses": 633000000,
    "sellingAndMarketingExpenses": 285000000,
    "sellingGeneralAndAdministrativeExpenses": 918000000,
    "otherExpenses": 0,
    "operatingExpenses": 1553000000,
    "costAndExpenses": 3841000000,
    "interestIncome": 87000000,
    "interestExpense": 353000000,
    "depreciationAndAmortization": 591000000,
    "ebitda": 1003000000,
    "ebitdaratio": 0.2391511683,
    "operatingIncome": 357000000,
    "operatingIncomeRatio": 0.0851216023,
    "totalOtherIncomeExpensesNet": 0,
    "incomeBeforeTax": 23000000,
    "incomeBeforeTaxRatio": 0.0054840248,
    "incomeTaxExpense": 21000000,
    "netIncome": 390000000,
    "netIncomeRatio": 0.0929899857,
    "eps": 1.57,
    "epsdiluted": 1.57,
    "weightedAverageShsOut": 248812000,
    "weightedAverageShsOutDil": 248812000,
    "link": "https://www.sec.gov/Archives/edgar/data/1413447/000119312512112101/0001193125-12-112101-index.htm",
    "finalLink": "https://www.sec.gov/Archives/edgar/data/1413447/000119312512112101/d308226d20f.htm"
  },
  {
    "date": "2010-12-31",
    "symbol": "NXPI",
    "reportedCurrency": "USD",
    "cik": "0001413447",
    "fillingDate": "2011-03-09",
    "acceptedDate": "2011-03-09 17:18:31",
    "calendarYear": "2010",
    "period": "FY",
    "revenue": 4402000000,
    "costOfRevenue": 2579000000,
    "grossProfit": 1823000000,
    "grossProfitRatio": 0.4141299409,
    "researchAndDevelopmentExpenses": 568000000,
    "generalAndAdministrativeExpenses": 701000000,
    "sellingAndMarketingExpenses": 265000000,
    "sellingGeneralAndAdministrativeExpenses": 966000000,
    "otherExpenses": -530000000,
    "operatingExpenses": 1004000000,
    "costAndExpenses": 4063000000,
    "interestIncome": 2000000,
    "interestExpense": 320000000,
    "depreciationAndAmortization": 684000000,
    "ebitda": 649000000,
    "ebitdaratio": 0.147432985,
    "operatingIncome": 273000000,
    "operatingIncomeRatio": 0.0620172649,
    "totalOtherIncomeExpensesNet": -780000000,
    "incomeBeforeTax": -441000000,
    "incomeBeforeTaxRatio": -0.1001817356,
    "incomeTaxExpense": 24000000,
    "netIncome": -456000000,
    "netIncomeRatio": -0.1035892776,
    "eps": -1.99,
    "epsdiluted": -1.99,
    "weightedAverageShsOut": 229280000,
    "weightedAverageShsOutDil": 229280000,
    "link": "https://www.sec.gov/Archives/edgar/data/1413447/000119312511061029/0001193125-11-061029-index.htm",
    "finalLink": "https://www.sec.gov/Archives/edgar/data/1413447/000119312511061029/d20f.htm"
  },
  {
    "date": "2009-12-31",
    "symbol": "NXPI",
    "reportedCurrency": "USD",
    "cik": "0001413447",
    "fillingDate": "2009-12-31",
    "acceptedDate": "2009-12-31 00:00:00",
    "calendarYear": "2009",
    "period": "FY",
    "revenue": 3843000000,
    "costOfRevenue": 2874000000,
    "grossProfit": 969000000,
    "grossProfitRatio": 0.2521467603,
    "researchAndDevelopmentExpenses": 777000000,
    "generalAndAdministrativeExpenses": 734000000,
    "sellingAndMarketingExpenses": 277000000,
    "sellingGeneralAndAdministrativeExpenses": 1011000000,
    "otherExpenses": -492000000,
    "operatingExpenses": 1296000000,
    "costAndExpenses": 4260000000,
    "interestIncome": 4000000,
    "interestExpense": 363000000,
    "depreciationAndAmortization": 869000000,
    "ebitda": 927000000,
    "ebitdaratio": 0.2412177986,
    "operatingIncome": -931000000,
    "operatingIncomeRatio": -0.2422586521,
    "totalOtherIncomeExpensesNet": 0,
    "incomeBeforeTax": -175000000,
    "incomeBeforeTaxRatio": -0.0455373406,
    "incomeTaxExpense": 17000000,
    "netIncome": -167000000,
    "netIncomeRatio": -0.0434556336,
    "eps": -0.81,
    "epsdiluted": -0.81,
    "weightedAverageShsOut": 215252000,
    "weightedAverageShsOutDil": 215252000,
    "link": null,
    "finalLink": null
  },
  {
    "date": "2008-12-31",
    "symbol": "NXPI",
    "reportedCurrency": "USD",
    "cik": "0001413447",
    "fillingDate": "2008-12-31",
    "acceptedDate": "2008-12-31 00:00:00",
    "calendarYear": "2008",
    "period": "FY",
    "revenue": 5443000000,
    "costOfRevenue": 4225000000,
    "grossProfit": 1218000000,
    "grossProfitRatio": 0.2237736542,
    "researchAndDevelopmentExpenses": 1199000000,
    "generalAndAdministrativeExpenses": 1161000000,
    "sellingAndMarketingExpenses": 400000000,
    "sellingGeneralAndAdministrativeExpenses": 1561000000,
    "otherExpenses": -798000000,
    "operatingExpenses": 1962000000,
    "costAndExpenses": 8089000000,
    "interestIncome": 27000000,
    "interestExpense": 502000000,
    "depreciationAndAmortization": 1270000000,
    "ebitda": -1488000000,
    "ebitdaratio": -0.2733786515,
    "operatingIncome": -2646000000,
    "operatingIncomeRatio": -0.486128973,
    "totalOtherIncomeExpensesNet": -882000000,
    "incomeBeforeTax": -3528000000,
    "incomeBeforeTaxRatio": -0.648171964,
    "incomeTaxExpense": 46000000,
    "netIncome": -3600000000,
    "netIncomeRatio": -0.6613999633,
    "eps": -19.98,
    "epsdiluted": -19.98,
    "weightedAverageShsOut": 180210000,
    "weightedAverageShsOutDil": 180210000,
    "link": null,
    "finalLink": null
  }
]