[
  {
    "date": "2025-06-29",
    "symbol": "NXPI",
    "reportedCurrency": "USD",
    "cik": "0001413447",
    "fillingDate": "2025-07-24",
    "acceptedDate": "2025-07-24 16:37:03",
    "calendarYear": "2025",
    "period": "Q2",
    "revenue": 2926000000,
    "costOfRevenue": 1364000000,
    "grossProfit": 1562000000,
    "grossProfitRatio": 0.5338345865,
    "researchAndDevelopmentExpenses": 573000000,
    "generalAndAdministrativeExpenses": 0,
    "sellingAndMarketingExpenses": 0,
    "sellingGeneralAndAdministrativeExpenses": 278000000,
    "otherExpenses": 24000000,
    "operatingExpenses": 875000000,
    "costAndExpenses": 2239000000,
    "interestIncome": 39000000,
    "interestExpense": 115000000,
    "depreciationAndAmortization": 207000000,
    "ebitda": 923000000,
    "ebitdaratio": 0.3154477102,
    "operatingIncome": 687000000,
    "operatingIncomeRatio": 0.2347915243,
    "totalOtherIncomeExpensesNet": -86000000,
    "incomeBeforeTax": 601000000,
    "incomeBeforeTaxRatio": 0.2053998633,
    "incomeTaxExpense": 144000000,
    "netIncome": 445000000,
    "netIncomeRatio": 0.1520847573,
    "eps": 1.76,
    "epsdiluted": 1.75,
    "weightedAverageShsOut": 252418000,
    "weightedAverageShsOutDil": 253844000,
    "link": "https://www.sec.gov/Archives/edgar/data/1413447/000141344725000106/0001413447-25-000106-index.htm",
    "finalLink": "https://www.sec.gov/Archives/edgar/data/1413447/000141344725000106/nxpi-20250629.htm"
  },
  {
    "date": "2025-03-30",
    "symbol": "NXPI",
    "reportedCurrency": "USD",
    "cik": "0001413447",
    "fillingDate": "2025-04-29",
    "acceptedDate": "2025-04-29 06:13:52",
    "calendarYear": "2025",
    "period": "Q1",
    "revenue": 2835000000,
    "costOfRevenue": 1275000000,
    "grossProfit": 1560000000,
    "grossProfitRatio": 0.5502645503,
    "researchAndDevelopmentExpenses": 547000000,
    "generalAndAdministrativeExpenses": 0,
    "sellingAndMarketingExpenses": 0,
    "sellingGeneralAndAdministrativeExpenses": 281000000,
    "otherExpenses": 9000000,
    "operatingExpenses": 837000000,
    "costAndExpenses": 2112000000,
    "interestIncome": 35000000,
    "interestExpense": 127000000,
    "depreciationAndAmortization": 209000000,
    "ebitda": 946000000,
    "ebitdaratio": 0.333686067,
    "operatingIncome": 723000000,
    "operatingIncomeRatio": 0.255026455,
    "totalOtherIncomeExpensesNet": -96000000,
    "incomeBeforeTax": 627000000,
    "incomeBeforeTaxRatio": 0.2211640212,
    "incomeTaxExpense": 130000000,
    "netIncome": 490000000,
    "netIncomeRatio": 0.1728395062,
    "eps": 1.93,
    "epsdiluted": 1.92,
    "weightedAverageShsOut": 253709000,
    "weightedAverageShsOutDil": 255018000,
    "link": "https://www.sec.gov/Archives/edgar/data/1413447/000141344725000031/0001413447-25-000031-index.htm",
    "finalLink": "https://www.sec.gov/Archives/edgar/data/1413447/000141344725000031/nxpi-20250330.htm"
  },
  {
    "date": "2024-12-31",
    "symbol": "NXPI",
    "reportedCurrency": "USD",
    "cik": "0001413447",
    "fillingDate": "2025-02-20",
    "acceptedDate": "2025-02-20 06:04:10",
    "calendarYear": "2024",
    "period": "Q4",
    "revenue": 3111000000,
    "costOfRevenue": 1433000000,
    "grossProfit": 1678000000,
    "grossProfitRatio": 0.5393764063,
    "researchAndDevelopmentExpenses": 612000000,
    "generalAndAdministrativeExpenses": 0,
    "sellingAndMarketingExpenses": 0,
    "sellingGeneralAndAdministrativeExpenses": 324000000,
    "otherExpenses": 67000000,
    "operatingExpenses": 1003000000,
    "costAndExpenses": 2436000000,
    "interestIncome": 9000000,
    "interestExpense": 100000000,
    "depreciationAndAmortization": -9000000,
    "ebitda": 675000000,
    "ebitdaratio": 0.2169720347,
    "operatingIncome": 675000000,
    "operatingIncomeRatio": 0.2169720347,
    "totalOtherIncomeExpensesNet": -93000000,
    "incomeBeforeTax": 582000000,
    "incomeBeforeTaxRatio": 0.1870781099,
    "incomeTaxExpense": 77000000,
    "netIncome": 495000000,
    "netIncomeRatio": 0.1591128255,
    "eps": 1.95,
    "epsdiluted": 1.93,
    "weightedAverageShsOut": 255208000,
    "weightedAverageShsOutDil": 257848000,
    "link": "https://www.sec.gov/Archives/edgar/data/1413447/000141344725000019/0001413447-25-000019-index.htm",
    "finalLink": "https://www.sec.gov/Archives/edgar/data/1413447/000141344725000019/nxpi-20241231.htm"
  },
  {
    "date": "2024-09-29",
    "symbol": "NXPI",
    "reportedCurrency": "USD",
    "cik": "0001413447",
    "fillingDate": "2024-11-05",
    "acceptedDate": "2024-11-05 07:06:13",
    "calendarYear": "2024",
    "period": "Q3",
    "revenue": 3250000000,
    "costOfRevenue": 1413000000,
    "grossProfit": 1837000000,
    "grossProfitRatio": 0.5652307692,
    "researchAndDevelopmentExpenses": 577000000,
    "generalAndAdministrativeExpenses": 0,
    "sellingAndMarketingExpenses": 0,
    "sellingGeneralAndAdministrativeExpenses": 265000000,
    "otherExpenses": 0,
    "operatingExpenses": 842000000,
    "costAndExpenses": 2260000000,
    "interestIncome": 14000000,
    "interestExpense": 96000000,
    "depreciationAndAmortization": 218000000,
    "ebitda": 1222000000,
    "ebitdaratio": 0.376,
    "operatingIncome": 990000000,
    "operatingIncomeRatio": 0.3046153846,
    "totalOtherIncomeExpensesNet": -88000000,
    "incomeBeforeTax": 902000000,
    "incomeBeforeTaxRatio": 0.2775384615,
    "incomeTaxExpense": 173000000,
    "netIncome": 718000000,
    "netIncomeRatio": 0.2209230769,
    "eps": 2.82,
    "epsdiluted": 2.79,
    "weightedAverageShsOut": 254458000,
    "weightedAverageShsOutDil": 257716999,
    "link": "https://www.sec.gov/Archives/edgar/data/1413447/000141344724000089/0001413447-24-000089-index.htm",
    "finalLink": "https://www.sec.gov/Archives/edgar/data/1413447/000141344724000089/nxpi-20240929.htm"
  },
  {
    "date": "2024-06-30",
    "symbol": "NXPI",
    "reportedCurrency": "USD",
    "cik": "0001413447",
    "fillingDate": "2024-07-23",
    "acceptedDate": "2024-07-23 06:06:40",
    "calendarYear": "2024",
    "period": "Q2",
    "revenue": 3127000000,
    "costOfRevenue": 1367000000,
    "grossProfit": 1760000000,
    "grossProfitRatio": 0.5628397825,
    "researchAndDevelopmentExpenses": 598000000,
    "generalAndAdministrativeExpenses": 0,
    "sellingAndMarketingExpenses": 0,
    "sellingGeneralAndAdministrativeExpenses": 268000000,
    "otherExpenses": 0,
    "operatingExpenses": 866000000,
    "costAndExpenses": 2233000000,
    "interestIncome": 39000000,
    "interestExpense": 114000000,
    "depreciationAndAmortization": 213000000,
    "ebitda": 1131000000,
    "ebitdaratio": 0.3616885193,
    "operatingIncome": 896000000,
    "operatingIncomeRatio": 0.2865366166,
    "totalOtherIncomeExpensesNet": -78000000,
    "incomeBeforeTax": 818000000,
    "incomeBeforeTaxRatio": 0.2615925807,
    "incomeTaxExpense": 154000000,
    "netIncome": 658000000,
    "netIncomeRatio": 0.2104253278,
    "eps": 2.58,
    "epsdiluted": 2.54,
    "weightedAverageShsOut": 255478000,
    "weightedAverageShsOutDil": 258732000,
    "link": "https://www.sec.gov/Archives/edgar/data/1413447/000141344724000072/0001413447-24-000072-index.htm",
    "finalLink": "https://www.sec.gov/Archives/edgar/data/1413447/000141344724000072/nxpi-20240630.htm"
  },
  {
    "date": "2024-03-31",
    "symbol": "NXPI",
    "reportedCurrency": "USD",
    "cik": "0001413447",
    "fillingDate": "2024-04-30",
    "acceptedDate": "2024-04-30 06:02:20",
    "calendarYear": "2024",
    "period": "Q1",
    "revenue": 3126000000,
    "costOfRevenue": 1343000000,
    "grossProfit": 1783000000,
    "grossProfitRatio": 0.5703774792,
    "researchAndDevelopmentExpenses": 564000000,
    "generalAndAdministrativeExpenses": 0,
    "sellingAndMarketingExpenses": 0,
    "sellingGeneralAndAdministrativeExpenses": 307000000,
    "otherExpenses": 56000000,
    "operatingExpenses": 927000000,
    "costAndExpenses": 2271000000,
    "interestIncome": 50000000,
    "interestExpense": 120000000,
    "depreciationAndAmortization": 235000000,
    "ebitda": 1126000000,
    "ebitdaratio": 0.3602047345,
    "operatingIncome": 856000000,
    "operatingIncomeRatio": 0.2738323736,
    "totalOtherIncomeExpensesNet": -70000000,
    "incomeBeforeTax": 786000000,
    "incomeBeforeTaxRatio": 0.2514395393,
    "incomeTaxExpense": 142000000,
    "netIncome": 639000000,
    "netIncomeRatio": 0.2044145873,
    "eps": 2.49,
    "epsdiluted": 2.47,
    "weightedAverageShsOut": 256567000,
    "weightedAverageShsOutDil": 258954000,
    "link": "https://www.sec.gov/Archives/edgar/data/1413447/000141344724000038/0001413447-24-000038-index.htm",
    "finalLink": "https://www.sec.gov/Archives/edgar/data/1413447/000141344724000038/nxpi-20240331.htm"
  },
  {
    "date": "2023-12-31",
    "symbol": "NXPI",
    "reportedCurrency": "USD",
    "cik": "0001413447",
    "fillingDate": "2024-02-22",
    "acceptedDate": "2024-02-22 06:07:33",
    "calendarYear": "2023",
    "period": "Q4",
    "revenue": 3422000000,
    "costOfRevenue": 1548000000,
    "grossProfit": 1874000000,
    "grossProfitRatio": 0.5476329632,
    "researchAndDevelopmentExpenses": 651000000,
    "generalAndAdministrativeExpenses": 0,
    "sellingAndMarketingExpenses": 0,
    "sellingGeneralAndAdministrativeExpenses": 311000000,
    "otherExpenses": 0,
    "operatingExpenses": 962000000,
    "costAndExpenses": 2515000000,
    "interestIncome": 53000000,
    "interestExpense": 109000000,
    "depreciationAndAmortization": 269000000,
    "ebitda": 1176000000,
    "ebitdaratio": 0.3436586791,
    "operatingIncome": 907000000,
    "operatingIncomeRatio": 0.2650496786,
    "totalOtherIncomeExpensesNet": -80000000,
    "incomeBeforeTax": 827000000,
    "incomeBeforeTaxRatio": 0.2416715371,
    "incomeTaxExpense": 124000000,
    "netIncome": 697000000,
    "netIncomeRatio": 0.2036820573,
    "eps": 2.71,
    "epsdiluted": 2.68,
    "weightedAverageShsOut": 257285000,
    "weightedAverageShsOutDil": 260298000,
    "link": "https://www.sec.gov/Archives/edgar/data/1413447/000141344724000013/0001413447-24-000013-index.htm",
    "finalLink": "https://www.sec.gov/Archives/edgar/data/1413447/000141344724000013/nxpi-20231231.htm"
  },
  {
    "date": "2023-10-01",
    "symbol": "NXPI",
    "reportedCurrency": "USD",
    "cik": "0001413447",
    "fillingDate": "2023-11-07",
    "acceptedDate": "2023-11-07 06:22:50",
    "calendarYear": "2023",
    "period": "Q3",
    "revenue": 3434000000,
    "costOfRevenue": 1469000000,
    "grossProfit": 1965000000,
    "grossProfitRatio": 0.5722189866,
    "researchAndDevelopmentExpenses": 601000000,
    "generalAndAdministrativeExpenses": 0,
    "sellingAndMarketingExpenses": 0,
    "sellingGeneralAndAdministrativeExpenses": 294000000,
    "otherExpenses": 78000000,
    "operatingExpenses": 973000000,
    "costAndExpenses": 2442000000,
    "interestIncome": 49000000,
    "interestExpense": 109000000,
    "depreciationAndAmortization": 273000000,
    "ebitda": 1299000000,
    "ebitdaratio": 0.3782760629,
    "operatingIncome": 992000000,
    "operatingIncomeRatio": 0.2888759464,
    "totalOtherIncomeExpensesNet": -77000000,
    "incomeBeforeTax": 915000000,
    "incomeBeforeTaxRatio": 0.2664531159,
    "incomeTaxExpense": 123000000,
    "netIncome": 787000000,
    "netIncomeRatio": 0.2291788002,
    "eps": 3.06,
    "epsdiluted": 3.01,
    "weightedAverageShsOut": 257488000,
    "weightedAverageShsOutDil": 261095000,
    "link": "https://www.sec.gov/Archives/edgar/data/1413447/000141344723000107/0001413447-23-000107-index.htm",
    "finalLink": "https://www.sec.gov/Archives/edgar/data/1413447/000141344723000107/nxpi-20231001.htm"
  },
  {
    "date": "2023-07-02",
    "symbol": "NXPI",
    "reportedCurrency": "USD",
    "cik": "0001413447",
    "fillingDate": "2023-07-25",
    "acceptedDate": "2023-07-25 06:08:12",
    "calendarYear": "2023",
    "period": "Q2",
    "revenue": 3299000000,
    "costOfRevenue": 1418000000,
    "grossProfit": 1881000000,
    "grossProfitRatio": 0.5701727796,
    "researchAndDevelopmentExpenses": 589000000,
    "generalAndAdministrativeExpenses": 0,
    "sellingAndMarketingExpenses": 0,
    "sellingGeneralAndAdministrativeExpenses": 274000000,
    "otherExpenses": 81000000,
    "operatingExpenses": 944000000,
    "costAndExpenses": 2362000000,
    "interestIncome": 43000000,
    "interestExpense": 109000000,
    "depreciationAndAmortization": 281000000,
    "ebitda": 1218000000,
    "ebitdaratio": 0.3692027887,
    "operatingIncome": 937000000,
    "operatingIncomeRatio": 0.2840254623,
    "totalOtherIncomeExpensesNet": -75000000,
    "incomeBeforeTax": 862000000,
    "incomeBeforeTaxRatio": 0.2612913004,
    "incomeTaxExpense": 158000000,
    "netIncome": 698000000,
    "netIncomeRatio": 0.2115792664,
    "eps": 2.69,
    "epsdiluted": 2.67,
    "weightedAverageShsOut": 259160000,
    "weightedAverageShsOutDil": 261303000,
    "link": "https://www.sec.gov/Archives/edgar/data/1413447/000141344723000059/0001413447-23-000059-index.htm",
    "finalLink": "https://www.sec.gov/Archives/edgar/data/1413447/000141344723000059/nxpi-20230702.htm"
  },
  {
    "date": "2023-04-02",
    "symbol": "NXPI",
    "reportedCurrency": "USD",
    "cik": "0001413447",
    "fillingDate": "2023-05-02",
    "acceptedDate": "2023-05-02 06:09:54",
    "calendarYear": "2023",
    "period": "Q1",
    "revenue": 3121000000,
    "costOfRevenue": 1353000000,
    "grossProfit": 1768000000,
    "grossProfitRatio": 0.5664851009,
    "researchAndDevelopmentExpenses": 577000000,
    "generalAndAdministrativeExpenses": 0,
    "sellingAndMarketingExpenses": 0,
    "sellingGeneralAndAdministrativeExpenses": 274000000,
    "otherExpenses": 92000000,
    "operatingExpenses": 943000000,
    "costAndExpenses": 2296000000,
    "interestIncome": 42000000,
    "interestExpense": 111000000,
    "depreciationAndAmortization": 279000000,
    "ebitda": 1122000000,
    "ebitdaratio": 0.3595001602,
    "operatingIncome": 825000000,
    "operatingIncomeRatio": 0.2643383531,
    "totalOtherIncomeExpensesNet": -84000000,
    "incomeBeforeTax": 741000000,
    "incomeBeforeTaxRatio": 0.2374239026,
    "incomeTaxExpense": 118000000,
    "netIncome": 615000000,
    "netIncomeRatio": 0.1970522269,
    "eps": 2.35,
    "epsdiluted": 2.35,
    "weightedAverageShsOut": 261209999,
    "weightedAverageShsOutDil": 261209999,
    "link": "https://www.sec.gov/Archives/edgar/data/1413447/000141344723000020/0001413447-23-000020-index.htm",
    "finalLink": "https://www.sec.gov/Archives/edgar/data/1413447/000141344723000020/nxpi-20230402.htm"
  },
  {
    "date": "2022-12-31",
    "symbol": "NXPI",
    "reportedCurrency": "USD",
    "cik": "0001413447",
    "fillingDate": "2023-03-01",
    "acceptedDate": "2023-03-01 16:07:30",
    "calendarYear": "2022",
    "period": "Q4",
    "revenue": 3312000000,
    "costOfRevenue": 1421000000,
    "grossProfit": 1891000000,
    "grossProfitRatio": 0.5709541063,
    "researchAndDevelopmentExpenses": 540000000,
    "generalAndAdministrativeExpenses": 0,
    "sellingAndMarketingExpenses": 0,
    "sellingGeneralAndAdministrativeExpenses": 261000000,
    "otherExpenses": 109000000,
    "operatingExpenses": 910000000,
    "costAndExpenses": 2331000000,
    "interestIncome": 32000000,
    "interestExpense": 108000000,
    "depreciationAndAmortization": 302000000,
    "ebitda": 1282000000,
    "ebitdaratio": 0.3870772947,
    "operatingIncome": 980000000,
    "operatingIncomeRatio": 0.2958937198,
    "totalOtherIncomeExpensesNet": -109000000,
    "incomeBeforeTax": 871000000,
    "incomeBeforeTaxRatio": 0.2629830918,
    "incomeTaxExpense": 137000000,
    "netIncome": 722000000,
    "netIncomeRatio": 0.2179951691,
    "eps": 2.78,
    "epsdiluted": 2.76,
    "weightedAverageShsOut": 259618000,
    "weightedAverageShsOutDil": 261447999,
    "link": "https://www.sec.gov/Archives/edgar/data/1413447/000141344723000006/0001413447-23-000006-index.htm",
    "finalLink": "https://www.sec.gov/Archives/edgar/data/1413447/000141344723000006/nxpi-20221231.htm"
  },
  {
    "date": "2022-10-02",
    "symbol": "NXPI",
    "reportedCurrency": "USD",
    "cik": "0001413447",
    "fillingDate": "2022-11-01",
    "acceptedDate": "2022-11-01 06:12:57",
    "calendarYear": "2022",
    "period": "Q3",
    "revenue": 3445000000,
    "costOfRevenue": 1478000000,
    "grossProfit": 1967000000,
    "grossProfitRatio": 0.5709724238,
    "researchAndDevelopmentExpenses": 548000000,
    "generalAndAdministrativeExpenses": 0,
    "sellingAndMarketingExpenses": 0,
    "sellingGeneralAndAdministrativeExpenses": 289000000,
    "otherExpenses": 131000000,
    "operatingExpenses": 968000000,
    "costAndExpenses": 2446000000,
    "interestIncome": 21000000,
    "interestExpense": 109000000,
    "depreciationAndAmortization": 321000000,
    "ebitda": 1333000000,
    "ebitdaratio": 0.3869375907,
    "operatingIncome": 1001000000,
    "operatingIncomeRatio": 0.2905660377,
    "totalOtherIncomeExpensesNet": -102000000,
    "incomeBeforeTax": 899000000,
    "incomeBeforeTaxRatio": 0.26095791,
    "incomeTaxExpense": 149000000,
    "netIncome": 738000000,
    "netIncomeRatio": 0.2142235123,
    "eps": 2.81,
    "epsdiluted": 2.79,
    "weightedAverageShsOut": 262180000,
    "weightedAverageShsOutDil": 264705000,
    "link": "https://www.sec.gov/Archives/edgar/data/1413447/000141344722000067/0001413447-22-000067-index.htm",
    "finalLink": "https://www.sec.gov/Archives/edgar/data/1413447/000141344722000067/nxpi-20221002.htm"
  },
  {
    "date": "2022-07-03",
    "symbol": "NXPI",
    "reportedCurrency": "USD",
    "cik": "0001413447",
    "fillingDate": "2022-07-26",
    "acceptedDate": "2022-07-26 06:03:59",
    "calendarYear": "2022",
    "period": "Q2",
    "revenue": 3312000000,
    "costOfRevenue": 1430000000,
    "grossProfit": 1882000000,
    "grossProfitRatio": 0.568236715,
    "researchAndDevelopmentExpenses": 542000000,
    "generalAndAdministrativeExpenses": 0,
    "sellingAndMarketingExpenses": 0,
    "sellingGeneralAndAdministrativeExpenses": 265000000,
    "otherExpenses": 134000000,
    "operatingExpenses": 941000000,
    "costAndExpenses": 2371000000,
    "interestIncome": 6000000,
    "interestExpense": 106000000,
    "depreciationAndAmortization": 317000000,
    "ebitda": 1238000000,
    "ebitdaratio": 0.3737922705,
    "operatingIncome": 943000000,
    "operatingIncomeRatio": 0.2847222222,
    "totalOtherIncomeExpensesNet": -131000000,
    "incomeBeforeTax": 812000000,
    "incomeBeforeTaxRatio": 0.2451690821,
    "incomeTaxExpense": 129000000,
    "netIncome": 670000000,
    "netIncomeRatio": 0.202294686,
    "eps": 2.55,
    "epsdiluted": 2.53,
    "weightedAverageShsOut": 262579000,
    "weightedAverageShsOutDil": 264692000,
    "link": "https://www.sec.gov/Archives/edgar/data/1413447/000141344722000049/0001413447-22-000049-index.htm",
    "finalLink": "https://www.sec.gov/Archives/edgar/data/1413447/000141344722000049/nxpi-20220703.htm"
  },
  {
    "date": "2022-04-03",
    "symbol": "NXPI",
    "reportedCurrency": "USD",
    "cik": "0001413447",
    "fillingDate": "2022-05-03",
    "acceptedDate": "2022-05-03 06:04:49",
    "calendarYear": "2022",
    "period": "Q1",
    "revenue": 3136000000,
    "costOfRevenue": 1359000000,
    "grossProfit": 1777000000,
    "grossProfitRatio": 0.5666454082,
    "researchAndDevelopmentExpenses": 518000000,
    "generalAndAdministrativeExpenses": 0,
    "sellingAndMarketingExpenses": 0,
    "sellingGeneralAndAdministrativeExpenses": 251000000,
    "otherExpenses": 135000000,
    "operatingExpenses": 904000000,
    "costAndExpenses": 2263000000,
    "interestIncome": 2000000,
    "interestExpense": 104000000,
    "depreciationAndAmortization": 310000000,
    "ebitda": 1182000000,
    "ebitdaratio": 0.3769132653,
    "operatingIncome": 873000000,
    "operatingIncomeRatio": 0.278380102,
    "totalOtherIncomeExpensesNet": -93000000,
    "incomeBeforeTax": 780000000,
    "incomeBeforeTaxRatio": 0.2487244898,
    "incomeTaxExpense": 114000000,
    "netIncome": 657000000,
    "netIncomeRatio": 0.209502551,
    "eps": 2.5,
    "epsdiluted": 2.48,
    "weightedAverageShsOut": 263089000,
    "weightedAverageShsOutDil": 265109000,
    "link": "https://www.sec.gov/Archives/edgar/data/1413447/000141344722000014/0001413447-22-000014-index.htm",
    "finalLink": "https://www.sec.gov/Archives/edgar/data/1413447/000141344722000014/nxpi-20220403.htm"
  },
  {
    "date": "2021-12-31",
    "symbol": "NXPI",
    "reportedCurrency": "USD",
    "cik": "0001413447",
    "fillingDate": "2022-02-24",
    "acceptedDate": "2022-02-24 06:09:11",
    "calendarYear": "2021",
    "period": "Q4",
    "revenue": 3039000000,
    "costOfRevenue": 1332000000,
    "grossProfit": 1707000000,
    "grossProfitRatio": 0.5616979269,
    "researchAndDevelopmentExpenses": 507000000,
    "generalAndAdministrativeExpenses": 0,
    "sellingAndMarketingExpenses": 0,
    "sellingGeneralAndAdministrativeExpenses": 257000000,
    "otherExpenses": 136000000,
    "operatingExpenses": 900000000,
    "costAndExpenses": 2232000000,
    "interestIncome": 1000000,
    "interestExpense": 96000000,
    "depreciationAndAmortization": 310000000,
    "ebitda": 1090000000,
    "ebitdaratio": 0.3586706153,
    "operatingIncome": 807000000,
    "operatingIncomeRatio": 0.2655478776,
    "totalOtherIncomeExpensesNet": -125000000,
    "incomeBeforeTax": 682000000,
    "incomeBeforeTaxRatio": 0.2244159263,
    "incomeTaxExpense": 72000000,
    "netIncome": 602000000,
    "netIncomeRatio": 0.1980914775,
    "eps": 2.26,
    "epsdiluted": 2.24,
    "weightedAverageShsOut": 265806000,
    "weightedAverageShsOutDil": 268926000,
    "link": "https://www.sec.gov/Archives/edgar/data/1413447/000141344722000008/0001413447-22-000008-index.htm",
    "finalLink": "https://www.sec.gov/Archives/edgar/data/1413447/000141344722000008/nxpi-20211231.htm"
  },
  {
    "date": "2021-10-03",
    "symbol": "NXPI",
    "reportedCurrency": "USD",
    "cik": "0001413447",
    "fillingDate": "2021-11-02",
    "acceptedDate": "2021-11-02 07:51:57",
    "calendarYear": "2021",
    "period": "Q3",
    "revenue": 2861000000,
    "costOfRevenue": 1278000000,
    "grossProfit": 1583000000,
    "grossProfitRatio": 0.5533030409,
    "researchAndDevelopmentExpenses": 492000000,
    "generalAndAdministrativeExpenses": 0,
    "sellingAndMarketingExpenses": 0,
    "sellingGeneralAndAdministrativeExpenses": 243000000,
    "otherExpenses": 137000000,
    "operatingExpenses": 872000000,
    "costAndExpenses": 2150000000,
    "interestIncome": 1000000,
    "interestExpense": 96000000,
    "depreciationAndAmortization": 306000000,
    "ebitda": 1021000000,
    "ebitdaratio": 0.3568682279,
    "operatingIncome": 711000000,
    "operatingIncomeRatio": 0.2485145054,
    "totalOtherIncomeExpensesNet": -90000000,
    "incomeBeforeTax": 621000000,
    "incomeBeforeTaxRatio": 0.2170569731,
    "incomeTaxExpense": 95000000,
    "netIncome": 519000000,
    "netIncomeRatio": 0.1814051031,
    "eps": 1.95,
    "epsdiluted": 1.91,
    "weightedAverageShsOut": 266557000,
    "weightedAverageShsOutDil": 271359000,
    "link": "https://www.sec.gov/Archives/edgar/data/1413447/000141344721000094/0001413447-21-000094-index.htm",
    "finalLink": "https://www.sec.gov/Archives/edgar/data/1413447/000141344721000094/nxpi-20211003.htm"
  },
  {
    "date": "2021-07-04",
    "symbol": "NXPI",
    "reportedCurrency": "USD",
    "cik": "0001413447",
    "fillingDate": "2021-08-03",
    "acceptedDate": "2021-08-03 06:06:06",
    "calendarYear": "2021",
    "period": "Q2",
    "revenue": 2596000000,
    "costOfRevenue": 1174000000,
    "grossProfit": 1422000000,
    "grossProfitRatio": 0.5477657935,
    "researchAndDevelopmentExpenses": 476000000,
    "generalAndAdministrativeExpenses": 0,
    "sellingAndMarketingExpenses": 0,
    "sellingGeneralAndAdministrativeExpenses": 234000000,
    "otherExpenses": 139000000,
    "operatingExpenses": 849000000,
    "costAndExpenses": 2023000000,
    "interestIncome": 1000000,
    "interestExpense": 90000000,
    "depreciationAndAmortization": 305000000,
    "ebitda": 877000000,
    "ebitdaratio": 0.3378274268,
    "operatingIncome": 573000000,
    "operatingIncomeRatio": 0.2207241911,
    "totalOtherIncomeExpensesNet": -102000000,
    "incomeBeforeTax": 471000000,
    "incomeBeforeTaxRatio": 0.1814329738,
    "incomeTaxExpense": 65000000,
    "netIncome": 397000000,
    "netIncomeRatio": 0.1529275809,
    "eps": 1.46,
    "epsdiluted": 1.42,
    "weightedAverageShsOut": 272686000,
    "weightedAverageShsOutDil": 278735000,
    "link": "https://www.sec.gov/Archives/edgar/data/1413447/000141344721000062/0001413447-21-000062-index.htm",
    "finalLink": "https://www.sec.gov/Archives/edgar/data/1413447/000141344721000062/nxpi-20210704.htm"
  },
  {
    "date": "2021-04-04",
    "symbol": "NXPI",
    "reportedCurrency": "USD",
    "cik": "0001413447",
    "fillingDate": "2021-04-27",
    "acceptedDate": "2021-04-27 06:17:43",
    "calendarYear": "2021",
    "period": "Q1",
    "revenue": 2567000000,
    "costOfRevenue": 1212000000,
    "grossProfit": 1355000000,
    "grossProfitRatio": 0.5278535255,
    "researchAndDevelopmentExpenses": 461000000,
    "generalAndAdministrativeExpenses": 0,
    "sellingAndMarketingExpenses": 0,
    "sellingGeneralAndAdministrativeExpenses": 222000000,
    "otherExpenses": 180000000,
    "operatingExpenses": 863000000,
    "costAndExpenses": 2075000000,
    "interestIncome": 1000000,
    "interestExpense": 87000000,
    "depreciationAndAmortization": 341000000,
    "ebitda": 833000000,
    "ebitdaratio": 0.3245033113,
    "operatingIncome": 492000000,
    "operatingIncomeRatio": 0.1916634203,
    "totalOtherIncomeExpensesNet": -88000000,
    "incomeBeforeTax": 404000000,
    "incomeBeforeTaxRatio": 0.1573821582,
    "incomeTaxExpense": 40000000,
    "netIncome": 353000000,
    "netIncomeRatio": 0.1375146085,
    "eps": 1.27,
    "epsdiluted": 1.25,
    "weightedAverageShsOut": 277526000,
    "weightedAverageShsOutDil": 283263000,
    "link": "https://www.sec.gov/Archives/edgar/data/1413447/000141344721000032/0001413447-21-000032-index.htm",
    "finalLink": "https://www.sec.gov/Archives/edgar/data/1413447/000141344721000032/nxpi-20210404.htm"
  },
  {
    "date": "2020-12-31",
    "symbol": "NXPI",
    "reportedCurrency": "USD",
    "cik": "0001413447",
    "fillingDate": "2021-02-25",
    "acceptedDate": "2021-02-25 06:28:54",
    "calendarYear": "2020",
    "period": "Q4",
    "revenue": 2507000000,
    "costOfRevenue": 1219000000,
    "grossProfit": 1288000000,
    "grossProfitRatio": 0.5137614679,
    "researchAndDevelopmentExpenses": 460000000,
    "generalAndAdministrativeExpenses": 0,
    "sellingAndMarketingExpenses": 0,
    "sellingGeneralAndAdministrativeExpenses": 221000000,
    "otherExpenses": 148000000,
    "operatingExpenses": 829000000,
    "costAndExpenses": 2044000000,
    "interestIncome": 2000000,
    "interestExpense": 86000000,
    "depreciationAndAmortization": 316000000,
    "ebitda": 728000000,
    "ebitdaratio": 0.2903869166,
    "operatingIncome": 463000000,
    "operatingIncomeRatio": 0.1846828879,
    "totalOtherIncomeExpensesNet": -138000000,
    "incomeBeforeTax": 325000000,
    "incomeBeforeTaxRatio": 0.1296370164,
    "incomeTaxExpense": 5000000,
    "netIncome": 309000000,
    "netIncomeRatio": 0.1232548863,
    "eps": 1.1,
    "epsdiluted": 1.08,
    "weightedAverageShsOut": 280519000,
    "weightedAverageShsOutDil": 296703000,
    "link": "https://www.sec.gov/Archives/edgar/data/1413447/000141344721000011/0001413447-21-000011-index.htm",
    "finalLink": "https://www.sec.gov/Archives/edgar/data/1413447/000141344721000011/nxpi-20201231.htm"
  },
  {
    "date": "2020-09-27",
    "symbol": "NXPI",
    "reportedCurrency": "USD",
    "cik": "0001413447",
    "fillingDate": "2020-10-27",
    "acceptedDate": "2020-10-27 07:16:59",
    "calendarYear": "2020",
    "period": "Q3",
    "revenue": 2267000000,
    "costOfRevenue": 1177000000,
    "grossProfit": 1090000000,
    "grossProfitRatio": 0.4808116453,
    "researchAndDevelopmentExpenses": 431000000,
    "generalAndAdministrativeExpenses": 0,
    "sellingAndMarketingExpenses": 0,
    "sellingGeneralAndAdministrativeExpenses": 201000000,
    "otherExpenses": 427000000,
    "operatingExpenses": 1059000000,
    "costAndExpenses": 2235000000,
    "interestIncome": 3000000,
    "interestExpense": 100000000,
    "depreciationAndAmortization": 589000000,
    "ebitda": 615000000,
    "ebitdaratio": 0.2712836348,
    "operatingIncome": 32000000,
    "operatingIncomeRatio": 0.0141155712,
    "totalOtherIncomeExpensesNet": -107000000,
    "incomeBeforeTax": -75000000,
    "incomeBeforeTaxRatio": -0.0330833701,
    "incomeTaxExpense": -57000000,
    "netIncome": -22000000,
    "netIncomeRatio": -0.0097044552,
    "eps": -0.08,
    "epsdiluted": -0.0787,
    "weightedAverageShsOut": 275000000,
    "weightedAverageShsOutDil": 279467000,
    "link": "https://www.sec.gov/Archives/edgar/data/1413447/000141344720000084/0001413447-20-000084-index.htm",
    "finalLink": "https://www.sec.gov/Archives/edgar/data/1413447/000141344720000084/nxpi-20200927.htm"
  },
  {
    "date": "2020-06-28",
    "symbol": "NXPI",
    "reportedCurrency": "USD",
    "cik": "0001413447",
    "fillingDate": "2020-07-28",
    "acceptedDate": "2020-07-28 06:27:10",
    "calendarYear": "2020",
    "period": "Q2",
    "revenue": 1817000000,
    "costOfRevenue": 957000000,
    "grossProfit": 860000000,
    "grossProfitRatio": 0.47330765,
    "researchAndDevelopmentExpenses": 402000000,
    "generalAndAdministrativeExpenses": 0,
    "sellingAndMarketingExpenses": 0,
    "sellingGeneralAndAdministrativeExpenses": 220000000,
    "otherExpenses": 382000000,
    "operatingExpenses": 1004000000,
    "costAndExpenses": 1961000000,
    "interestIncome": 4000000,
    "interestExpense": 94000000,
    "depreciationAndAmortization": 543000000,
    "ebitda": 397000000,
    "ebitdaratio": 0.2184920198,
    "operatingIncome": -145000000,
    "operatingIncomeRatio": -0.0798018712,
    "totalOtherIncomeExpensesNet": -97000000,
    "incomeBeforeTax": -242000000,
    "incomeBeforeTaxRatio": -0.1331865713,
    "incomeTaxExpense": -33000000,
    "netIncome": -214000000,
    "netIncomeRatio": -0.1177765548,
    "eps": -0.77,
    "epsdiluted": -0.77,
    "weightedAverageShsOut": 277922077,
    "weightedAverageShsOutDil": 279142000,
    "link": "https://www.sec.gov/Archives/edgar/data/1413447/000141344720000056/0001413447-20-000056-index.htm",
    "finalLink": "https://www.sec.gov/Archives/edgar/data/1413447/000141344720000056/nxpi-20200628.htm"
  },
  {
    "date": "2020-03-29",
    "symbol": "NXPI",
    "reportedCurrency": "USD",
    "cik": "0001413447",
    "fillingDate": "2020-04-28",
    "acceptedDate": "2020-04-28 06:12:12",
    "calendarYear": "2020",
    "period": "Q1",
    "revenue": 2021000000,
    "costOfRevenue": 1024000000,
    "grossProfit": 997000000,
    "grossProfitRatio": 0.4933201385,
    "researchAndDevelopmentExpenses": 425000000,
    "generalAndAdministrativeExpenses": 0,
    "sellingAndMarketingExpenses": 0,
    "sellingGeneralAndAdministrativeExpenses": 229000000,
    "otherExpenses": 275000000,
    "operatingExpenses": 929000000,
    "costAndExpenses": 1953000000,
    "interestIncome": 4000000,
    "interestExpense": 82000000,
    "depreciationAndAmortization": 540000000,
    "ebitda": 612000000,
    "ebitdaratio": 0.3028203859,
    "operatingIncome": 68000000,
    "operatingIncomeRatio": 0.0336467095,
    "totalOtherIncomeExpensesNet": -79000000,
    "incomeBeforeTax": -11000000,
    "incomeBeforeTaxRatio": -0.0054428501,
    "incomeTaxExpense": 2000000,
    "netIncome": -21000000,
    "netIncomeRatio": -0.0103908956,
    "eps": -0.075,
    "epsdiluted": -0.075,
    "weightedAverageShsOut": 279933000,
    "weightedAverageShsOutDil": 279933000,
    "link": "https://www.sec.gov/Archives/edgar/data/1413447/000141344720000026/0001413447-20-000026-index.htm",
    "finalLink": "https://www.sec.gov/Archives/edgar/data/1413447/000141344720000026/nxp1q20form10-q.htm"
  },
  {
    "date": "2019-12-31",
    "symbol": "NXPI",
    "reportedCurrency": "USD",
    "cik": "0001413447",
    "fillingDate": "2020-02-27",
    "acceptedDate": "2020-02-27 16:38:01",
    "calendarYear": "2019",
    "period": "Q4",
    "revenue": 2301000000,
    "costOfRevenue": 1092000000,
    "grossProfit": 1209000000,
    "grossProfitRatio": 0.5254237288,
    "researchAndDevelopmentExpenses": 424000000,
    "generalAndAdministrativeExpenses": 0,
    "sellingAndMarketingExpenses": 0,
    "sellingGeneralAndAdministrativeExpenses": 223000000,
    "otherExpenses": 367000000,
    "operatingExpenses": 1014000000,
    "costAndExpenses": 2104000000,
    "interestIncome": 15000000,
    "interestExpense": 96000000,
    "depreciationAndAmortization": 522000000,
    "ebitda": 717000000,
    "ebitdaratio": 0.3116036506,
    "operatingIncome": 197000000,
    "operatingIncomeRatio": 0.08561495,
    "totalOtherIncomeExpensesNet": -94000000,
    "incomeBeforeTax": 103000000,
    "incomeBeforeTaxRatio": 0.0447631465,
    "incomeTaxExpense": -20000000,
    "netIncome": 114000000,
    "netIncomeRatio": 0.0495436767,
    "eps": 0.41,
    "epsdiluted": 0.4,
    "weightedAverageShsOut": 280736000,
    "weightedAverageShsOutDil": 286187000,
    "link": "https://www.sec.gov/Archives/edgar/data/1413447/000141344720000009/0001413447-20-000009-index.htm",
    "finalLink": "https://www.sec.gov/Archives/edgar/data/1413447/000141344720000009/nxp10-k.htm"
  },
  {
    "date": "2019-09-29",
    "symbol": "NXPI",
    "reportedCurrency": "USD",
    "cik": "0001413447",
    "fillingDate": "2019-10-29",
    "acceptedDate": "2019-10-29 07:42:13",
    "calendarYear": "2019",
    "period": "Q3",
    "revenue": 2265000000,
    "costOfRevenue": 1079000000,
    "grossProfit": 1186000000,
    "grossProfitRatio": 0.5236203091,
    "researchAndDevelopmentExpenses": 396000000,
    "generalAndAdministrativeExpenses": 0,
    "sellingAndMarketingExpenses": 0,
    "sellingGeneralAndAdministrativeExpenses": 221000000,
    "otherExpenses": 336000000,
    "operatingExpenses": 953000000,
    "costAndExpenses": 2032000000,
    "interestIncome": 17000000,
    "interestExpense": 98000000,
    "depreciationAndAmortization": 517000000,
    "ebitda": 767000000,
    "ebitdaratio": 0.3386313466,
    "operatingIncome": 233000000,
    "operatingIncomeRatio": 0.1028697572,
    "totalOtherIncomeExpensesNet": -86000000,
    "incomeBeforeTax": 147000000,
    "incomeBeforeTaxRatio": 0.0649006623,
    "incomeTaxExpense": 28000000,
    "netIncome": 109000000,
    "netIncomeRatio": 0.0481236203,
    "eps": 0.39,
    "epsdiluted": 0.38,
    "weightedAverageShsOut": 279074000,
    "weightedAverageShsOutDil": 283518000,
    "link": "https://www.sec.gov/Archives/edgar/data/1413447/000141344719000035/0001413447-19-000035-index.htm",
    "finalLink": "https://www.sec.gov/Archives/edgar/data/1413447/000141344719000035/nxp3q19form10-q.htm"
  },
  {
    "date": "2019-06-30",
    "symbol": "NXPI",
    "reportedCurrency": "USD",
    "cik": "0001413447",
    "fillingDate": "2019-07-30",
    "acceptedDate": "2019-07-30 06:01:02",
    "calendarYear": "2019",
    "period": "Q2",
    "revenue": 2217000000,
    "costOfRevenue": 1066000000,
    "grossProfit": 1151000000,
    "grossProfitRatio": 0.5191700496,
    "researchAndDevelopmentExpenses": 408000000,
    "generalAndAdministrativeExpenses": 0,
    "sellingAndMarketingExpenses": 0,
    "sellingGeneralAndAdministrativeExpenses": 230000000,
    "otherExpenses": 355000000,
    "operatingExpenses": 993000000,
    "costAndExpenses": 2059000000,
    "interestIncome": 12000000,
    "interestExpense": 89000000,
    "depreciationAndAmortization": 506000000,
    "ebitda": 663000000,
    "ebitdaratio": 0.299052774,
    "operatingIncome": 157000000,
    "operatingIncomeRatio": 0.0708164186,
    "totalOtherIncomeExpensesNet": -90000000,
    "incomeBeforeTax": 67000000,
    "incomeBeforeTaxRatio": 0.0302210194,
    "incomeTaxExpense": 21000000,
    "netIncome": 41000000,
    "netIncomeRatio": 0.0184934596,
    "eps": 0.15,
    "epsdiluted": 0.14,
    "weightedAverageShsOut": 281241000,
    "weightedAverageShsOutDil": 285088000,
    "link": "https://www.sec.gov/Archives/edgar/data/1413447/000156459019026717/0001564590-19-026717-index.htm",
    "finalLink": "https://www.sec.gov/Archives/edgar/data/1413447/000156459019026717/nxpi-ex1_169.htm"
  },
  {
    "date": "2019-03-31",
    "symbol": "NXPI",
    "reportedCurrency": "USD",
    "cik": "0001413447",
    "fillingDate": "2019-04-30",
    "acceptedDate": "2019-04-30 06:14:55",
    "calendarYear": "2019",
    "period": "Q1",
    "revenue": 2094000000,
    "costOfRevenue": 1022000000,
    "grossProfit": 1072000000,
    "grossProfitRatio": 0.511938873,
    "researchAndDevelopmentExpenses": 415000000,
    "generalAndAdministrativeExpenses": 0,
    "sellingAndMarketingExpenses": 0,
    "sellingGeneralAndAdministrativeExpenses": 238000000,
    "otherExpenses": 367000000,
    "operatingExpenses": 1020000000,
    "costAndExpenses": 2042000000,
    "interestIncome": 13000000,
    "interestExpense": 87000000,
    "depreciationAndAmortization": 502000000,
    "ebitda": 563000000,
    "ebitdaratio": 0.2688634193,
    "operatingIncome": 54000000,
    "operatingIncomeRatio": 0.0257879656,
    "totalOtherIncomeExpensesNet": -79000000,
    "incomeBeforeTax": -25000000,
    "incomeBeforeTaxRatio": -0.011938873,
    "incomeTaxExpense": -9000000,
    "netIncome": -21000000,
    "netIncomeRatio": -0.0100286533,
    "eps": -0.0731,
    "epsdiluted": -0.0731,
    "weightedAverageShsOut": 287227000,
    "weightedAverageShsOutDil": 287227000,
    "link": "https://www.sec.gov/Archives/edgar/data/1413447/000119312519126956/0001193125-19-126956-index.htm",
    "finalLink": "https://www.sec.gov/Archives/edgar/data/1413447/000119312519126956/d730159dex1.htm"
  },
  {
    "date": "2018-12-31",
    "symbol": "NXPI",
    "reportedCurrency": "USD",
    "cik": "0001413447",
    "fillingDate": "2019-03-01",
    "acceptedDate": "2019-03-01 08:03:00",
    "calendarYear": "2018",
    "period": "Q4",
    "revenue": 2403000000,
    "costOfRevenue": 1160000000,
    "grossProfit": 1243000000,
    "grossProfitRatio": 0.5172700791,
    "researchAndDevelopmentExpenses": 403000000,
    "generalAndAdministrativeExpenses": 0,
    "sellingAndMarketingExpenses": 0,
    "sellingGeneralAndAdministrativeExpenses": 251000000,
    "otherExpenses": 364000000,
    "operatingExpenses": 1018000000,
    "costAndExpenses": 2178000000,
    "interestIncome": 10000000,
    "interestExpense": 76000000,
    "depreciationAndAmortization": 503000000,
    "ebitda": 728000000,
    "ebitdaratio": 0.30295464,
    "operatingIncome": 224000000,
    "operatingIncomeRatio": 0.0932168123,
    "totalOtherIncomeExpensesNet": -76000000,
    "incomeBeforeTax": 148000000,
    "incomeBeforeTaxRatio": 0.0615896796,
    "incomeTaxExpense": -141000000,
    "netIncome": 276000000,
    "netIncomeRatio": 0.1148564295,
    "eps": 0.94,
    "epsdiluted": 0.94,
    "weightedAverageShsOut": 293170000,
    "weightedAverageShsOutDil": 294947000,
    "link": "https://www.sec.gov/Archives/edgar/data/1413447/000156459019005657/0001564590-19-005657-index.htm",
    "finalLink": "https://www.sec.gov/Archives/edgar/data/1413447/000156459019005657/nxpi-20f_20181231.htm"
  },
  {
    "date": "2018-09-30",
    "symbol": "NXPI",
    "reportedCurrency": "USD",
    "cik": "0001413447",
    "fillingDate": "2018-11-01",
    "acceptedDate": "2018-11-01 06:25:13",
    "calendarYear": "2018",
    "period": "Q3",
    "revenue": 2445000000,
    "costOfRevenue": 1189000000,
    "grossProfit": 1256000000,
    "grossProfitRatio": 0.5137014315,
    "researchAndDevelopmentExpenses": 433000000,
    "generalAndAdministrativeExpenses": 0,
    "sellingAndMarketingExpenses": 0,
    "sellingGeneralAndAdministrativeExpenses": 247000000,
    "otherExpenses": -1635000000,
    "operatingExpenses": -955000000,
    "costAndExpenses": 234000000,
    "interestIncome": 13000000,
    "interestExpense": 61000000,
    "depreciationAndAmortization": 497000000,
    "ebitda": 2650000000,
    "ebitdaratio": 1.0838445808,
    "operatingIncome": 2211000000,
    "operatingIncomeRatio": 0.9042944785,
    "totalOtherIncomeExpensesNet": -67000000,
    "incomeBeforeTax": 2144000000,
    "incomeBeforeTaxRatio": 0.8768916155,
    "incomeTaxExpense": 311000000,
    "netIncome": 1820000000,
    "netIncomeRatio": 0.7443762781,
    "eps": 5.64,
    "epsdiluted": 5.6,
    "weightedAverageShsOut": 322533000,
    "weightedAverageShsOutDil": 325267000,
    "link": "https://www.sec.gov/Archives/edgar/data/1413447/000119312518314691/0001193125-18-314691-index.htm",
    "finalLink": "https://www.sec.gov/Archives/edgar/data/1413447/000119312518314691/d629504dex1.htm"
  },
  {
    "date": "2018-06-30",
    "symbol": "NXPI",
    "reportedCurrency": "USD",
    "cik": "0001413447",
    "fillingDate": "2018-07-26",
    "acceptedDate": "2018-07-26 06:46:08",
    "calendarYear": "2018",
    "period": "Q2",
    "revenue": 2290000000,
    "costOfRevenue": 1110000000,
    "grossProfit": 1180000000,
    "grossProfitRatio": 0.5152838428,
    "researchAndDevelopmentExpenses": 438000000,
    "generalAndAdministrativeExpenses": 0,
    "sellingAndMarketingExpenses": 0,
    "sellingGeneralAndAdministrativeExpenses": 242000000,
    "otherExpenses": 363000000,
    "operatingExpenses": 1043000000,
    "costAndExpenses": 2153000000,
    "interestIncome": 12000000,
    "interestExpense": 61000000,
    "depreciationAndAmortization": 496000000,
    "ebitda": 623000000,
    "ebitdaratio": 0.2720524017,
    "operatingIncome": 137000000,
    "operatingIncomeRatio": 0.0598253275,
    "totalOtherIncomeExpensesNet": -67000000,
    "incomeBeforeTax": 70000000,
    "incomeBeforeTaxRatio": 0.0305676856,
    "incomeTaxExpense": 4000000,
    "netIncome": 54000000,
    "netIncomeRatio": 0.023580786,
    "eps": 0.16,
    "epsdiluted": 0.16,
    "weightedAverageShsOut": 344120000,
    "weightedAverageShsOutDil": 347027000,
    "link": "https://www.sec.gov/Archives/edgar/data/1413447/000119312518226663/0001193125-18-226663-index.htm",
    "finalLink": "https://www.sec.gov/Archives/edgar/data/1413447/000119312518226663/d584066dex1.htm"
  },
  {
    "date": "2018-03-31",
    "symbol": "NXPI",
    "reportedCurrency": "USD",
    "cik": "0001413447",
    "fillingDate": "2018-05-03",
    "acceptedDate": "2018-05-03 06:07:03",
    "calendarYear": "2018",
    "period": "Q1",
    "revenue": 2269000000,
    "costOfRevenue": 1097000000,
    "grossProfit": 1172000000,
    "grossProfitRatio": 0.5165271045,
    "researchAndDevelopmentExpenses": 426000000,
    "generalAndAdministrativeExpenses": 0,
    "sellingAndMarketingExpenses": 0,
    "sellingGeneralAndAdministrativeExpenses": 248000000,
    "otherExpenses": 360000000,
    "operatingExpenses": 1034000000,
    "costAndExpenses": 2131000000,
    "interestIncome": 13000000,
    "interestExpense": 75000000,
    "depreciationAndAmortization": 491000000,
    "ebitda": 636000000,
    "ebitdaratio": 0.2802996915,
    "operatingIncome": 138000000,
    "operatingIncomeRatio": 0.0608197444,
    "totalOtherIncomeExpensesNet": -66000000,
    "incomeBeforeTax": 72000000,
    "incomeBeforeTaxRatio": 0.0317320405,
    "incomeTaxExpense": 2000000,
    "netIncome": 58000000,
    "netIncomeRatio": 0.0255619216,
    "eps": 0.17,
    "epsdiluted": 0.17,
    "weightedAverageShsOut": 343661000,
    "weightedAverageShsOutDil": 346899000,
    "link": "https://www.sec.gov/Archives/edgar/data/1413447/000119312518149438/0001193125-18-149438-index.htm",
    "finalLink": "https://www.sec.gov/Archives/edgar/data/1413447/000119312518149438/d581450dex991.htm"
  },
  {
    "date": "2017-12-31",
    "symbol": "NXPI",
    "reportedCurrency": "USD",
    "cik": "0001413447",
    "fillingDate": "2018-04-11",
    "acceptedDate": "2018-04-11 16:06:35",
    "calendarYear": "2017",
    "period": "Q4",
    "revenue": 2456000000,
    "costOfRevenue": 1214000000,
    "grossProfit": 1242000000,
    "grossProfitRatio": 0.5057003257,
    "researchAndDevelopmentExpenses": 414000000,
    "generalAndAdministrativeExpenses": 0,
    "sellingAndMarketingExpenses": 0,
    "sellingGeneralAndAdministrativeExpenses": 269000000,
    "otherExpenses": 347000000,
    "operatingExpenses": 1030000000,
    "costAndExpenses": 2244000000,
    "interestIncome": 9000000,
    "interestExpense": 73000000,
    "depreciationAndAmortization": 542000000,
    "ebitda": 723000000,
    "ebitdaratio": 0.2943811075,
    "operatingIncome": 210000000,
    "operatingIncomeRatio": 0.085504886,
    "totalOtherIncomeExpensesNet": -71000000,
    "incomeBeforeTax": 139000000,
    "incomeBeforeTaxRatio": 0.0565960912,
    "incomeTaxExpense": -629000000,
    "netIncome": 753000000,
    "netIncomeRatio": 0.3065960912,
    "eps": 2.2,
    "epsdiluted": 2.17,
    "weightedAverageShsOut": 342088000,
    "weightedAverageShsOutDil": 347176000,
    "link": "https://www.sec.gov/Archives/edgar/data/1413447/000119312518114230/0001193125-18-114230-index.htm",
    "finalLink": "https://www.sec.gov/Archives/edgar/data/1413447/000119312518114230/d477273d20f.htm"
  },
  {
    "date": "2017-09-30",
    "symbol": "NXPI",
    "reportedCurrency": "USD",
    "cik": "0001413447",
    "fillingDate": "2017-11-01",
    "acceptedDate": "2017-11-01 17:01:58",
    "calendarYear": "2017",
    "period": "Q3",
    "revenue": 2387000000,
    "costOfRevenue": 1172000000,
    "grossProfit": 1215000000,
    "grossProfitRatio": 0.5090071219,
    "researchAndDevelopmentExpenses": 392000000,
    "generalAndAdministrativeExpenses": 0,
    "sellingAndMarketingExpenses": 0,
    "sellingGeneralAndAdministrativeExpenses": 292000000,
    "otherExpenses": 363000000,
    "operatingExpenses": 1047000000,
    "costAndExpenses": 2219000000,
    "interestIncome": 8000000,
    "interestExpense": 76000000,
    "depreciationAndAmortization": 537000000,
    "ebitda": 700000000,
    "ebitdaratio": 0.293255132,
    "operatingIncome": 163000000,
    "operatingIncomeRatio": 0.0682865522,
    "totalOtherIncomeExpensesNet": -70000000,
    "incomeBeforeTax": 93000000,
    "incomeBeforeTaxRatio": 0.038961039,
    "incomeTaxExpense": -30000000,
    "netIncome": 108000000,
    "netIncomeRatio": 0.0452450775,
    "eps": 0.32,
    "epsdiluted": 0.31,
    "weightedAverageShsOut": 338586000,
    "weightedAverageShsOutDil": 346152000,
    "link": "https://www.sec.gov/Archives/edgar/data/1413447/000119312517329623/0001193125-17-329623-index.htm",
    "finalLink": "https://www.sec.gov/Archives/edgar/data/1413447/000119312517329623/d483028dex1.htm"
  },
  {
    "date": "2017-06-30",
    "symbol": "NXPI",
    "reportedCurrency": "USD",
    "cik": "0001413447",
    "fillingDate": "2017-08-03",
    "acceptedDate": "2017-08-03 14:29:58",
    "calendarYear": "2017",
    "period": "Q2",
    "revenue": 2202000000,
    "costOfRevenue": 1119000000,
    "grossProfit": 1083000000,
    "grossProfitRatio": 0.4918256131,
    "researchAndDevelopmentExpenses": 381000000,
    "generalAndAdministrativeExpenses": 0,
    "sellingAndMarketingExpenses": 0,
    "sellingGeneralAndAdministrativeExpenses": 263000000,
    "otherExpenses": 389000000,
    "operatingExpenses": 1033000000,
    "costAndExpenses": 2152000000,
    "interestIncome": 6000000,
    "interestExpense": 75000000,
    "depreciationAndAmortization": 560000000,
    "ebitda": 610000000,
    "ebitdaratio": 0.2770208901,
    "operatingIncome": 50000000,
    "operatingIncomeRatio": 0.0227066303,
    "totalOtherIncomeExpensesNet": -41000000,
    "incomeBeforeTax": 9000000,
    "incomeBeforeTaxRatio": 0.0040871935,
    "incomeTaxExpense": -54000000,
    "netIncome": 49000000,
    "netIncomeRatio": 0.0222524977,
    "eps": 0.15,
    "epsdiluted": 0.14,
    "weightedAverageShsOut": 337537000,
    "weightedAverageShsOutDil": 344983000,
    "link": "https://www.sec.gov/Archives/edgar/data/1413447/000119312517247233/0001193125-17-247233-index.htm",
    "finalLink": "https://www.sec.gov/Archives/edgar/data/1413447/000119312517247233/d428834dex1.htm"
  },
  {
    "date": "2017-03-31",
    "symbol": "NXPI",
    "reportedCurrency": "USD",
    "cik": "0001413447",
    "fillingDate": "2017-05-04",
    "acceptedDate": "2017-05-04 10:21:05",
    "calendarYear": "2017",
    "period": "Q1",
    "revenue": 2211000000,
    "costOfRevenue": 1132000000,
    "grossProfit": 1079000000,
    "grossProfitRatio": 0.4880144731,
    "researchAndDevelopmentExpenses": 367000000,
    "generalAndAdministrativeExpenses": 0,
    "sellingAndMarketingExpenses": 0,
    "sellingGeneralAndAdministrativeExpenses": 266000000,
    "otherExpenses": -1233000000,
    "operatingExpenses": -600000000,
    "costAndExpenses": 532000000,
    "interestIncome": 4000000,
    "interestExpense": 86000000,
    "depreciationAndAmortization": 534000000,
    "ebitda": 2163000000,
    "ebitdaratio": 0.9782903664,
    "operatingIncome": 1679000000,
    "operatingIncomeRatio": 0.7593848937,
    "totalOtherIncomeExpensesNet": -131000000,
    "incomeBeforeTax": 1548000000,
    "incomeBeforeTaxRatio": 0.7001356852,
    "incomeTaxExpense": 230000000,
    "netIncome": 1305000000,
    "netIncomeRatio": 0.5902306649,
    "eps": 3.88,
    "epsdiluted": 3.79,
    "weightedAverageShsOut": 336396000,
    "weightedAverageShsOutDil": 344011000,
    "link": "https://www.sec.gov/Archives/edgar/data/1413447/000119312517157652/0001193125-17-157652-index.htm",
    "finalLink": "https://www.sec.gov/Archives/edgar/data/1413447/000119312517157652/d388454dex1.htm"
  },
  {
    "date": "2016-12-31",
    "symbol": "NXPI",
    "reportedCurrency": "USD",
    "cik": "0001413447",
    "fillingDate": "2017-03-03",
    "acceptedDate": "2017-03-03 07:24:17",
    "calendarYear": "2016",
    "period": "Q4",
    "revenue": 2440000000,
    "costOfRevenue": 1251000000,
    "grossProfit": 1189000000,
    "grossProfitRatio": 0.487295082,
    "researchAndDevelopmentExpenses": 362000000,
    "generalAndAdministrativeExpenses": 0,
    "sellingAndMarketingExpenses": 0,
    "sellingGeneralAndAdministrativeExpenses": 292000000,
    "otherExpenses": 363000000,
    "operatingExpenses": 1017000000,
    "costAndExpenses": 2268000000,
    "interestIncome": 2000000,
    "interestExpense": 100000000,
    "depreciationAndAmortization": 530000000,
    "ebitda": 708000000,
    "ebitdaratio": 0.2901639344,
    "operatingIncome": 173000000,
    "operatingIncomeRatio": 0.0709016393,
    "totalOtherIncomeExpensesNet": -92000000,
    "incomeBeforeTax": 81000000,
    "incomeBeforeTaxRatio": 0.0331967213,
    "incomeTaxExpense": -64000000,
    "netIncome": 520000000,
    "netIncomeRatio": 0.2131147541,
    "eps": 1.55,
    "epsdiluted": 1.52,
    "weightedAverageShsOut": 334768000,
    "weightedAverageShsOutDil": 343546000,
    "link": "https://www.sec.gov/Archives/edgar/data/1413447/000119312517068664/0001193125-17-068664-index.htm",
    "finalLink": "https://www.sec.gov/Archives/edgar/data/1413447/000119312517068664/d289369d20f.htm"
  },
  {
    "date": "2016-09-30",
    "symbol": "NXPI",
    "reportedCurrency": "USD",
    "cik": "0001413447",
    "fillingDate": "2016-10-27",
    "acceptedDate": "2016-10-27 06:17:55",
    "calendarYear": "2016",
    "period": "Q3",
    "revenue": 2469000000,
    "costOfRevenue": 1285000000,
    "grossProfit": 1184000000,
    "grossProfitRatio": 0.4795463751,
    "researchAndDevelopmentExpenses": 379000000,
    "generalAndAdministrativeExpenses": 0,
    "sellingAndMarketingExpenses": 0,
    "sellingGeneralAndAdministrativeExpenses": 270000000,
    "otherExpenses": 361000000,
    "operatingExpenses": 1010000000,
    "costAndExpenses": 2295000000,
    "interestIncome": 5000000,
    "interestExpense": 100000000,
    "depreciationAndAmortization": 526000000,
    "ebitda": 697000000,
    "ebitdaratio": 0.2823005265,
    "operatingIncome": 174000000,
    "operatingIncomeRatio": 0.0704738761,
    "totalOtherIncomeExpensesNet": -110000000,
    "incomeBeforeTax": 64000000,
    "incomeBeforeTaxRatio": 0.0259214257,
    "incomeTaxExpense": -44000000,
    "netIncome": 91000000,
    "netIncomeRatio": 0.0368570271,
    "eps": 0.27,
    "epsdiluted": 0.26,
    "weightedAverageShsOut": 335858000,
    "weightedAverageShsOutDil": 344365000,
    "link": "https://www.sec.gov/Archives/edgar/data/1413447/000119312516748620/0001193125-16-748620-index.htm",
    "finalLink": "https://www.sec.gov/Archives/edgar/data/1413447/000119312516748620/d180335dex1.htm"
  },
  {
    "date": "2016-06-30",
    "symbol": "NXPI",
    "reportedCurrency": "USD",
    "cik": "0001413447",
    "fillingDate": "2016-07-28",
    "acceptedDate": "2016-07-27 21:03:04",
    "calendarYear": "2016",
    "period": "Q2",
    "revenue": 2365000000,
    "costOfRevenue": 1266000000,
    "grossProfit": 1099000000,
    "grossProfitRatio": 0.4646934461,
    "researchAndDevelopmentExpenses": 416000000,
    "generalAndAdministrativeExpenses": 0,
    "sellingAndMarketingExpenses": 0,
    "sellingGeneralAndAdministrativeExpenses": 283000000,
    "otherExpenses": 426000000,
    "operatingExpenses": 1125000000,
    "costAndExpenses": 2401000000,
    "interestIncome": 2000000,
    "interestExpense": 101000000,
    "depreciationAndAmortization": 620000000,
    "ebitda": 569000000,
    "ebitdaratio": 0.2405919662,
    "operatingIncome": -26000000,
    "operatingIncomeRatio": -0.0109936575,
    "totalOtherIncomeExpensesNet": -125000000,
    "incomeBeforeTax": -151000000,
    "incomeBeforeTaxRatio": -0.0638477801,
    "incomeTaxExpense": -152000000,
    "netIncome": -13000000,
    "netIncomeRatio": -0.0054968288,
    "eps": -0.04,
    "epsdiluted": -0.0381,
    "weightedAverageShsOut": 325000000,
    "weightedAverageShsOutDil": 341299000,
    "link": "https://www.sec.gov/Archives/edgar/data/1413447/000119312516660586/0001193125-16-660586-index.htm",
    "finalLink": "https://www.sec.gov/Archives/edgar/data/1413447/000119312516660586/d229836dex1.htm"
  },
  {
    "date": "2016-03-31",
    "symbol": "NXPI",
    "reportedCurrency": "USD",
    "cik": "0001413447",
    "fillingDate": "2016-04-26",
    "acceptedDate": "2016-04-26 07:56:11",
    "calendarYear": "2016",
    "period": "Q1",
    "revenue": 2224000000,
    "costOfRevenue": 1627000000,
    "grossProfit": 597000000,
    "grossProfitRatio": 0.2684352518,
    "researchAndDevelopmentExpenses": 403000000,
    "generalAndAdministrativeExpenses": 0,
    "sellingAndMarketingExpenses": 0,
    "sellingGeneralAndAdministrativeExpenses": 296000000,
    "otherExpenses": 367000000,
    "operatingExpenses": 1066000000,
    "costAndExpenses": 2693000000,
    "interestIncome": 4000000,
    "interestExpense": 107000000,
    "depreciationAndAmortization": 529000000,
    "ebitda": 49000000,
    "ebitdaratio": 0.0220323741,
    "operatingIncome": -471000000,
    "operatingIncomeRatio": -0.2117805755,
    "totalOtherIncomeExpensesNet": -115000000,
    "incomeBeforeTax": -586000000,
    "incomeBeforeTaxRatio": -0.2634892086,
    "incomeTaxExpense": -199000000,
    "netIncome": -398000000,
    "netIncomeRatio": -0.1789568345,
    "eps": -1.16,
    "epsdiluted": -1.16,
    "weightedAverageShsOut": 341830000,
    "weightedAverageShsOutDil": 341830000,
    "link": "https://www.sec.gov/Archives/edgar/data/1413447/000119312516555145/0001193125-16-555145-index.htm",
    "finalLink": "https://www.sec.gov/Archives/edgar/data/1413447/000119312516555145/d188213dex1.htm"
  },
  {
    "date": "2015-12-31",
    "symbol": "NXPI",
    "reportedCurrency": "USD",
    "cik": "0001413447",
    "fillingDate": "2016-02-26",
    "acceptedDate": "2016-02-26 16:09:40",
    "calendarYear": "2015",
    "period": "Q4",
    "revenue": 1606000000,
    "costOfRevenue": 987000000,
    "grossProfit": 619000000,
    "grossProfitRatio": 0.3854296389,
    "researchAndDevelopmentExpenses": 318000000,
    "generalAndAdministrativeExpenses": 0,
    "sellingAndMarketingExpenses": 0,
    "sellingGeneralAndAdministrativeExpenses": -599000000,
    "otherExpenses": -113000000,
    "operatingExpenses": -394000000,
    "costAndExpenses": 593000000,
    "interestIncome": 1000000,
    "interestExpense": 78000000,
    "depreciationAndAmortization": 230000000,
    "ebitda": 1147000000,
    "ebitdaratio": 0.7141967621,
    "operatingIncome": 1013000000,
    "operatingIncomeRatio": 0.6307596513,
    "totalOtherIncomeExpensesNet": -172000000,
    "incomeBeforeTax": 841000000,
    "incomeBeforeTaxRatio": 0.5236612702,
    "incomeTaxExpense": -148000000,
    "netIncome": 972000000,
    "netIncomeRatio": 0.6052303861,
    "eps": 3.71,
    "epsdiluted": 3.58,
    "weightedAverageShsOut": 261685000,
    "weightedAverageShsOutDil": 271749000,
    "link": "https://www.sec.gov/Archives/edgar/data/1413447/000119312516481954/0001193125-16-481954-index.htm",
    "finalLink": "https://www.sec.gov/Archives/edgar/data/1413447/000119312516481954/d18493d20f.htm"
  },
  {
    "date": "2015-09-30",
    "symbol": "NXPI",
    "reportedCurrency": "USD",
    "cik": "0001413447",
    "fillingDate": "2015-10-29",
    "acceptedDate": "2015-10-29 11:06:37",
    "calendarYear": "2015",
    "period": "Q3",
    "revenue": 1522000000,
    "costOfRevenue": 782000000,
    "grossProfit": 740000000,
    "grossProfitRatio": 0.4862023653,
    "researchAndDevelopmentExpenses": 178000000,
    "generalAndAdministrativeExpenses": 0,
    "sellingAndMarketingExpenses": 0,
    "sellingGeneralAndAdministrativeExpenses": 191000000,
    "otherExpenses": 0,
    "operatingExpenses": 369000000,
    "costAndExpenses": 1151000000,
    "interestIncome": 2000000,
    "interestExpense": 55000000,
    "depreciationAndAmortization": 94000000,
    "ebitda": 465000000,
    "ebitdaratio": 0.3055190539,
    "operatingIncome": 375000000,
    "operatingIncomeRatio": 0.2463863338,
    "totalOtherIncomeExpensesNet": 19000000,
    "incomeBeforeTax": 394000000,
    "incomeBeforeTaxRatio": 0.258869908,
    "incomeTaxExpense": 15000000,
    "netIncome": 361000000,
    "netIncomeRatio": 0.2371879106,
    "eps": 1.56,
    "epsdiluted": 1.49,
    "weightedAverageShsOut": 231545000,
    "weightedAverageShsOutDil": 242122000,
    "link": "https://www.sec.gov/Archives/edgar/data/1413447/000119312515357396/0001193125-15-357396-index.htm",
    "finalLink": "https://www.sec.gov/Archives/edgar/data/1413447/000119312515357396/d68314dex1.htm"
  },
  {
    "date": "2015-06-30",
    "symbol": "NXPI",
    "reportedCurrency": "USD",
    "cik": "0001413447",
    "fillingDate": "2015-07-30",
    "acceptedDate": "2015-07-30 08:57:33",
    "calendarYear": "2015",
    "period": "Q2",
    "revenue": 1506000000,
    "costOfRevenue": 782000000,
    "grossProfit": 724000000,
    "grossProfitRatio": 0.4807436919,
    "researchAndDevelopmentExpenses": 195000000,
    "generalAndAdministrativeExpenses": 0,
    "sellingAndMarketingExpenses": 0,
    "sellingGeneralAndAdministrativeExpenses": 198000000,
    "otherExpenses": 0,
    "operatingExpenses": 393000000,
    "costAndExpenses": 1175000000,
    "interestIncome": 2000000,
    "interestExpense": 47000000,
    "depreciationAndAmortization": 98000000,
    "ebitda": 432000000,
    "ebitdaratio": 0.2868525896,
    "operatingIncome": 332000000,
    "operatingIncomeRatio": 0.2204515272,
    "totalOtherIncomeExpensesNet": 3000000,
    "incomeBeforeTax": 335000000,
    "incomeBeforeTaxRatio": 0.2224435591,
    "incomeTaxExpense": 14000000,
    "netIncome": 300000000,
    "netIncomeRatio": 0.1992031873,
    "eps": 1.29,
    "epsdiluted": 1.23,
    "weightedAverageShsOut": 232681000,
    "weightedAverageShsOutDil": 243288000,
    "link": "https://www.sec.gov/Archives/edgar/data/1413447/000119312515269491/0001193125-15-269491-index.htm",
    "finalLink": "https://www.sec.gov/Archives/edgar/data/1413447/000119312515269491/d37892dex1.htm"
  },
  {
    "date": "2015-03-31",
    "symbol": "NXPI",
    "reportedCurrency": "USD",
    "cik": "0001413447",
    "fillingDate": "2015-04-30",
    "acceptedDate": "2015-04-30 06:14:56",
    "calendarYear": "2015",
    "period": "Q1",
    "revenue": 1467000000,
    "costOfRevenue": 763000000,
    "grossProfit": 704000000,
    "grossProfitRatio": 0.4798909339,
    "researchAndDevelopmentExpenses": 199000000,
    "generalAndAdministrativeExpenses": 0,
    "sellingAndMarketingExpenses": 0,
    "sellingGeneralAndAdministrativeExpenses": 210000000,
    "otherExpenses": 0,
    "operatingExpenses": 409000000,
    "costAndExpenses": 1172000000,
    "interestIncome": 1000000,
    "interestExpense": 47000000,
    "depreciationAndAmortization": 95000000,
    "ebitda": 390000000,
    "ebitdaratio": 0.2658486708,
    "operatingIncome": 295000000,
    "operatingIncomeRatio": 0.2010906612,
    "totalOtherIncomeExpensesNet": -370000000,
    "incomeBeforeTax": -75000000,
    "incomeBeforeTaxRatio": -0.0511247444,
    "incomeTaxExpense": 15000000,
    "netIncome": -107000000,
    "netIncomeRatio": -0.0729379686,
    "eps": -0.46,
    "epsdiluted": -0.46,
    "weightedAverageShsOut": 232608695,
    "weightedAverageShsOutDil": 233116000,
    "link": "https://www.sec.gov/Archives/edgar/data/1413447/000119312515158581/0001193125-15-158581-index.htm",
    "finalLink": "https://www.sec.gov/Archives/edgar/data/1413447/000119312515158581/d919045dex991.htm"
  },
  {
    "date": "2014-12-31",
    "symbol": "NXPI",
    "reportedCurrency": "USD",
    "cik": "0001413447",
    "fillingDate": "2015-03-06",
    "acceptedDate": "2015-03-06 11:19:19",
    "calendarYear": "2014",
    "period": "Q4",
    "revenue": 1537000000,
    "costOfRevenue": 833000000,
    "grossProfit": 704000000,
    "grossProfitRatio": 0.4580351334,
    "researchAndDevelopmentExpenses": 198000000,
    "generalAndAdministrativeExpenses": 0,
    "sellingAndMarketingExpenses": 0,
    "sellingGeneralAndAdministrativeExpenses": 198000000,
    "otherExpenses": -2000000,
    "operatingExpenses": 394000000,
    "costAndExpenses": 1229000000,
    "interestIncome": 1000000,
    "interestExpense": 41000000,
    "depreciationAndAmortization": 97000000,
    "ebitda": 372000000,
    "ebitdaratio": 0.2420299284,
    "operatingIncome": 310000000,
    "operatingIncomeRatio": 0.201691607,
    "totalOtherIncomeExpensesNet": -134000000,
    "incomeBeforeTax": 176000000,
    "incomeBeforeTaxRatio": 0.1145087833,
    "incomeTaxExpense": 9000000,
    "netIncome": 149000000,
    "netIncomeRatio": 0.096942095,
    "eps": 0.64,
    "epsdiluted": 0.61,
    "weightedAverageShsOut": 232367000,
    "weightedAverageShsOutDil": 242901000,
    "link": "https://www.sec.gov/Archives/edgar/data/1413447/000119312515080293/0001193125-15-080293-index.htm",
    "finalLink": "https://www.sec.gov/Archives/edgar/data/1413447/000119312515080293/d819256d20f.htm"
  },
  {
    "date": "2014-09-30",
    "symbol": "NXPI",
    "reportedCurrency": "USD",
    "cik": "0001413447",
    "fillingDate": "2014-10-23",
    "acceptedDate": "2014-10-23 06:30:00",
    "calendarYear": "2014",
    "period": "Q3",
    "revenue": 1515000000,
    "costOfRevenue": 802000000,
    "grossProfit": 713000000,
    "grossProfitRatio": 0.4706270627,
    "researchAndDevelopmentExpenses": 196000000,
    "generalAndAdministrativeExpenses": 0,
    "sellingAndMarketingExpenses": 0,
    "sellingGeneralAndAdministrativeExpenses": 211000000,
    "otherExpenses": 0,
    "operatingExpenses": 407000000,
    "costAndExpenses": 1209000000,
    "interestIncome": 0,
    "interestExpense": 34000000,
    "depreciationAndAmortization": 103000000,
    "ebitda": 409000000,
    "ebitdaratio": 0.2699669967,
    "operatingIncome": 307000000,
    "operatingIncomeRatio": 0.202640264,
    "totalOtherIncomeExpensesNet": -165000000,
    "incomeBeforeTax": 142000000,
    "incomeBeforeTaxRatio": 0.0937293729,
    "incomeTaxExpense": 4000000,
    "netIncome": 121000000,
    "netIncomeRatio": 0.0798679868,
    "eps": 0.51,
    "epsdiluted": 0.49,
    "weightedAverageShsOut": 235095000,
    "weightedAverageShsOutDil": 246550000,
    "link": "https://www.sec.gov/Archives/edgar/data/1413447/000119312514379336/0001193125-14-379336-index.htm",
    "finalLink": "https://www.sec.gov/Archives/edgar/data/1413447/000119312514379336/d808375dex991.htm"
  },
  {
    "date": "2014-06-30",
    "symbol": "NXPI",
    "reportedCurrency": "USD",
    "cik": "0001413447",
    "fillingDate": "2014-07-24",
    "acceptedDate": "2014-07-24 07:41:30",
    "calendarYear": "2014",
    "period": "Q2",
    "revenue": 1349000000,
    "costOfRevenue": 711000000,
    "grossProfit": 638000000,
    "grossProfitRatio": 0.4729429207,
    "researchAndDevelopmentExpenses": 180000000,
    "generalAndAdministrativeExpenses": 0,
    "sellingAndMarketingExpenses": 0,
    "sellingGeneralAndAdministrativeExpenses": 216000000,
    "otherExpenses": -7000000,
    "operatingExpenses": 389000000,
    "costAndExpenses": 1100000000,
    "interestIncome": 1000000,
    "interestExpense": 35000000,
    "depreciationAndAmortization": 103000000,
    "ebitda": 351000000,
    "ebitdaratio": 0.2601927354,
    "operatingIncome": 249000000,
    "operatingIncomeRatio": 0.1845811712,
    "totalOtherIncomeExpensesNet": -59000000,
    "incomeBeforeTax": 190000000,
    "incomeBeforeTaxRatio": 0.1408450704,
    "incomeTaxExpense": 12000000,
    "netIncome": 159000000,
    "netIncomeRatio": 0.1178650852,
    "eps": 0.66,
    "epsdiluted": 0.64,
    "weightedAverageShsOut": 239851000,
    "weightedAverageShsOutDil": 250124000,
    "link": "https://www.sec.gov/Archives/edgar/data/1413447/000119312514277918/0001193125-14-277918-index.htm",
    "finalLink": "https://www.sec.gov/Archives/edgar/data/1413447/000119312514277918/d763029dex991.htm"
  },
  {
    "date": "2014-03-31",
    "symbol": "NXPI",
    "reportedCurrency": "USD",
    "cik": "0001413447",
    "fillingDate": "2014-04-24",
    "acceptedDate": "2014-04-24 13:51:01",
    "calendarYear": "2014",
    "period": "Q1",
    "revenue": 1246000000,
    "costOfRevenue": 661000000,
    "grossProfit": 585000000,
    "grossProfitRatio": 0.4695024077,
    "researchAndDevelopmentExpenses": 189000000,
    "generalAndAdministrativeExpenses": 0,
    "sellingAndMarketingExpenses": 0,
    "sellingGeneralAndAdministrativeExpenses": 213000000,
    "otherExpenses": 0,
    "operatingExpenses": 402000000,
    "costAndExpenses": 1063000000,
    "interestIncome": 1000000,
    "interestExpense": 35000000,
    "depreciationAndAmortization": 102000000,
    "ebitda": 322000000,
    "ebitdaratio": 0.2584269663,
    "operatingIncome": 183000000,
    "operatingIncomeRatio": 0.1468699839,
    "totalOtherIncomeExpensesNet": -44000000,
    "incomeBeforeTax": 139000000,
    "incomeBeforeTaxRatio": 0.1115569823,
    "incomeTaxExpense": 15000000,
    "netIncome": 110000000,
    "netIncomeRatio": 0.088282504,
    "eps": 0.45,
    "epsdiluted": 0.43,
    "weightedAverageShsOut": 245300000,
    "weightedAverageShsOutDil": 255167000,
    "link": "https://www.sec.gov/Archives/edgar/data/1413447/000119312514156698/0001193125-14-156698-index.htm",
    "finalLink": "https://www.sec.gov/Archives/edgar/data/1413447/000119312514156698/d718263dex991.htm"
  },
  {
    "date": "2013-12-31",
    "symbol": "NXPI",
    "reportedCurrency": "USD",
    "cik": "0001413447",
    "fillingDate": "2014-02-28",
    "acceptedDate": "2014-02-28 10:28:16",
    "calendarYear": "2013",
    "period": "Q4",
    "revenue": 1293000000,
    "costOfRevenue": 704000000,
    "grossProfit": 589000000,
    "grossProfitRatio": 0.4555297757,
    "researchAndDevelopmentExpenses": 168000000,
    "generalAndAdministrativeExpenses": 0,
    "sellingAndMarketingExpenses": 0,
    "sellingGeneralAndAdministrativeExpenses": 224000000,
    "otherExpenses": 0,
    "operatingExpenses": 392000000,
    "costAndExpenses": 1096000000,
    "interestIncome": 0,
    "interestExpense": 0,
    "depreciationAndAmortization": 113000000,
    "ebitda": 310000000,
    "ebitdaratio": 0.2397525135,
    "operatingIncome": 198000000,
    "operatingIncomeRatio": 0.1531322506,
    "totalOtherIncomeExpensesNet": -73000000,
    "incomeBeforeTax": 125000000,
    "incomeBeforeTaxRatio": 0.0966744006,
    "incomeTaxExpense": 10000000,
    "netIncome": 96000000,
    "netIncomeRatio": 0.0742459397,
    "eps": 0.39,
    "epsdiluted": 0.37,
    "weightedAverageShsOut": 246842000,
    "weightedAverageShsOutDil": 256162000,
    "link": "https://www.sec.gov/Archives/edgar/data/1413447/000119312514075232/0001193125-14-075232-index.htm",
    "finalLink": "https://www.sec.gov/Archives/edgar/data/1413447/000119312514075232/d625545d20f.htm"
  },
  {
    "date": "2013-09-30",
    "symbol": "NXPI",
    "reportedCurrency": "USD",
    "cik": "0001413447",
    "fillingDate": "2013-11-01",
    "acceptedDate": "2013-11-01 07:13:36",
    "calendarYear": "2013",
    "period": "Q3",
    "revenue": 1249000000,
    "costOfRevenue": 679000000,
    "grossProfit": 570000000,
    "grossProfitRatio": 0.4563650921,
    "researchAndDevelopmentExpenses": 163000000,
    "generalAndAdministrativeExpenses": 0,
    "sellingAndMarketingExpenses": 0,
    "sellingGeneralAndAdministrativeExpenses": 239000000,
    "otherExpenses": 0,
    "operatingExpenses": 402000000,
    "costAndExpenses": 1081000000,
    "interestIncome": 1000000,
    "interestExpense": 45000000,
    "depreciationAndAmortization": 137000000,
    "ebitda": 318000000,
    "ebitdaratio": 0.2546036829,
    "operatingIncome": 168000000,
    "operatingIncomeRatio": 0.1345076061,
    "totalOtherIncomeExpensesNet": 5000000,
    "incomeBeforeTax": 173000000,
    "incomeBeforeTaxRatio": 0.1385108086,
    "incomeTaxExpense": 1000000,
    "netIncome": 155000000,
    "netIncomeRatio": 0.1240992794,
    "eps": 0.62,
    "epsdiluted": 0.6,
    "weightedAverageShsOut": 248794000,
    "weightedAverageShsOutDil": 256777000,
    "link": "https://www.sec.gov/Archives/edgar/data/1413447/000119312513421872/0001193125-13-421872-index.htm",
    "finalLink": "https://www.sec.gov/Archives/edgar/data/1413447/000119312513421872/0001193125-13-421872.txt"
  },
  {
    "date": "2013-06-30",
    "symbol": "NXPI",
    "reportedCurrency": "USD",
    "cik": "0001413447",
    "fillingDate": "2013-08-02",
    "acceptedDate": "2013-08-02 07:46:01",
    "calendarYear": "2013",
    "period": "Q2",
    "revenue": 1188000000,
    "costOfRevenue": 653000000,
    "grossProfit": 535000000,
    "grossProfitRatio": 0.4503367003,
    "researchAndDevelopmentExpenses": 155000000,
    "generalAndAdministrativeExpenses": 0,
    "sellingAndMarketingExpenses": 0,
    "sellingGeneralAndAdministrativeExpenses": 211000000,
    "otherExpenses": 0,
    "operatingExpenses": 366000000,
    "costAndExpenses": 1019000000,
    "interestIncome": 47000000,
    "interestExpense": 0,
    "depreciationAndAmortization": 132000000,
    "ebitda": 303000000,
    "ebitdaratio": 0.2550505051,
    "operatingIncome": 170000000,
    "operatingIncomeRatio": 0.1430976431,
    "totalOtherIncomeExpensesNet": -43000000,
    "incomeBeforeTax": 127000000,
    "incomeBeforeTaxRatio": 0.1069023569,
    "incomeTaxExpense": -2000000,
    "netIncome": 111000000,
    "netIncomeRatio": 0.0934343434,
    "eps": 0.44,
    "epsdiluted": 0.43,
    "weightedAverageShsOut": 249449000,
    "weightedAverageShsOutDil": 255265000,
    "link": "https://www.sec.gov/Archives/edgar/data/1413447/000119312513316144/0001193125-13-316144-index.htm",
    "finalLink": "https://www.sec.gov/Archives/edgar/data/1413447/000119312513316144/0001193125-13-316144.txt"
  },
  {
    "date": "2013-03-31",
    "symbol": "NXPI",
    "reportedCurrency": "USD",
    "cik": "0001413447",
    "fillingDate": "2013-05-06",
    "acceptedDate": "2013-05-06 06:08:03",
    "calendarYear": "2013",
    "period": "Q1",
    "revenue": 1085000000,
    "costOfRevenue": 602000000,
    "grossProfit": 483000000,
    "grossProfitRatio": 0.4451612903,
    "researchAndDevelopmentExpenses": 153000000,
    "generalAndAdministrativeExpenses": 0,
    "sellingAndMarketingExpenses": 0,
    "sellingGeneralAndAdministrativeExpenses": 222000000,
    "otherExpenses": 0,
    "operatingExpenses": 375000000,
    "costAndExpenses": 977000000,
    "interestIncome": 49000000,
    "interestExpense": 0,
    "depreciationAndAmortization": 132000000,
    "ebitda": 248000000,
    "ebitdaratio": 0.2285714286,
    "operatingIncome": 115000000,
    "operatingIncomeRatio": 0.1059907834,
    "totalOtherIncomeExpensesNet": 0,
    "incomeBeforeTax": 10000000,
    "incomeBeforeTaxRatio": 0.0092165899,
    "incomeTaxExpense": 11000000,
    "netIncome": -14000000,
    "netIncomeRatio": -0.0129032258,
    "eps": -0.0561,
    "epsdiluted": -0.0561,
    "weightedAverageShsOut": 249668000,
    "weightedAverageShsOutDil": 249668000,
    "link": "https://www.sec.gov/Archives/edgar/data/1413447/000119312513200163/0001193125-13-200163-index.htm",
    "finalLink": "https://www.sec.gov/Archives/edgar/data/1413447/000119312513200163/0001193125-13-200163.txt"
  },
  {
    "date": "2012-12-31",
    "symbol": "NXPI",
    "reportedCurrency": "USD",
    "cik": "0001413447",
    "fillingDate": "2013-03-01",
    "acceptedDate": "2013-03-01 09:11:05",
    "calendarYear": "2012",
    "period": "Q4",
    "revenue": 1116000000,
    "costOfRevenue": 626000000,
    "grossProfit": 490000000,
    "grossProfitRatio": 0.4390681004,
    "researchAndDevelopmentExpenses": 171000000,
    "generalAndAdministrativeExpenses": 0,
    "sellingAndMarketingExpenses": 0,
    "sellingGeneralAndAdministrativeExpenses": 288000000,
    "otherExpenses": 0,
    "operatingExpenses": 459000000,
    "costAndExpenses": 1085000000,
    "interestIncome": 0,
    "interestExpense": 0,
    "depreciationAndAmortization": 132000000,
    "ebitda": 163000000,
    "ebitdaratio": 0.1460573477,
    "operatingIncome": 33000000,
    "operatingIncomeRatio": 0.0295698925,
    "totalOtherIncomeExpensesNet": -138000000,
    "incomeBeforeTax": -105000000,
    "incomeBeforeTaxRatio": -0.0940860215,
    "incomeTaxExpense": -7000000,
    "netIncome": -116000000,
    "netIncomeRatio": -0.1039426523,
    "eps": -0.47,
    "epsdiluted": -0.47,
    "weightedAverageShsOut": 248505000,
    "weightedAverageShsOutDil": 248505000,
    "link": "https://www.sec.gov/Archives/edgar/data/1413447/000119312513086161/0001193125-13-086161-index.htm",
    "finalLink": "https://www.sec.gov/Archives/edgar/data/1413447/000119312513086161/d425549d20f.htm"
  },
  {
    "date": "2012-09-30",
    "symbol": "NXPI",
    "reportedCurrency": "USD",
    "cik": "0001413447",
    "fillingDate": "2012-11-01",
    "acceptedDate": "2012-11-01 11:16:33",
    "calendarYear": "2012",
    "period": "Q3",
    "revenue": 1170000000,
    "costOfRevenue": 634000000,
    "grossProfit": 536000000,
    "grossProfitRatio": 0.4581196581,
    "researchAndDevelopmentExpenses": 153000000,
    "generalAndAdministrativeExpenses": 0,
    "sellingAndMarketingExpenses": 0,
    "sellingGeneralAndAdministrativeExpenses": 236000000,
    "otherExpenses": 5000000,
    "operatingExpenses": 394000000,
    "costAndExpenses": 1002000000,
    "interestIncome": 2000000,
    "interestExpense": 67000000,
    "depreciationAndAmortization": 128000000,
    "ebitda": 283000000,
    "ebitdaratio": 0.2418803419,
    "operatingIncome": 168000000,
    "operatingIncomeRatio": 0.1435897436,
    "totalOtherIncomeExpensesNet": -31000000,
    "incomeBeforeTax": 137000000,
    "incomeBeforeTaxRatio": 0.1170940171,
    "incomeTaxExpense": 6000000,
    "netIncome": 115000000,
    "netIncomeRatio": 0.0982905983,
    "eps": 0.46,
    "epsdiluted": 0.45,
    "weightedAverageShsOut": 247498000,
    "weightedAverageShsOutDil": 253060000,
    "link": "https://www.sec.gov/Archives/edgar/data/1413447/000119312512445691/0001193125-12-445691-index.htm",
    "finalLink": "https://www.sec.gov/Archives/edgar/data/1413447/000119312512445691/d432237dex1.htm"
  },
  {
    "date": "2012-06-30",
    "symbol": "NXPI",
    "reportedCurrency": "USD",
    "cik": "0001413447",
    "fillingDate": "2012-08-21",
    "acceptedDate": "2012-08-21 08:59:34",
    "calendarYear": "2012",
    "period": "Q2",
    "revenue": 1094000000,
    "costOfRevenue": 556000000,
    "grossProfit": 538000000,
    "grossProfitRatio": 0.491773309,
    "researchAndDevelopmentExpenses": 156000000,
    "generalAndAdministrativeExpenses": 0,
    "sellingAndMarketingExpenses": 0,
    "sellingGeneralAndAdministrativeExpenses": 231000000,
    "otherExpenses": -5000000,
    "operatingExpenses": 382000000,
    "costAndExpenses": 938000000,
    "interestIncome": 1000000,
    "interestExpense": 71000000,
    "depreciationAndAmortization": 139000000,
    "ebitda": 188000000,
    "ebitdaratio": 0.1718464351,
    "operatingIncome": 156000000,
    "operatingIncomeRatio": 0.1425959781,
    "totalOtherIncomeExpensesNet": -223000000,
    "incomeBeforeTax": -67000000,
    "incomeBeforeTaxRatio": -0.0612431444,
    "incomeTaxExpense": 7000000,
    "netIncome": -90000000,
    "netIncomeRatio": -0.0822669104,
    "eps": -0.36,
    "epsdiluted": -0.36,
    "weightedAverageShsOut": 248272000,
    "weightedAverageShsOutDil": 248272000,
    "link": "https://www.sec.gov/Archives/edgar/data/1413447/000119312512362730/0001193125-12-362730-index.htm",
    "finalLink": "https://www.sec.gov/Archives/edgar/data/1413447/000119312512362730/0001193125-12-362730.txt"
  },
  {
    "date": "2012-03-31",
    "symbol": "NXPI",
    "reportedCurrency": "USD",
    "cik": "0001413447",
    "fillingDate": "2012-06-14",
    "acceptedDate": "2012-06-14 10:20:34",
    "calendarYear": "2012",
    "period": "Q1",
    "revenue": 978000000,
    "costOfRevenue": 554000000,
    "grossProfit": 424000000,
    "grossProfitRatio": 0.4335378323,
    "researchAndDevelopmentExpenses": 148000000,
    "generalAndAdministrativeExpenses": 0,
    "sellingAndMarketingExpenses": 0,
    "sellingGeneralAndAdministrativeExpenses": 222000000,
    "otherExpenses": 0,
    "operatingExpenses": 370000000,
    "costAndExpenses": 924000000,
    "interestIncome": 1000000,
    "interestExpense": 77000000,
    "depreciationAndAmortization": 134000000,
    "ebitda": 188000000,
    "ebitdaratio": 0.1922290389,
    "operatingIncome": 55000000,
    "operatingIncomeRatio": 0.0562372188,
    "totalOtherIncomeExpensesNet": 0,
    "incomeBeforeTax": -17000000,
    "incomeBeforeTaxRatio": -0.0173824131,
    "incomeTaxExpense": -5000000,
    "netIncome": -24000000,
    "netIncomeRatio": -0.0245398773,
    "eps": -0.0968,
    "epsdiluted": -0.0968,
    "weightedAverageShsOut": 247979000,
    "weightedAverageShsOutDil": 247979000,
    "link": "https://www.sec.gov/Archives/edgar/data/1413447/000119312512270420/0001193125-12-270420-index.htm",
    "finalLink": "https://www.sec.gov/Archives/edgar/data/1413447/000119312512270420/0001193125-12-270420.txt"
  },
  {
    "date": "2011-12-31",
    "symbol": "NXPI",
    "reportedCurrency": "USD",
    "cik": "0001413447",
    "fillingDate": "2012-03-13",
    "acceptedDate": "2012-03-13 16:26:08",
    "calendarYear": "2011",
    "period": "Q4",
    "revenue": 931000000,
    "costOfRevenue": 542000000,
    "grossProfit": 389000000,
    "grossProfitRatio": 0.41783029,
    "researchAndDevelopmentExpenses": 151000000,
    "generalAndAdministrativeExpenses": 163000000,
    "sellingAndMarketingExpenses": 73000000,
    "sellingGeneralAndAdministrativeExpenses": 236000000,
    "otherExpenses": -1000000,
    "operatingExpenses": 386000000,
    "costAndExpenses": 928000000,
    "interestIncome": 83000000,
    "interestExpense": 75000000,
    "depreciationAndAmortization": 151000000,
    "ebitda": 68000000,
    "ebitdaratio": 0.0730397422,
    "operatingIncome": 7000000,
    "operatingIncomeRatio": 0.007518797,
    "totalOtherIncomeExpensesNet": -180000000,
    "incomeBeforeTax": -173000000,
    "incomeBeforeTaxRatio": -0.1858216971,
    "incomeTaxExpense": 2000000,
    "netIncome": -182000000,
    "netIncomeRatio": -0.1954887218,
    "eps": -0.74,
    "epsdiluted": -0.74,
    "weightedAverageShsOut": 246646000,
    "weightedAverageShsOutDil": 246646000,
    "link": "https://www.sec.gov/Archives/edgar/data/1413447/000119312512112101/0001193125-12-112101-index.htm",
    "finalLink": "https://www.sec.gov/Archives/edgar/data/1413447/000119312512112101/d308226d20f.htm"
  },
  {
    "date": "2011-09-30",
    "symbol": "NXPI",
    "reportedCurrency": "USD",
    "cik": "0001413447",
    "fillingDate": "2011-11-10",
    "acceptedDate": "2011-11-10 14:59:34",
    "calendarYear": "2011",
    "period": "Q3",
    "revenue": 1060000000,
    "costOfRevenue": 572000000,
    "grossProfit": 488000000,
    "grossProfitRatio": 0.4603773585,
    "researchAndDevelopmentExpenses": 165000000,
    "generalAndAdministrativeExpenses": 145000000,
    "sellingAndMarketingExpenses": 74000000,
    "sellingGeneralAndAdministrativeExpenses": 219000000,
    "otherExpenses": -5000000,
    "operatingExpenses": 379000000,
    "costAndExpenses": 951000000,
    "interestIncome": 2000000,
    "interestExpense": 75000000,
    "depreciationAndAmortization": 152000000,
    "ebitda": 162000000,
    "ebitdaratio": 0.1528301887,
    "operatingIncome": 109000000,
    "operatingIncomeRatio": 0.1028301887,
    "totalOtherIncomeExpensesNet": -199000000,
    "incomeBeforeTax": -90000000,
    "incomeBeforeTaxRatio": -0.0849056604,
    "incomeTaxExpense": 20000000,
    "netIncome": 301000000,
    "netIncomeRatio": 0.2839622642,
    "eps": 1.21,
    "epsdiluted": 1.21,
    "weightedAverageShsOut": 248318000,
    "weightedAverageShsOutDil": 248318000,
    "link": "https://www.sec.gov/Archives/edgar/data/1413447/000119312511306687/0001193125-11-306687-index.htm",
    "finalLink": "https://www.sec.gov/Archives/edgar/data/1413447/000119312511306687/0001193125-11-306687.txt"
  },
  {
    "date": "2011-06-30",
    "symbol": "NXPI",
    "reportedCurrency": "USD",
    "cik": "0001413447",
    "fillingDate": "2011-08-04",
    "acceptedDate": "2011-08-04 17:01:38",
    "calendarYear": "2011",
    "period": "Q2",
    "revenue": 1121000000,
    "costOfRevenue": 598000000,
    "grossProfit": 523000000,
    "grossProfitRatio": 0.4665477252,
    "researchAndDevelopmentExpenses": 165000000,
    "generalAndAdministrativeExpenses": 156000000,
    "sellingAndMarketingExpenses": 73000000,
    "sellingGeneralAndAdministrativeExpenses": 229000000,
    "otherExpenses": -4000000,
    "operatingExpenses": 390000000,
    "costAndExpenses": 988000000,
    "interestIncome": 1000000,
    "interestExpense": 80000000,
    "depreciationAndAmortization": 143000000,
    "ebitda": 337000000,
    "ebitdaratio": 0.3006244425,
    "operatingIncome": 133000000,
    "operatingIncomeRatio": 0.1186440678,
    "totalOtherIncomeExpensesNet": -34000000,
    "incomeBeforeTax": 99000000,
    "incomeBeforeTaxRatio": 0.0883140054,
    "incomeTaxExpense": 0,
    "netIncome": 84000000,
    "netIncomeRatio": 0.0749330955,
    "eps": 0.34,
    "epsdiluted": 0.33,
    "weightedAverageShsOut": 249957000,
    "weightedAverageShsOutDil": 256273000,
    "link": "https://www.sec.gov/Archives/edgar/data/1413447/000119312511210533/0001193125-11-210533-index.htm",
    "finalLink": "https://www.sec.gov/Archives/edgar/data/1413447/000119312511210533/0001193125-11-210533.txt"
  },
  {
    "date": "2011-03-31",
    "symbol": "NXPI",
    "reportedCurrency": "USD",
    "cik": "0001413447",
    "fillingDate": "2011-03-31",
    "acceptedDate": "2011-03-31 00:00:00",
    "calendarYear": "2011",
    "period": "Q1",
    "revenue": 1082000000,
    "costOfRevenue": 576000000,
    "grossProfit": 506000000,
    "grossProfitRatio": 0.4676524954,
    "researchAndDevelopmentExpenses": 154000000,
    "generalAndAdministrativeExpenses": 169000000,
    "sellingAndMarketingExpenses": 65000000,
    "sellingGeneralAndAdministrativeExpenses": 234000000,
    "otherExpenses": 10000000,
    "operatingExpenses": 398000000,
    "costAndExpenses": 974000000,
    "interestIncome": 1000000,
    "interestExpense": 82000000,
    "depreciationAndAmortization": 145000000,
    "ebitda": 436000000,
    "ebitdaratio": 0.4029574861,
    "operatingIncome": 108000000,
    "operatingIncomeRatio": 0.0998151571,
    "totalOtherIncomeExpensesNet": 79000000,
    "incomeBeforeTax": 187000000,
    "incomeBeforeTaxRatio": 0.1728280961,
    "incomeTaxExpense": -1000000,
    "netIncome": 187000000,
    "netIncomeRatio": 0.1728280961,
    "eps": 0.75,
    "epsdiluted": 0.73,
    "weightedAverageShsOut": 250402000,
    "weightedAverageShsOutDil": 256589000,
    "link": null,
    "finalLink": null
  },
  {
    "date": "2010-12-31",
    "symbol": "NXPI",
    "reportedCurrency": "USD",
    "cik": "0001413447",
    "fillingDate": "2011-03-09",
    "acceptedDate": "2011-03-09 17:18:31",
    "calendarYear": "2010",
    "period": "Q4",
    "revenue": 823000000,
    "costOfRevenue": 407000000,
    "grossProfit": 416000000,
    "grossProfitRatio": 0.5054678007,
    "researchAndDevelopmentExpenses": -1008000000,
    "generalAndAdministrativeExpenses": 169000000,
    "sellingAndMarketingExpenses": 69000000,
    "sellingGeneralAndAdministrativeExpenses": 238000000,
    "otherExpenses": 1120000000,
    "operatingExpenses": 350000000,
    "costAndExpenses": 773000000,
    "interestIncome": 1000000,
    "interestExpense": 81000000,
    "depreciationAndAmortization": 160000000,
    "ebitda": 99000000,
    "ebitdaratio": 0.120291616,
    "operatingIncome": 50000000,
    "operatingIncomeRatio": 0.0607533414,
    "totalOtherIncomeExpensesNet": -218000000,
    "incomeBeforeTax": -168000000,
    "incomeBeforeTaxRatio": -0.2041312272,
    "incomeTaxExpense": -13000000,
    "netIncome": -118000000,
    "netIncomeRatio": -0.1433778858,
    "eps": -0.47,
    "epsdiluted": -0.47,
    "weightedAverageShsOut": 249560000,
    "weightedAverageShsOutDil": 249560000,
    "link": "https://www.sec.gov/Archives/edgar/data/1413447/000119312511061029/0001193125-11-061029-index.htm",
    "finalLink": "https://www.sec.gov/Archives/edgar/data/1413447/000119312511061029/d20f.htm"
  },
  {
    "date": "2010-09-30",
    "symbol": "NXPI",
    "reportedCurrency": "USD",
    "cik": "0001413447",
    "fillingDate": "2010-09-30",
    "acceptedDate": "2010-09-30 00:00:00",
    "calendarYear": "2010",
    "period": "Q3",
    "revenue": 1213000000,
    "costOfRevenue": 706000000,
    "grossProfit": 507000000,
    "grossProfitRatio": 0.4179719703,
    "researchAndDevelopmentExpenses": 146000000,
    "generalAndAdministrativeExpenses": 165000000,
    "sellingAndMarketingExpenses": 65000000,
    "sellingGeneralAndAdministrativeExpenses": 230000000,
    "otherExpenses": -6000000,
    "operatingExpenses": 370000000,
    "costAndExpenses": 1014000000,
    "interestIncome": 1000000,
    "interestExpense": 81000000,
    "depreciationAndAmortization": 162000000,
    "ebitda": 621000000,
    "ebitdaratio": 0.5119538335,
    "operatingIncome": 106000000,
    "operatingIncomeRatio": 0.0873866447,
    "totalOtherIncomeExpensesNet": 274000000,
    "incomeBeforeTax": 380000000,
    "incomeBeforeTaxRatio": 0.3132728772,
    "incomeTaxExpense": 28000000,
    "netIncome": 369000000,
    "netIncomeRatio": 0.3042044518,
    "eps": 1.56,
    "epsdiluted": 1.55,
    "weightedAverageShsOut": 237295000,
    "weightedAverageShsOutDil": 238735000,
    "link": null,
    "finalLink": null
  },
  {
    "date": "2010-06-30",
    "symbol": "NXPI",
    "reportedCurrency": "USD",
    "cik": "0001413447",
    "fillingDate": "2010-06-30",
    "acceptedDate": "2010-06-30 00:00:00",
    "calendarYear": "2010",
    "period": "Q2",
    "revenue": 1201000000,
    "costOfRevenue": 729000000,
    "grossProfit": 472000000,
    "grossProfitRatio": 0.3930058285,
    "researchAndDevelopmentExpenses": 137000000,
    "generalAndAdministrativeExpenses": 176000000,
    "sellingAndMarketingExpenses": 65000000,
    "sellingGeneralAndAdministrativeExpenses": 241000000,
    "otherExpenses": -8000000,
    "operatingExpenses": 370000000,
    "costAndExpenses": 1043000000,
    "interestIncome": 0,
    "interestExpense": 0,
    "depreciationAndAmortization": 169000000,
    "ebitda": 236000000,
    "ebitdaratio": 0.1965029142,
    "operatingIncome": 76000000,
    "operatingIncomeRatio": 0.0632805995,
    "totalOtherIncomeExpensesNet": -442000000,
    "incomeBeforeTax": -366000000,
    "incomeBeforeTaxRatio": -0.304746045,
    "incomeTaxExpense": 1000000,
    "netIncome": -362000000,
    "netIncomeRatio": -0.3014154871,
    "eps": -1.68,
    "epsdiluted": -1.68,
    "weightedAverageShsOut": 215252000,
    "weightedAverageShsOutDil": 215252000,
    "link": null,
    "finalLink": null
  },
  {
    "date": "2010-03-31",
    "symbol": "NXPI",
    "reportedCurrency": "USD",
    "cik": "0001413447",
    "fillingDate": "2010-03-31",
    "acceptedDate": "2010-03-31 00:00:00",
    "calendarYear": "2010",
    "period": "Q1",
    "revenue": 1165000000,
    "costOfRevenue": 737000000,
    "grossProfit": 428000000,
    "grossProfitRatio": 0.3673819742,
    "researchAndDevelopmentExpenses": 154000000,
    "generalAndAdministrativeExpenses": 191000000,
    "sellingAndMarketingExpenses": 66000000,
    "sellingGeneralAndAdministrativeExpenses": 257000000,
    "otherExpenses": 10000000,
    "operatingExpenses": 421000000,
    "costAndExpenses": 1100000000,
    "interestIncome": -224000000,
    "interestExpense": 80000000,
    "depreciationAndAmortization": 193000000,
    "ebitda": 170000000,
    "ebitdaratio": 0.1459227468,
    "operatingIncome": -15000000,
    "operatingIncomeRatio": -0.0128755365,
    "totalOtherIncomeExpensesNet": -328000000,
    "incomeBeforeTax": -343000000,
    "incomeBeforeTaxRatio": -0.2944206009,
    "incomeTaxExpense": 8000000,
    "netIncome": -345000000,
    "netIncomeRatio": -0.2961373391,
    "eps": -1.6,
    "epsdiluted": -1.6,
    "weightedAverageShsOut": 215252000,
    "weightedAverageShsOutDil": 215252000,
    "link": null,
    "finalLink": null
  },
  {
    "date": "2009-12-31",
    "symbol": "NXPI",
    "reportedCurrency": "USD",
    "cik": "0001413447",
    "fillingDate": "2009-12-31",
    "acceptedDate": "2009-12-31 00:00:00",
    "calendarYear": "2009",
    "period": "Q4",
    "revenue": 1161000000,
    "costOfRevenue": 768000000,
    "grossProfit": 393000000,
    "grossProfitRatio": 0.338501292,
    "researchAndDevelopmentExpenses": 230000000,
    "generalAndAdministrativeExpenses": 241000000,
    "sellingAndMarketingExpenses": 75000000,
    "sellingGeneralAndAdministrativeExpenses": 316000000,
    "otherExpenses": -27000000,
    "operatingExpenses": 519000000,
    "costAndExpenses": 1372000000,
    "interestIncome": -1000000,
    "interestExpense": 85000000,
    "depreciationAndAmortization": 207000000,
    "ebitda": -80000000,
    "ebitdaratio": -0.0689061154,
    "operatingIncome": -211000000,
    "operatingIncomeRatio": -0.1817398794,
    "totalOtherIncomeExpensesNet": -162000000,
    "incomeBeforeTax": -373000000,
    "incomeBeforeTaxRatio": -0.3212747631,
    "incomeTaxExpense": -6000000,
    "netIncome": -376000000,
    "netIncomeRatio": -0.3238587425,
    "eps": -1.75,
    "epsdiluted": -1.75,
    "weightedAverageShsOut": 215252000,
    "weightedAverageShsOutDil": 215252000,
    "link": null,
    "finalLink": null
  },
  {
    "date": "2009-09-30",
    "symbol": "NXPI",
    "reportedCurrency": "USD",
    "cik": "0001413447",
    "fillingDate": "2009-09-30",
    "acceptedDate": "2009-09-29 20:00:00",
    "calendarYear": "2009",
    "period": "Q3",
    "revenue": 1077000000,
    "costOfRevenue": 755000000,
    "grossProfit": 322000000,
    "grossProfitRatio": 0.2989786444,
    "researchAndDevelopmentExpenses": 172000000,
    "generalAndAdministrativeExpenses": 160000000,
    "sellingAndMarketingExpenses": 82000000,
    "sellingGeneralAndAdministrativeExpenses": 242000000,
    "otherExpenses": 37000000,
    "operatingExpenses": 451000000,
    "costAndExpenses": 1206000000,
    "interestIncome": 1000000,
    "interestExpense": 83000000,
    "depreciationAndAmortization": 198000000,
    "ebitda": 722000000,
    "ebitdaratio": 0.6703806871,
    "operatingIncome": -129000000,
    "operatingIncomeRatio": -0.1197771588,
    "totalOtherIncomeExpensesNet": 570000000,
    "incomeBeforeTax": 441000000,
    "incomeBeforeTaxRatio": 0.4094707521,
    "incomeTaxExpense": 13000000,
    "netIncome": 418000000,
    "netIncomeRatio": 0.3881151346,
    "eps": 1.94,
    "epsdiluted": 1.93,
    "weightedAverageShsOut": 215252000,
    "weightedAverageShsOutDil": 216429000,
    "link": null,
    "finalLink": null
  },
  {
    "date": "2009-06-30",
    "symbol": "NXPI",
    "reportedCurrency": "USD",
    "cik": "0001413447",
    "fillingDate": "2009-06-30",
    "acceptedDate": "2009-06-29 20:00:00",
    "calendarYear": "2009",
    "period": "Q2",
    "revenue": 903000000,
    "costOfRevenue": 717000000,
    "grossProfit": 186000000,
    "grossProfitRatio": 0.2059800664,
    "researchAndDevelopmentExpenses": 188000000,
    "generalAndAdministrativeExpenses": 164000000,
    "sellingAndMarketingExpenses": 59000000,
    "sellingGeneralAndAdministrativeExpenses": 223000000,
    "otherExpenses": -8000000,
    "operatingExpenses": 403000000,
    "costAndExpenses": 1120000000,
    "interestIncome": 0,
    "interestExpense": 0,
    "depreciationAndAmortization": 253000000,
    "ebitda": 36000000,
    "ebitdaratio": 0.0398671096,
    "operatingIncome": -217000000,
    "operatingIncomeRatio": -0.2403100775,
    "totalOtherIncomeExpensesNet": 582000000,
    "incomeBeforeTax": 365000000,
    "incomeBeforeTaxRatio": 0.4042081949,
    "incomeTaxExpense": 2000000,
    "netIncome": 358000000,
    "netIncomeRatio": 0.3964562569,
    "eps": 1.66,
    "epsdiluted": 1.66,
    "weightedAverageShsOut": 215252000,
    "weightedAverageShsOutDil": 215252000,
    "link": null,
    "finalLink": null
  },
  {
    "date": "2009-03-31",
    "symbol": "NXPI",
    "reportedCurrency": "USD",
    "cik": "0001413447",
    "fillingDate": "2009-03-31",
    "acceptedDate": "2009-03-30 20:00:00",
    "calendarYear": "2009",
    "period": "Q1",
    "revenue": 702000000,
    "costOfRevenue": 634000000,
    "grossProfit": 68000000,
    "grossProfitRatio": 0.0968660969,
    "researchAndDevelopmentExpenses": 187000000,
    "generalAndAdministrativeExpenses": 173000000,
    "sellingAndMarketingExpenses": 61000000,
    "sellingGeneralAndAdministrativeExpenses": 234000000,
    "otherExpenses": -6000000,
    "operatingExpenses": 415000000,
    "costAndExpenses": 1049000000,
    "interestIncome": 3000000,
    "interestExpense": 104000000,
    "depreciationAndAmortization": 211000000,
    "ebitda": -341000000,
    "ebitdaratio": -0.4857549858,
    "operatingIncome": -347000000,
    "operatingIncomeRatio": -0.4943019943,
    "totalOtherIncomeExpensesNet": -234000000,
    "incomeBeforeTax": -656000000,
    "incomeBeforeTaxRatio": -0.9344729345,
    "incomeTaxExpense": 8000000,
    "netIncome": -579000000,
    "netIncomeRatio": -0.8247863248,
    "eps": -2.69,
    "epsdiluted": -2.69,
    "weightedAverageShsOut": 215252000,
    "weightedAverageShsOutDil": 215252000,
    "link": null,
    "finalLink": null
  }
]