[
  {
    "date": "2025-06-30",
    "symbol": "O",
    "reportedCurrency": "USD",
    "cik": "0000726728",
    "fillingDate": "2025-08-07",
    "acceptedDate": "2025-08-06 17:40:23",
    "calendarYear": "2025",
    "period": "Q2",
    "revenue": 1410378000,
    "costOfRevenue": 107422000,
    "grossProfit": 1302956000,
    "grossProfitRatio": 0.9238346032,
    "researchAndDevelopmentExpenses": 0,
    "generalAndAdministrativeExpenses": 49329000,
    "sellingAndMarketingExpenses": 0,
    "sellingGeneralAndAdministrativeExpenses": 49329000,
    "otherExpenses": 648958000,
    "operatingExpenses": 698287000,
    "costAndExpenses": 805709000,
    "interestIncome": 0,
    "interestExpense": 0,
    "depreciationAndAmortization": 647849000,
    "ebitda": 1147952000,
    "ebitdaratio": 0.8139321515,
    "operatingIncome": 604669000,
    "operatingIncomeRatio": 0.4287283267,
    "totalOtherIncomeExpensesNet": -381593000,
    "incomeBeforeTax": 223076000,
    "incomeBeforeTaxRatio": 0.1581675267,
    "incomeTaxExpense": 24065000,
    "netIncome": 196919000,
    "netIncomeRatio": 0.1396214348,
    "eps": 0.22,
    "epsdiluted": 0.22,
    "weightedAverageShsOut": 902966000,
    "weightedAverageShsOutDil": 903716000,
    "link": "https://www.sec.gov/Archives/edgar/data/726728/000072672825000131/0000726728-25-000131-index.htm",
    "finalLink": "https://www.sec.gov/Archives/edgar/data/726728/000072672825000131/o-20250630.htm"
  },
  {
    "date": "2025-03-31",
    "symbol": "O",
    "reportedCurrency": "USD",
    "cik": "0000726728",
    "fillingDate": "2025-05-06",
    "acceptedDate": "2025-05-06 16:10:50",
    "calendarYear": "2025",
    "period": "Q1",
    "revenue": 1380505000,
    "costOfRevenue": 106681000,
    "grossProfit": 1273824000,
    "grossProfitRatio": 0.9227232064,
    "researchAndDevelopmentExpenses": 0,
    "generalAndAdministrativeExpenses": 44044000,
    "sellingAndMarketingExpenses": 0,
    "sellingGeneralAndAdministrativeExpenses": 44044000,
    "otherExpenses": 608935000,
    "operatingExpenses": 652979000,
    "costAndExpenses": 759660000,
    "interestIncome": 0,
    "interestExpense": 0,
    "depreciationAndAmortization": 608935000,
    "ebitda": 1139085000,
    "ebitdaratio": 0.8251219662,
    "operatingIncome": 620845000,
    "operatingIncomeRatio": 0.4497231086,
    "totalOtherIncomeExpensesNet": -353726000,
    "incomeBeforeTax": 267119000,
    "incomeBeforeTaxRatio": 0.1934936853,
    "incomeTaxExpense": 15657000,
    "netIncome": 249815000,
    "netIncomeRatio": 0.1809591418,
    "eps": 0.28,
    "epsdiluted": 0.28,
    "weightedAverageShsOut": 891666000,
    "weightedAverageShsOutDil": 892351000,
    "link": "https://www.sec.gov/Archives/edgar/data/726728/000072672825000096/0000726728-25-000096-index.htm",
    "finalLink": "https://www.sec.gov/Archives/edgar/data/726728/000072672825000096/o-20250331.htm"
  },
  {
    "date": "2024-12-31",
    "symbol": "O",
    "reportedCurrency": "USD",
    "cik": "0000726728",
    "fillingDate": "2025-02-25",
    "acceptedDate": "2025-02-25 16:09:40",
    "calendarYear": "2024",
    "period": "Q4",
    "revenue": 1340299000,
    "costOfRevenue": 96309000,
    "grossProfit": 1243990000,
    "grossProfitRatio": 0.9281436456,
    "researchAndDevelopmentExpenses": 0,
    "generalAndAdministrativeExpenses": 49114000,
    "sellingAndMarketingExpenses": 0,
    "sellingGeneralAndAdministrativeExpenses": 49114000,
    "otherExpenses": 606671000,
    "operatingExpenses": 655785000,
    "costAndExpenses": 752094000,
    "interestIncome": 0,
    "interestExpense": 0,
    "depreciationAndAmortization": 606671000,
    "ebitda": 1090690000,
    "ebitdaratio": 0.813766182,
    "operatingIncome": 588205000,
    "operatingIncomeRatio": 0.4388610303,
    "totalOtherIncomeExpensesNet": -366753000,
    "incomeBeforeTax": 221452000,
    "incomeBeforeTaxRatio": 0.165225819,
    "incomeTaxExpense": 20102000,
    "netIncome": 199612000,
    "netIncomeRatio": 0.1489309475,
    "eps": 0.23,
    "epsdiluted": 0.23,
    "weightedAverageShsOut": 875710000,
    "weightedAverageShsOutDil": 879649000,
    "link": "https://www.sec.gov/Archives/edgar/data/726728/000072672825000055/0000726728-25-000055-index.htm",
    "finalLink": "https://www.sec.gov/Archives/edgar/data/726728/000072672825000055/o-20241231.htm"
  },
  {
    "date": "2024-09-30",
    "symbol": "O",
    "reportedCurrency": "USD",
    "cik": "0000726728",
    "fillingDate": "2024-11-05",
    "acceptedDate": "2024-11-05 16:08:24",
    "calendarYear": "2024",
    "period": "Q3",
    "revenue": 1330915000,
    "costOfRevenue": 92154000,
    "grossProfit": 1238761000,
    "grossProfitRatio": 0.930758914,
    "researchAndDevelopmentExpenses": 0,
    "generalAndAdministrativeExpenses": 41869000,
    "sellingAndMarketingExpenses": 0,
    "sellingGeneralAndAdministrativeExpenses": 41869000,
    "otherExpenses": 602339000,
    "operatingExpenses": 644208000,
    "costAndExpenses": 736362000,
    "interestIncome": 0,
    "interestExpense": 0,
    "depreciationAndAmortization": 602339000,
    "ebitda": 1143688000,
    "ebitdaratio": 0.8593246,
    "operatingIncome": 594553000,
    "operatingIncomeRatio": 0.4467249975,
    "totalOtherIncomeExpensesNet": -308074000,
    "incomeBeforeTax": 286479000,
    "incomeBeforeTaxRatio": 0.2152496591,
    "incomeTaxExpense": 15355000,
    "netIncome": 269485000,
    "netIncomeRatio": 0.2024809999,
    "eps": 0.3,
    "epsdiluted": 0.3,
    "weightedAverageShsOut": 870665000,
    "weightedAverageShsOutDil": 872052000,
    "link": "https://www.sec.gov/Archives/edgar/data/726728/000072672824000130/0000726728-24-000130-index.htm",
    "finalLink": "https://www.sec.gov/Archives/edgar/data/726728/000072672824000130/o-20240930.htm"
  },
  {
    "date": "2024-06-30",
    "symbol": "O",
    "reportedCurrency": "USD",
    "cik": "0000726728",
    "fillingDate": "2024-08-06",
    "acceptedDate": "2024-08-06 16:11:42",
    "calendarYear": "2024",
    "period": "Q2",
    "revenue": 1339443000,
    "costOfRevenue": 99851000,
    "grossProfit": 1239592000,
    "grossProfitRatio": 0.9254533414,
    "researchAndDevelopmentExpenses": 0,
    "generalAndAdministrativeExpenses": 45070000,
    "sellingAndMarketingExpenses": 0,
    "sellingGeneralAndAdministrativeExpenses": 45070000,
    "otherExpenses": 614824000,
    "operatingExpenses": 659894000,
    "costAndExpenses": 759745000,
    "interestIncome": 0,
    "interestExpense": 0,
    "depreciationAndAmortization": 605570000,
    "ebitda": 1123693000,
    "ebitdaratio": 0.8389255832,
    "operatingIncome": 579698000,
    "operatingIncomeRatio": 0.4327903464,
    "totalOtherIncomeExpensesNet": -303088000,
    "incomeBeforeTax": 276610000,
    "incomeBeforeTaxRatio": 0.206511214,
    "incomeTaxExpense": 15642000,
    "netIncome": 259391000,
    "netIncomeRatio": 0.1936558704,
    "eps": 0.3,
    "epsdiluted": 0.29,
    "weightedAverageShsOut": 870319000,
    "weightedAverageShsOutDil": 870725000,
    "link": "https://www.sec.gov/Archives/edgar/data/726728/000072672824000118/0000726728-24-000118-index.htm",
    "finalLink": "https://www.sec.gov/Archives/edgar/data/726728/000072672824000118/o-20240630.htm"
  },
  {
    "date": "2024-03-31",
    "symbol": "O",
    "reportedCurrency": "USD",
    "cik": "0000726728",
    "fillingDate": "2024-05-07",
    "acceptedDate": "2024-05-07 16:15:51",
    "calendarYear": "2024",
    "period": "Q1",
    "revenue": 1260485000,
    "costOfRevenue": 89361000,
    "grossProfit": 1171124000,
    "grossProfitRatio": 0.92910586,
    "researchAndDevelopmentExpenses": 0,
    "generalAndAdministrativeExpenses": 40842000,
    "sellingAndMarketingExpenses": 0,
    "sellingGeneralAndAdministrativeExpenses": 40842000,
    "otherExpenses": 581064000,
    "operatingExpenses": 621906000,
    "costAndExpenses": 711267000,
    "interestIncome": 0,
    "interestExpense": 0,
    "depreciationAndAmortization": 581064000,
    "ebitda": 969989000,
    "ebitdaratio": 0.7695363293,
    "operatingIncome": 549218000,
    "operatingIncomeRatio": 0.4357195841,
    "totalOtherIncomeExpensesNet": -399817000,
    "incomeBeforeTax": 149401000,
    "incomeBeforeTaxRatio": 0.1185265989,
    "incomeTaxExpense": 15502000,
    "netIncome": 132284000,
    "netIncomeRatio": 0.1049469054,
    "eps": 0.16,
    "epsdiluted": 0.16,
    "weightedAverageShsOut": 834940000,
    "weightedAverageShsOutDil": 835242000,
    "link": "https://www.sec.gov/Archives/edgar/data/726728/000072672824000077/0000726728-24-000077-index.htm",
    "finalLink": "https://www.sec.gov/Archives/edgar/data/726728/000072672824000077/o-20240331.htm"
  },
  {
    "date": "2023-12-31",
    "symbol": "O",
    "reportedCurrency": "USD",
    "cik": "0000726728",
    "fillingDate": "2024-02-21",
    "acceptedDate": "2024-02-21 16:16:06",
    "calendarYear": "2023",
    "period": "Q4",
    "revenue": 1076285000,
    "costOfRevenue": 81883000,
    "grossProfit": 994402000,
    "grossProfitRatio": 0.9239207087,
    "researchAndDevelopmentExpenses": 0,
    "generalAndAdministrativeExpenses": 38015000,
    "sellingAndMarketingExpenses": 0,
    "sellingGeneralAndAdministrativeExpenses": 38015000,
    "otherExpenses": 475856000,
    "operatingExpenses": 513871000,
    "costAndExpenses": 595754000,
    "interestIncome": 0,
    "interestExpense": 0,
    "depreciationAndAmortization": 475856000,
    "ebitda": 931219000,
    "ebitdaratio": 0.8652159976,
    "operatingIncome": 480531000,
    "operatingIncomeRatio": 0.4464718917,
    "totalOtherIncomeExpensesNet": -244966000,
    "incomeBeforeTax": 235565000,
    "incomeBeforeTaxRatio": 0.2188686082,
    "incomeTaxExpense": 15803000,
    "netIncome": 218405000,
    "netIncomeRatio": 0.2029248758,
    "eps": 0.3,
    "epsdiluted": 0.3,
    "weightedAverageShsOut": 724598000,
    "weightedAverageShsOutDil": 726859000,
    "link": "https://www.sec.gov/Archives/edgar/data/726728/000072672824000047/0000726728-24-000047-index.htm",
    "finalLink": "https://www.sec.gov/Archives/edgar/data/726728/000072672824000047/o-20231231.htm"
  },
  {
    "date": "2023-09-30",
    "symbol": "O",
    "reportedCurrency": "USD",
    "cik": "0000726728",
    "fillingDate": "2023-11-07",
    "acceptedDate": "2023-11-07 16:02:26",
    "calendarYear": "2023",
    "period": "Q3",
    "revenue": 1039104000,
    "costOfRevenue": 70981000,
    "grossProfit": 968123000,
    "grossProfitRatio": 0.9316901869,
    "researchAndDevelopmentExpenses": 0,
    "generalAndAdministrativeExpenses": 35525000,
    "sellingAndMarketingExpenses": 0,
    "sellingGeneralAndAdministrativeExpenses": 35525000,
    "otherExpenses": 495566000,
    "operatingExpenses": 531091000,
    "costAndExpenses": 602072000,
    "interestIncome": 0,
    "interestExpense": 0,
    "depreciationAndAmortization": 495566000,
    "ebitda": 936592000,
    "ebitdaratio": 0.9013457748,
    "operatingIncome": 437032000,
    "operatingIncomeRatio": 0.4205854274,
    "totalOtherIncomeExpensesNet": -191819000,
    "incomeBeforeTax": 245213000,
    "incomeBeforeTaxRatio": 0.235985041,
    "incomeTaxExpense": 11336000,
    "netIncome": 233473000,
    "netIncomeRatio": 0.2246868456,
    "eps": 0.33,
    "epsdiluted": 0.33,
    "weightedAverageShsOut": 709165000,
    "weightedAverageShsOutDil": 709543000,
    "link": "https://www.sec.gov/Archives/edgar/data/726728/000072672823000115/0000726728-23-000115-index.htm",
    "finalLink": "https://www.sec.gov/Archives/edgar/data/726728/000072672823000115/o-20230930.htm"
  },
  {
    "date": "2023-06-30",
    "symbol": "O",
    "reportedCurrency": "USD",
    "cik": "0000726728",
    "fillingDate": "2023-08-03",
    "acceptedDate": "2023-08-03 16:04:51",
    "calendarYear": "2023",
    "period": "Q2",
    "revenue": 1019205000,
    "costOfRevenue": 94703000,
    "grossProfit": 924502000,
    "grossProfitRatio": 0.9070814998,
    "researchAndDevelopmentExpenses": 0,
    "generalAndAdministrativeExpenses": 36829000,
    "sellingAndMarketingExpenses": 0,
    "sellingGeneralAndAdministrativeExpenses": 36829000,
    "otherExpenses": 472278000,
    "operatingExpenses": 509107000,
    "costAndExpenses": 603810000,
    "interestIncome": 0,
    "interestExpense": 0,
    "depreciationAndAmortization": 472278000,
    "ebitda": 860209000,
    "ebitdaratio": 0.8439999804,
    "operatingIncome": 415395000,
    "operatingIncomeRatio": 0.407567663,
    "totalOtherIncomeExpensesNet": -205310000,
    "incomeBeforeTax": 210085000,
    "incomeBeforeTaxRatio": 0.2061263436,
    "incomeTaxExpense": 12932000,
    "netIncome": 195415000,
    "netIncomeRatio": 0.1917327721,
    "eps": 0.29,
    "epsdiluted": 0.29,
    "weightedAverageShsOut": 674109000,
    "weightedAverageShsOutDil": 674593000,
    "link": "https://www.sec.gov/Archives/edgar/data/726728/000072672823000107/0000726728-23-000107-index.htm",
    "finalLink": "https://www.sec.gov/Archives/edgar/data/726728/000072672823000107/o-20230630.htm"
  },
  {
    "date": "2023-03-31",
    "symbol": "O",
    "reportedCurrency": "USD",
    "cik": "0000726728",
    "fillingDate": "2023-05-04",
    "acceptedDate": "2023-05-04 16:06:32",
    "calendarYear": "2023",
    "period": "Q1",
    "revenue": 944399000,
    "costOfRevenue": 69397000,
    "grossProfit": 875002000,
    "grossProfitRatio": 0.9265172877,
    "researchAndDevelopmentExpenses": 0,
    "generalAndAdministrativeExpenses": 34167000,
    "sellingAndMarketingExpenses": 0,
    "sellingGeneralAndAdministrativeExpenses": 34167000,
    "otherExpenses": 451477000,
    "operatingExpenses": 485644000,
    "costAndExpenses": 555041000,
    "interestIncome": 0,
    "interestExpense": 0,
    "depreciationAndAmortization": 451477000,
    "ebitda": 856815000,
    "ebitdaratio": 0.9072595375,
    "operatingIncome": 389358000,
    "operatingIncomeRatio": 0.4122812498,
    "totalOtherIncomeExpensesNet": -151286000,
    "incomeBeforeTax": 238072000,
    "incomeBeforeTaxRatio": 0.2520883652,
    "incomeTaxExpense": 11950000,
    "netIncome": 225016000,
    "netIncomeRatio": 0.2382637,
    "eps": 0.34,
    "epsdiluted": 0.34,
    "weightedAverageShsOut": 660462399,
    "weightedAverageShsOutDil": 661238844,
    "link": "https://www.sec.gov/Archives/edgar/data/726728/000072672823000068/0000726728-23-000068-index.htm",
    "finalLink": "https://www.sec.gov/Archives/edgar/data/726728/000072672823000068/o-20230331.htm"
  },
  {
    "date": "2022-12-31",
    "symbol": "O",
    "reportedCurrency": "USD",
    "cik": "0000726728",
    "fillingDate": "2023-02-22",
    "acceptedDate": "2023-02-22 16:07:07",
    "calendarYear": "2022",
    "period": "Q4",
    "revenue": 888650000,
    "costOfRevenue": 69089000,
    "grossProfit": 819561000,
    "grossProfitRatio": 0.9222539808,
    "researchAndDevelopmentExpenses": 0,
    "generalAndAdministrativeExpenses": 37525000,
    "sellingAndMarketingExpenses": 0,
    "sellingGeneralAndAdministrativeExpenses": 37525000,
    "otherExpenses": 438174000,
    "operatingExpenses": 475699000,
    "costAndExpenses": 544788000,
    "interestIncome": 0,
    "interestExpense": 0,
    "depreciationAndAmortization": 438174000,
    "ebitda": 745560000,
    "ebitdaratio": 0.838980476,
    "operatingIncome": 343862000,
    "operatingIncomeRatio": 0.3869487425,
    "totalOtherIncomeExpensesNet": -106145000,
    "incomeBeforeTax": 237717000,
    "incomeBeforeTaxRatio": 0.2675035166,
    "incomeTaxExpense": 9381000,
    "netIncome": 227265000,
    "netIncomeRatio": 0.2557418556,
    "eps": 0.36,
    "epsdiluted": 0.36,
    "weightedAverageShsOut": 633373847,
    "weightedAverageShsOutDil": 635637335,
    "link": "https://www.sec.gov/Archives/edgar/data/726728/000072672823000044/0000726728-23-000044-index.htm",
    "finalLink": "https://www.sec.gov/Archives/edgar/data/726728/000072672823000044/o-20221231.htm"
  },
  {
    "date": "2022-09-30",
    "symbol": "O",
    "reportedCurrency": "USD",
    "cik": "0000726728",
    "fillingDate": "2022-11-03",
    "acceptedDate": "2022-11-03 16:04:53",
    "calendarYear": "2022",
    "period": "Q3",
    "revenue": 837269000,
    "costOfRevenue": 52719000,
    "grossProfit": 784550000,
    "grossProfitRatio": 0.9370345731,
    "researchAndDevelopmentExpenses": 0,
    "generalAndAdministrativeExpenses": 34096000,
    "sellingAndMarketingExpenses": 0,
    "sellingGeneralAndAdministrativeExpenses": 34096000,
    "otherExpenses": 419016000,
    "operatingExpenses": 453112000,
    "costAndExpenses": 505831000,
    "interestIncome": 0,
    "interestExpense": 0,
    "depreciationAndAmortization": 419016000,
    "ebitda": 780219000,
    "ebitdaratio": 0.9318618031,
    "operatingIncome": 331438000,
    "operatingIncomeRatio": 0.395856051,
    "totalOtherIncomeExpensesNet": -100988000,
    "incomeBeforeTax": 230450000,
    "incomeBeforeTaxRatio": 0.2752400961,
    "incomeTaxExpense": 10163000,
    "netIncome": 219567000,
    "netIncomeRatio": 0.262241884,
    "eps": 0.36,
    "epsdiluted": 0.36,
    "weightedAverageShsOut": 617512000,
    "weightedAverageShsOutDil": 617957039,
    "link": "https://www.sec.gov/Archives/edgar/data/726728/000072672822000121/0000726728-22-000121-index.htm",
    "finalLink": "https://www.sec.gov/Archives/edgar/data/726728/000072672822000121/o-20220930.htm"
  },
  {
    "date": "2022-06-30",
    "symbol": "O",
    "reportedCurrency": "USD",
    "cik": "0000726728",
    "fillingDate": "2022-08-04",
    "acceptedDate": "2022-08-04 16:00:25",
    "calendarYear": "2022",
    "period": "Q2",
    "revenue": 810419000,
    "costOfRevenue": 52180000,
    "grossProfit": 758239000,
    "grossProfitRatio": 0.935613553,
    "researchAndDevelopmentExpenses": 0,
    "generalAndAdministrativeExpenses": 34139000,
    "sellingAndMarketingExpenses": 0,
    "sellingGeneralAndAdministrativeExpenses": 34139000,
    "otherExpenses": 409437000,
    "operatingExpenses": 443576000,
    "costAndExpenses": 495756000,
    "interestIncome": 0,
    "interestExpense": 0,
    "depreciationAndAmortization": 409437000,
    "ebitda": 752808000,
    "ebitdaratio": 0.9289120813,
    "operatingIncome": 314663000,
    "operatingIncomeRatio": 0.3882719926,
    "totalOtherIncomeExpensesNet": -76183000,
    "incomeBeforeTax": 238480000,
    "incomeBeforeTaxRatio": 0.2942675332,
    "incomeTaxExpense": 14658000,
    "netIncome": 223207000,
    "netIncomeRatio": 0.2754217263,
    "eps": 0.37,
    "epsdiluted": 0.37,
    "weightedAverageShsOut": 601672000,
    "weightedAverageShsOutDil": 602030666,
    "link": "https://www.sec.gov/Archives/edgar/data/726728/000072672822000103/0000726728-22-000103-index.htm",
    "finalLink": "https://www.sec.gov/Archives/edgar/data/726728/000072672822000103/o-20220630.htm"
  },
  {
    "date": "2022-03-31",
    "symbol": "O",
    "reportedCurrency": "USD",
    "cik": "0000726728",
    "fillingDate": "2022-05-05",
    "acceptedDate": "2022-05-05 16:07:36",
    "calendarYear": "2022",
    "period": "Q1",
    "revenue": 807343000,
    "costOfRevenue": 52342000,
    "grossProfit": 755001000,
    "grossProfitRatio": 0.9351675806,
    "researchAndDevelopmentExpenses": 0,
    "generalAndAdministrativeExpenses": 32699000,
    "sellingAndMarketingExpenses": 0,
    "sellingGeneralAndAdministrativeExpenses": 32699000,
    "otherExpenses": 403762000,
    "operatingExpenses": 436461000,
    "costAndExpenses": 488803000,
    "interestIncome": 0,
    "interestExpense": 0,
    "depreciationAndAmortization": 403762000,
    "ebitda": 735636000,
    "ebitdaratio": 0.9111814929,
    "operatingIncome": 318540000,
    "operatingIncomeRatio": 0.3945534921,
    "totalOtherIncomeExpensesNet": -107588000,
    "incomeBeforeTax": 210952000,
    "incomeBeforeTaxRatio": 0.2612916691,
    "incomeTaxExpense": 10981000,
    "netIncome": 199369000,
    "netIncomeRatio": 0.2469446072,
    "eps": 0.34,
    "epsdiluted": 0.34,
    "weightedAverageShsOut": 593827299,
    "weightedAverageShsOutDil": 594041839,
    "link": "https://www.sec.gov/Archives/edgar/data/726728/000072672822000056/0000726728-22-000056-index.htm",
    "finalLink": "https://www.sec.gov/Archives/edgar/data/726728/000072672822000056/o-20220331.htm"
  },
  {
    "date": "2021-12-31",
    "symbol": "O",
    "reportedCurrency": "USD",
    "cik": "0000726728",
    "fillingDate": "2022-02-23",
    "acceptedDate": "2022-02-23 16:07:21",
    "calendarYear": "2021",
    "period": "Q4",
    "revenue": 681502000,
    "costOfRevenue": 43710000,
    "grossProfit": 637792000,
    "grossProfitRatio": 0.9358622572,
    "researchAndDevelopmentExpenses": 0,
    "generalAndAdministrativeExpenses": 30522000,
    "sellingAndMarketingExpenses": 0,
    "sellingGeneralAndAdministrativeExpenses": 30522000,
    "otherExpenses": 333229000,
    "operatingExpenses": 363751000,
    "costAndExpenses": 407461000,
    "interestIncome": 0,
    "interestExpense": 0,
    "depreciationAndAmortization": 333229000,
    "ebitda": 456184000,
    "ebitdaratio": 0.6693802806,
    "operatingIncome": 274041000,
    "operatingIncomeRatio": 0.4021132733,
    "totalOtherIncomeExpensesNet": -259446000,
    "incomeBeforeTax": 14595000,
    "incomeBeforeTaxRatio": 0.0214159313,
    "incomeTaxExpense": 10128000,
    "netIncome": 4041000,
    "netIncomeRatio": 0.0059295497,
    "eps": 0.01,
    "epsdiluted": 0.01,
    "weightedAverageShsOut": 591261991,
    "weightedAverageShsOutDil": 591261991,
    "link": "https://www.sec.gov/Archives/edgar/data/726728/000072672822000046/0000726728-22-000046-index.htm",
    "finalLink": "https://www.sec.gov/Archives/edgar/data/726728/000072672822000046/o-20211231.htm"
  },
  {
    "date": "2021-09-30",
    "symbol": "O",
    "reportedCurrency": "USD",
    "cik": "0000726728",
    "fillingDate": "2021-11-02",
    "acceptedDate": "2021-11-02 16:07:09",
    "calendarYear": "2021",
    "period": "Q3",
    "revenue": 489891000,
    "costOfRevenue": 29662000,
    "grossProfit": 460229000,
    "grossProfitRatio": 0.9394518372,
    "researchAndDevelopmentExpenses": 0,
    "generalAndAdministrativeExpenses": 23813000,
    "sellingAndMarketingExpenses": 0,
    "sellingGeneralAndAdministrativeExpenses": 23813000,
    "otherExpenses": 198832000,
    "operatingExpenses": 222645000,
    "costAndExpenses": 252307000,
    "interestIncome": 0,
    "interestExpense": 0,
    "depreciationAndAmortization": 198832000,
    "ebitda": 412314000,
    "ebitdaratio": 0.8416443658,
    "operatingIncome": 237584000,
    "operatingIncomeRatio": 0.4849731879,
    "totalOtherIncomeExpensesNet": -96229000,
    "incomeBeforeTax": 141355000,
    "incomeBeforeTaxRatio": 0.2885437781,
    "incomeTaxExpense": 6079000,
    "netIncome": 134996000,
    "netIncomeRatio": 0.2755633396,
    "eps": 0.34,
    "epsdiluted": 0.34,
    "weightedAverageShsOut": 391913478,
    "weightedAverageShsOutDil": 392050401,
    "link": "https://www.sec.gov/Archives/edgar/data/726728/000072672821000104/0000726728-21-000104-index.htm",
    "finalLink": "https://www.sec.gov/Archives/edgar/data/726728/000072672821000104/o-20210930.htm"
  },
  {
    "date": "2021-06-30",
    "symbol": "O",
    "reportedCurrency": "USD",
    "cik": "0000726728",
    "fillingDate": "2021-08-03",
    "acceptedDate": "2021-08-03 16:11:29",
    "calendarYear": "2021",
    "period": "Q2",
    "revenue": 463298000,
    "costOfRevenue": 31734000,
    "grossProfit": 431564000,
    "grossProfitRatio": 0.9315041291,
    "researchAndDevelopmentExpenses": 0,
    "generalAndAdministrativeExpenses": 21849000,
    "sellingAndMarketingExpenses": 0,
    "sellingGeneralAndAdministrativeExpenses": 21849000,
    "otherExpenses": 187789000,
    "operatingExpenses": 209638000,
    "costAndExpenses": 241372000,
    "interestIncome": 0,
    "interestExpense": 0,
    "depreciationAndAmortization": 187789000,
    "ebitda": 391109000,
    "ebitdaratio": 0.8441845205,
    "operatingIncome": 221926000,
    "operatingIncomeRatio": 0.4790135075,
    "totalOtherIncomeExpensesNet": -87933000,
    "incomeBeforeTax": 133993000,
    "incomeBeforeTaxRatio": 0.2892155805,
    "incomeTaxExpense": 9225000,
    "netIncome": 124479000,
    "netIncomeRatio": 0.2686802015,
    "eps": 0.33,
    "epsdiluted": 0.33,
    "weightedAverageShsOut": 374236424,
    "weightedAverageShsOutDil": 374341023,
    "link": "https://www.sec.gov/Archives/edgar/data/726728/000072672821000092/0000726728-21-000092-index.htm",
    "finalLink": "https://www.sec.gov/Archives/edgar/data/726728/000072672821000092/o-20210630.htm"
  },
  {
    "date": "2021-03-31",
    "symbol": "O",
    "reportedCurrency": "USD",
    "cik": "0000726728",
    "fillingDate": "2021-05-04",
    "acceptedDate": "2021-05-04 16:08:06",
    "calendarYear": "2021",
    "period": "Q1",
    "revenue": 442254000,
    "costOfRevenue": 28499000,
    "grossProfit": 413755000,
    "grossProfitRatio": 0.9355596558,
    "researchAndDevelopmentExpenses": 0,
    "generalAndAdministrativeExpenses": 20796000,
    "sellingAndMarketingExpenses": 0,
    "sellingGeneralAndAdministrativeExpenses": 20796000,
    "otherExpenses": 177985000,
    "operatingExpenses": 198781000,
    "costAndExpenses": 227280000,
    "interestIncome": 0,
    "interestExpense": 0,
    "depreciationAndAmortization": 177985000,
    "ebitda": 349565000,
    "ebitdaratio": 0.7904168193,
    "operatingIncome": 214974000,
    "operatingIncomeRatio": 0.4860871807,
    "totalOtherIncomeExpensesNet": -112513000,
    "incomeBeforeTax": 102461000,
    "incomeBeforeTaxRatio": 0.2316790803,
    "incomeTaxExpense": 6225000,
    "netIncome": 95940000,
    "netIncomeRatio": 0.21693416,
    "eps": 0.26,
    "epsdiluted": 0.26,
    "weightedAverageShsOut": 371522607,
    "weightedAverageShsOutDil": 371601901,
    "link": "https://www.sec.gov/Archives/edgar/data/726728/000072672821000049/0000726728-21-000049-index.htm",
    "finalLink": "https://www.sec.gov/Archives/edgar/data/726728/000072672821000049/o-20210331.htm"
  },
  {
    "date": "2020-12-31",
    "symbol": "O",
    "reportedCurrency": "USD",
    "cik": "0000726728",
    "fillingDate": "2021-02-23",
    "acceptedDate": "2021-02-23 16:24:32",
    "calendarYear": "2020",
    "period": "Q4",
    "revenue": 418076000,
    "costOfRevenue": 27135000,
    "grossProfit": 390941000,
    "grossProfitRatio": 0.9350955329,
    "researchAndDevelopmentExpenses": 0,
    "generalAndAdministrativeExpenses": 16674000,
    "sellingAndMarketingExpenses": 0,
    "sellingGeneralAndAdministrativeExpenses": 16674000,
    "otherExpenses": 175041000,
    "operatingExpenses": 191715000,
    "costAndExpenses": 218850000,
    "interestIncome": 0,
    "interestExpense": 0,
    "depreciationAndAmortization": 175041000,
    "ebitda": 371539000,
    "ebitdaratio": 0.8886877027,
    "operatingIncome": 199226000,
    "operatingIncomeRatio": 0.476530583,
    "totalOtherIncomeExpensesNet": -76576000,
    "incomeBeforeTax": 122650000,
    "incomeBeforeTaxRatio": 0.293367713,
    "incomeTaxExpense": 4500000,
    "netIncome": 117931000,
    "netIncomeRatio": 0.2820802916,
    "eps": 0.33,
    "epsdiluted": 0.33,
    "weightedAverageShsOut": 357366667,
    "weightedAverageShsOutDil": 357366667,
    "link": "https://www.sec.gov/Archives/edgar/data/726728/000072672821000043/0000726728-21-000043-index.htm",
    "finalLink": "https://www.sec.gov/Archives/edgar/data/726728/000072672821000043/o-20201231.htm"
  },
  {
    "date": "2020-09-30",
    "symbol": "O",
    "reportedCurrency": "USD",
    "cik": "0000726728",
    "fillingDate": "2020-11-03",
    "acceptedDate": "2020-11-03 16:07:07",
    "calendarYear": "2020",
    "period": "Q3",
    "revenue": 404572000,
    "costOfRevenue": 25410000,
    "grossProfit": 379162000,
    "grossProfitRatio": 0.9371928853,
    "researchAndDevelopmentExpenses": 0,
    "generalAndAdministrativeExpenses": 16514000,
    "sellingAndMarketingExpenses": 0,
    "sellingGeneralAndAdministrativeExpenses": 16514000,
    "otherExpenses": 169084000,
    "operatingExpenses": 185598000,
    "costAndExpenses": 211008000,
    "interestIncome": 0,
    "interestExpense": 0,
    "depreciationAndAmortization": 169084000,
    "ebitda": 269961000,
    "ebitdaratio": 0.6672755406,
    "operatingIncome": 193564000,
    "operatingIncomeRatio": 0.4784414146,
    "totalOtherIncomeExpensesNet": -165829000,
    "incomeBeforeTax": 27735000,
    "incomeBeforeTaxRatio": 0.0685539286,
    "incomeTaxExpense": 4592000,
    "netIncome": 22904000,
    "netIncomeRatio": 0.0566129144,
    "eps": 0.07,
    "epsdiluted": 0.07,
    "weightedAverageShsOut": 327200000,
    "weightedAverageShsOutDil": 327200000,
    "link": "https://www.sec.gov/Archives/edgar/data/726728/000072672820000100/0000726728-20-000100-index.htm",
    "finalLink": "https://www.sec.gov/Archives/edgar/data/726728/000072672820000100/o-20200930.htm"
  },
  {
    "date": "2020-06-30",
    "symbol": "O",
    "reportedCurrency": "USD",
    "cik": "0000726728",
    "fillingDate": "2020-08-04",
    "acceptedDate": "2020-08-04 16:06:18",
    "calendarYear": "2020",
    "period": "Q2",
    "revenue": 414636000,
    "costOfRevenue": 26452000,
    "grossProfit": 388184000,
    "grossProfitRatio": 0.9362042852,
    "researchAndDevelopmentExpenses": 0,
    "generalAndAdministrativeExpenses": 19063000,
    "sellingAndMarketingExpenses": 0,
    "sellingGeneralAndAdministrativeExpenses": 19063000,
    "otherExpenses": 168328000,
    "operatingExpenses": 187391000,
    "costAndExpenses": 213843000,
    "interestIncome": 0,
    "interestExpense": 0,
    "depreciationAndAmortization": 168328000,
    "ebitda": 352921000,
    "ebitdaratio": 0.8511586066,
    "operatingIncome": 200793000,
    "operatingIncomeRatio": 0.4842633056,
    "totalOtherIncomeExpensesNet": -89885000,
    "incomeBeforeTax": 110908000,
    "incomeBeforeTaxRatio": 0.2674828042,
    "incomeTaxExpense": 2838000,
    "netIncome": 107824000,
    "netIncomeRatio": 0.2600449551,
    "eps": 0.31,
    "epsdiluted": 0.31,
    "weightedAverageShsOut": 343515406,
    "weightedAverageShsOutDil": 343685259,
    "link": "https://www.sec.gov/Archives/edgar/data/726728/000072672820000077/0000726728-20-000077-index.htm",
    "finalLink": "https://www.sec.gov/Archives/edgar/data/726728/000072672820000077/o-20200630.htm"
  },
  {
    "date": "2020-03-31",
    "symbol": "O",
    "reportedCurrency": "USD",
    "cik": "0000726728",
    "fillingDate": "2020-05-05",
    "acceptedDate": "2020-05-05 16:13:44",
    "calendarYear": "2020",
    "period": "Q1",
    "revenue": 414341000,
    "costOfRevenue": 25606000,
    "grossProfit": 388735000,
    "grossProfitRatio": 0.9382006608,
    "researchAndDevelopmentExpenses": 0,
    "generalAndAdministrativeExpenses": 20964000,
    "sellingAndMarketingExpenses": 0,
    "sellingGeneralAndAdministrativeExpenses": 20964000,
    "otherExpenses": 164585000,
    "operatingExpenses": 185549000,
    "costAndExpenses": 211155000,
    "interestIncome": 0,
    "interestExpense": 0,
    "depreciationAndAmortization": 164585000,
    "ebitda": 386034000,
    "ebitdaratio": 0.9316818756,
    "operatingIncome": 203186000,
    "operatingIncomeRatio": 0.4903835247,
    "totalOtherIncomeExpensesNet": -53280000,
    "incomeBeforeTax": 149906000,
    "incomeBeforeTaxRatio": 0.3617937882,
    "incomeTaxExpense": 2763000,
    "netIncome": 146827000,
    "netIncomeRatio": 0.3543627109,
    "eps": 0.44,
    "epsdiluted": 0.44,
    "weightedAverageShsOut": 336624567,
    "weightedAverageShsOutDil": 336976515,
    "link": "https://www.sec.gov/Archives/edgar/data/726728/000072672820000042/0000726728-20-000042-index.htm",
    "finalLink": "https://www.sec.gov/Archives/edgar/data/726728/000072672820000042/o-03312010qdocument.htm"
  },
  {
    "date": "2019-12-31",
    "symbol": "O",
    "reportedCurrency": "USD",
    "cik": "0000726728",
    "fillingDate": "2020-02-24",
    "acceptedDate": "2020-02-24 06:05:54",
    "calendarYear": "2019",
    "period": "Q4",
    "revenue": 397529000,
    "costOfRevenue": 25253000,
    "grossProfit": 372276000,
    "grossProfitRatio": 0.9364750748,
    "researchAndDevelopmentExpenses": 0,
    "generalAndAdministrativeExpenses": 16330000,
    "sellingAndMarketingExpenses": 0,
    "sellingGeneralAndAdministrativeExpenses": 16330000,
    "otherExpenses": 156594000,
    "operatingExpenses": 172924000,
    "costAndExpenses": 198177000,
    "interestIncome": 0,
    "interestExpense": 0,
    "depreciationAndAmortization": 156594000,
    "ebitda": 358748000,
    "ebitdaratio": 0.9024448531,
    "operatingIncome": 199352000,
    "operatingIncomeRatio": 0.5014778796,
    "totalOtherIncomeExpensesNet": -68063000,
    "incomeBeforeTax": 131289000,
    "incomeBeforeTaxRatio": 0.3302626978,
    "incomeTaxExpense": 1736000,
    "netIncome": 129297000,
    "netIncomeRatio": 0.3252517426,
    "eps": 0.39,
    "epsdiluted": 0.39,
    "weightedAverageShsOut": 328565734,
    "weightedAverageShsOutDil": 329364027,
    "link": "https://www.sec.gov/Archives/edgar/data/726728/000072672820000033/0000726728-20-000033-index.htm",
    "finalLink": "https://www.sec.gov/Archives/edgar/data/726728/000072672820000033/realtyincome10k2019.htm"
  },
  {
    "date": "2019-09-30",
    "symbol": "O",
    "reportedCurrency": "USD",
    "cik": "0000726728",
    "fillingDate": "2019-11-05",
    "acceptedDate": "2019-11-05 16:13:44",
    "calendarYear": "2019",
    "period": "Q3",
    "revenue": 374247000,
    "costOfRevenue": 20354000,
    "grossProfit": 353893000,
    "grossProfitRatio": 0.9456134585,
    "researchAndDevelopmentExpenses": 0,
    "generalAndAdministrativeExpenses": 16460000,
    "sellingAndMarketingExpenses": 0,
    "sellingGeneralAndAdministrativeExpenses": 16460000,
    "otherExpenses": 149424000,
    "operatingExpenses": 165884000,
    "costAndExpenses": 186238000,
    "interestIncome": 0,
    "interestExpense": 0,
    "depreciationAndAmortization": 149424000,
    "ebitda": 321727000,
    "ebitdaratio": 0.8596648737,
    "operatingIncome": 188009000,
    "operatingIncomeRatio": 0.5023660844,
    "totalOtherIncomeExpensesNet": -84912000,
    "incomeBeforeTax": 103097000,
    "incomeBeforeTaxRatio": 0.2754784941,
    "incomeTaxExpense": 1822000,
    "netIncome": 101049000,
    "netIncomeRatio": 0.2700061724,
    "eps": 0.32,
    "epsdiluted": 0.32,
    "weightedAverageShsOut": 319945932,
    "weightedAverageShsOutDil": 320263017,
    "link": "https://www.sec.gov/Archives/edgar/data/726728/000072672819000094/0000726728-19-000094-index.htm",
    "finalLink": "https://www.sec.gov/Archives/edgar/data/726728/000072672819000094/o-09301910qdocument1.htm"
  },
  {
    "date": "2019-06-30",
    "symbol": "O",
    "reportedCurrency": "USD",
    "cik": "0000726728",
    "fillingDate": "2019-08-06",
    "acceptedDate": "2019-08-06 15:45:00",
    "calendarYear": "2019",
    "period": "Q2",
    "revenue": 365450000,
    "costOfRevenue": 21342000,
    "grossProfit": 344108000,
    "grossProfitRatio": 0.9416007662,
    "researchAndDevelopmentExpenses": 0,
    "generalAndAdministrativeExpenses": 18585000,
    "sellingAndMarketingExpenses": 0,
    "sellingGeneralAndAdministrativeExpenses": 18585000,
    "otherExpenses": 150426000,
    "operatingExpenses": 169011000,
    "costAndExpenses": 190353000,
    "interestIncome": 0,
    "interestExpense": 0,
    "depreciationAndAmortization": 150426000,
    "ebitda": 315649000,
    "ebitdaratio": 0.863726912,
    "operatingIncome": 175097000,
    "operatingIncomeRatio": 0.4791271036,
    "totalOtherIncomeExpensesNet": -78522000,
    "incomeBeforeTax": 96575000,
    "incomeBeforeTaxRatio": 0.2642632371,
    "incomeTaxExpense": 1155000,
    "netIncome": 95194000,
    "netIncomeRatio": 0.2604843344,
    "eps": 0.31,
    "epsdiluted": 0.31,
    "weightedAverageShsOut": 311032972,
    "weightedAverageShsOutDil": 311322162,
    "link": "https://www.sec.gov/Archives/edgar/data/726728/000072672819000079/0000726728-19-000079-index.htm",
    "finalLink": "https://www.sec.gov/Archives/edgar/data/726728/000072672819000079/o-06301910qdocument.htm"
  },
  {
    "date": "2019-03-31",
    "symbol": "O",
    "reportedCurrency": "USD",
    "cik": "0000726728",
    "fillingDate": "2019-05-02",
    "acceptedDate": "2019-05-02 16:28:05",
    "calendarYear": "2019",
    "period": "Q1",
    "revenue": 354365000,
    "costOfRevenue": 21636000,
    "grossProfit": 332729000,
    "grossProfitRatio": 0.9389443088,
    "researchAndDevelopmentExpenses": 0,
    "generalAndAdministrativeExpenses": 15108000,
    "sellingAndMarketingExpenses": 0,
    "sellingGeneralAndAdministrativeExpenses": 15108000,
    "otherExpenses": 137517000,
    "operatingExpenses": 152625000,
    "costAndExpenses": 174261000,
    "interestIncome": 0,
    "interestExpense": 0,
    "depreciationAndAmortization": 137517000,
    "ebitda": 316424000,
    "ebitdaratio": 0.8929324284,
    "operatingIncome": 180104000,
    "operatingIncomeRatio": 0.5082443244,
    "totalOtherIncomeExpensesNet": -67429000,
    "incomeBeforeTax": 112675000,
    "incomeBeforeTaxRatio": 0.3179631171,
    "incomeTaxExpense": 1445000,
    "netIncome": 110942000,
    "netIncomeRatio": 0.3130726793,
    "eps": 0.37,
    "epsdiluted": 0.37,
    "weightedAverageShsOut": 303528336,
    "weightedAverageShsOutDil": 303819878,
    "link": "https://www.sec.gov/Archives/edgar/data/726728/000072672819000049/0000726728-19-000049-index.htm",
    "finalLink": "https://www.sec.gov/Archives/edgar/data/726728/000072672819000049/o-03311910qdocument.htm"
  },
  {
    "date": "2018-12-31",
    "symbol": "O",
    "reportedCurrency": "USD",
    "cik": "0000726728",
    "fillingDate": "2019-02-22",
    "acceptedDate": "2019-02-21 20:17:58",
    "calendarYear": "2018",
    "period": "Q4",
    "revenue": 342576000,
    "costOfRevenue": 17732000,
    "grossProfit": 324844000,
    "grossProfitRatio": 0.9482392228,
    "researchAndDevelopmentExpenses": 0,
    "generalAndAdministrativeExpenses": 34178000,
    "sellingAndMarketingExpenses": 0,
    "sellingGeneralAndAdministrativeExpenses": 34178000,
    "otherExpenses": 137711000,
    "operatingExpenses": 171889000,
    "costAndExpenses": 189621000,
    "interestIncome": 0,
    "interestExpense": 0,
    "depreciationAndAmortization": 137711000,
    "ebitda": 290540000,
    "ebitdaratio": 0.8481037784,
    "operatingIncome": 152955000,
    "operatingIncomeRatio": 0.4464848676,
    "totalOtherIncomeExpensesNet": -66045000,
    "incomeBeforeTax": 86910000,
    "incomeBeforeTaxRatio": 0.2536955303,
    "incomeTaxExpense": 1607000,
    "netIncome": 85072000,
    "netIncomeRatio": 0.2483302975,
    "eps": 0.29,
    "epsdiluted": 0.29,
    "weightedAverageShsOut": 293351724,
    "weightedAverageShsOutDil": 293351724,
    "link": "https://www.sec.gov/Archives/edgar/data/726728/000072672819000038/0000726728-19-000038-index.htm",
    "finalLink": "https://www.sec.gov/Archives/edgar/data/726728/000072672819000038/realtyincome10k2018.htm"
  },
  {
    "date": "2018-09-30",
    "symbol": "O",
    "reportedCurrency": "USD",
    "cik": "0000726728",
    "fillingDate": "2018-11-01",
    "acceptedDate": "2018-11-01 16:24:08",
    "calendarYear": "2018",
    "period": "Q3",
    "revenue": 338081000,
    "costOfRevenue": 15806000,
    "grossProfit": 322275000,
    "grossProfitRatio": 0.9532478903,
    "researchAndDevelopmentExpenses": 0,
    "generalAndAdministrativeExpenses": 16332000,
    "sellingAndMarketingExpenses": 0,
    "sellingGeneralAndAdministrativeExpenses": 16332000,
    "otherExpenses": 136967000,
    "operatingExpenses": 153299000,
    "costAndExpenses": 169105000,
    "interestIncome": 0,
    "interestExpense": 0,
    "depreciationAndAmortization": 136967000,
    "ebitda": 304437000,
    "ebitdaratio": 0.9004853866,
    "operatingIncome": 168976000,
    "operatingIncomeRatio": 0.4998092173,
    "totalOtherIncomeExpensesNet": -68391000,
    "incomeBeforeTax": 100585000,
    "incomeBeforeTaxRatio": 0.2975174588,
    "incomeTaxExpense": 1302000,
    "netIncome": 98999000,
    "netIncomeRatio": 0.2928262754,
    "eps": 0.34,
    "epsdiluted": 0.34,
    "weightedAverageShsOut": 290664368,
    "weightedAverageShsOutDil": 291207186,
    "link": "https://www.sec.gov/Archives/edgar/data/726728/000072672818000108/0000726728-18-000108-index.htm",
    "finalLink": "https://www.sec.gov/Archives/edgar/data/726728/000072672818000108/o-20180930.htm"
  },
  {
    "date": "2018-06-30",
    "symbol": "O",
    "reportedCurrency": "USD",
    "cik": "0000726728",
    "fillingDate": "2018-08-02",
    "acceptedDate": "2018-08-02 16:09:49",
    "calendarYear": "2018",
    "period": "Q2",
    "revenue": 328886000,
    "costOfRevenue": 16236000,
    "grossProfit": 312650000,
    "grossProfitRatio": 0.9506333502,
    "researchAndDevelopmentExpenses": 0,
    "generalAndAdministrativeExpenses": 17954000,
    "sellingAndMarketingExpenses": 0,
    "sellingGeneralAndAdministrativeExpenses": 17954000,
    "otherExpenses": 133999000,
    "operatingExpenses": 151953000,
    "costAndExpenses": 168189000,
    "interestIncome": 0,
    "interestExpense": 0,
    "depreciationAndAmortization": 133999000,
    "ebitda": 296572000,
    "ebitdaratio": 0.9017471099,
    "operatingIncome": 160697000,
    "operatingIncomeRatio": 0.4886100351,
    "totalOtherIncomeExpensesNet": -62792000,
    "incomeBeforeTax": 97905000,
    "incomeBeforeTaxRatio": 0.2976867364,
    "incomeTaxExpense": 1208000,
    "netIncome": 96380000,
    "netIncomeRatio": 0.2930498714,
    "eps": 0.34,
    "epsdiluted": 0.34,
    "weightedAverageShsOut": 284928969,
    "weightedAverageShsOutDil": 285372256,
    "link": "https://www.sec.gov/Archives/edgar/data/726728/000072672818000087/0000726728-18-000087-index.htm",
    "finalLink": "https://www.sec.gov/Archives/edgar/data/726728/000072672818000087/o-06302018x10q.htm"
  },
  {
    "date": "2018-03-31",
    "symbol": "O",
    "reportedCurrency": "USD",
    "cik": "0000726728",
    "fillingDate": "2018-05-09",
    "acceptedDate": "2018-05-09 16:14:29",
    "calendarYear": "2018",
    "period": "Q1",
    "revenue": 318295000,
    "costOfRevenue": 16552000,
    "grossProfit": 301743000,
    "grossProfitRatio": 0.9479979265,
    "researchAndDevelopmentExpenses": 0,
    "generalAndAdministrativeExpenses": 15684000,
    "sellingAndMarketingExpenses": 0,
    "sellingGeneralAndAdministrativeExpenses": 15684000,
    "otherExpenses": 131103000,
    "operatingExpenses": 146787000,
    "costAndExpenses": 163339000,
    "interestIncome": 0,
    "interestExpense": 0,
    "depreciationAndAmortization": 131103000,
    "ebitda": 274473000,
    "ebitdaratio": 0.8623226881,
    "operatingIncome": 154956000,
    "operatingIncomeRatio": 0.4868313985,
    "totalOtherIncomeExpensesNet": -70418000,
    "incomeBeforeTax": 84538000,
    "incomeBeforeTaxRatio": 0.2655963807,
    "incomeTaxExpense": 1223000,
    "netIncome": 83163000,
    "netIncomeRatio": 0.2612764888,
    "eps": 0.29,
    "epsdiluted": 0.29,
    "weightedAverageShsOut": 283917418,
    "weightedAverageShsOutDil": 284345328,
    "link": "https://www.sec.gov/Archives/edgar/data/726728/000110465918031721/0001104659-18-031721-index.htm",
    "finalLink": "https://www.sec.gov/Archives/edgar/data/726728/000110465918031721/a18-8660_110q.htm"
  },
  {
    "date": "2017-12-31",
    "symbol": "O",
    "reportedCurrency": "USD",
    "cik": "0000726728",
    "fillingDate": "2018-02-22",
    "acceptedDate": "2018-02-22 16:47:24",
    "calendarYear": "2017",
    "period": "Q4",
    "revenue": 310653000,
    "costOfRevenue": 16652000,
    "grossProfit": 294001000,
    "grossProfitRatio": 0.9463967835,
    "researchAndDevelopmentExpenses": 0,
    "generalAndAdministrativeExpenses": 15219000,
    "sellingAndMarketingExpenses": 0,
    "sellingGeneralAndAdministrativeExpenses": 15219000,
    "otherExpenses": 127033000,
    "operatingExpenses": 142252000,
    "costAndExpenses": 158904000,
    "interestIncome": 0,
    "interestExpense": 0,
    "depreciationAndAmortization": 127033000,
    "ebitda": 252047000,
    "ebitdaratio": 0.8113457781,
    "operatingIncome": 151749000,
    "operatingIncomeRatio": 0.4884839355,
    "totalOtherIncomeExpensesNet": -87374000,
    "incomeBeforeTax": 64376000,
    "incomeBeforeTaxRatio": 0.2072280004,
    "incomeTaxExpense": 3423000,
    "netIncome": 60852000,
    "netIncomeRatio": 0.1958841537,
    "eps": 0.22,
    "epsdiluted": 0.22,
    "weightedAverageShsOut": 276600000,
    "weightedAverageShsOutDil": 276600000,
    "link": "https://www.sec.gov/Archives/edgar/data/726728/000110465918011376/0001104659-18-011376-index.htm",
    "finalLink": "https://www.sec.gov/Archives/edgar/data/726728/000110465918011376/a18-1096_110k.htm"
  },
  {
    "date": "2017-09-30",
    "symbol": "O",
    "reportedCurrency": "USD",
    "cik": "0000726728",
    "fillingDate": "2017-10-26",
    "acceptedDate": "2017-10-26 16:07:00",
    "calendarYear": "2017",
    "period": "Q3",
    "revenue": 306920000,
    "costOfRevenue": 17267000,
    "grossProfit": 289653000,
    "grossProfitRatio": 0.94374104,
    "researchAndDevelopmentExpenses": 0,
    "generalAndAdministrativeExpenses": 13881000,
    "sellingAndMarketingExpenses": 0,
    "sellingGeneralAndAdministrativeExpenses": 13881000,
    "otherExpenses": 127569000,
    "operatingExpenses": 141450000,
    "costAndExpenses": 158717000,
    "interestIncome": 0,
    "interestExpense": 0,
    "depreciationAndAmortization": 127569000,
    "ebitda": 277269000,
    "ebitdaratio": 0.9033917633,
    "operatingIncome": 148203000,
    "operatingIncomeRatio": 0.4828717581,
    "totalOtherIncomeExpensesNet": -58997000,
    "incomeBeforeTax": 89206000,
    "incomeBeforeTaxRatio": 0.2906490291,
    "incomeTaxExpense": 1133000,
    "netIncome": 87940000,
    "netIncomeRatio": 0.2865241757,
    "eps": 0.32,
    "epsdiluted": 0.32,
    "weightedAverageShsOut": 275511870,
    "weightedAverageShsOutDil": 276050671,
    "link": "https://www.sec.gov/Archives/edgar/data/726728/000110465917064025/0001104659-17-064025-index.htm",
    "finalLink": "https://www.sec.gov/Archives/edgar/data/726728/000110465917064025/a17-20636_110q.htm"
  },
  {
    "date": "2017-06-30",
    "symbol": "O",
    "reportedCurrency": "USD",
    "cik": "0000726728",
    "fillingDate": "2017-07-27",
    "acceptedDate": "2017-07-27 15:27:45",
    "calendarYear": "2017",
    "period": "Q2",
    "revenue": 300170000,
    "costOfRevenue": 16486000,
    "grossProfit": 283684000,
    "grossProfitRatio": 0.9450777893,
    "researchAndDevelopmentExpenses": 0,
    "generalAndAdministrativeExpenses": 15781000,
    "sellingAndMarketingExpenses": 0,
    "sellingGeneralAndAdministrativeExpenses": 15781000,
    "otherExpenses": 123089000,
    "operatingExpenses": 138870000,
    "costAndExpenses": 155356000,
    "interestIncome": 0,
    "interestExpense": 0,
    "depreciationAndAmortization": 123089000,
    "ebitda": 264889000,
    "ebitdaratio": 0.8824632708,
    "operatingIncome": 144814000,
    "operatingIncomeRatio": 0.4824399507,
    "totalOtherIncomeExpensesNet": -63114000,
    "incomeBeforeTax": 81700000,
    "incomeBeforeTaxRatio": 0.2721790985,
    "incomeTaxExpense": 441000,
    "netIncome": 81136000,
    "netIncomeRatio": 0.2703001632,
    "eps": 0.3,
    "epsdiluted": 0.3,
    "weightedAverageShsOut": 272588332,
    "weightedAverageShsOutDil": 273099487,
    "link": "https://www.sec.gov/Archives/edgar/data/726728/000110465917047373/0001104659-17-047373-index.htm",
    "finalLink": "https://www.sec.gov/Archives/edgar/data/726728/000110465917047373/a17-13355_110q.htm"
  },
  {
    "date": "2017-03-31",
    "symbol": "O",
    "reportedCurrency": "USD",
    "cik": "0000726728",
    "fillingDate": "2017-04-26",
    "acceptedDate": "2017-04-26 16:10:41",
    "calendarYear": "2017",
    "period": "Q1",
    "revenue": 298025000,
    "costOfRevenue": 19075000,
    "grossProfit": 278950000,
    "grossProfitRatio": 0.9359953024,
    "researchAndDevelopmentExpenses": 0,
    "generalAndAdministrativeExpenses": 13565000,
    "sellingAndMarketingExpenses": 0,
    "sellingGeneralAndAdministrativeExpenses": 13565000,
    "otherExpenses": 121097000,
    "operatingExpenses": 134662000,
    "costAndExpenses": 153737000,
    "interestIncome": 0,
    "interestExpense": 0,
    "depreciationAndAmortization": 121097000,
    "ebitda": 266494000,
    "ebitdaratio": 0.894200151,
    "operatingIncome": 144288000,
    "operatingIncomeRatio": 0.4841473031,
    "totalOtherIncomeExpensesNet": -54206000,
    "incomeBeforeTax": 90082000,
    "incomeBeforeTaxRatio": 0.302263233,
    "incomeTaxExpense": 1047000,
    "netIncome": 71586000,
    "netIncomeRatio": 0.2402013254,
    "eps": 0.27,
    "epsdiluted": 0.27,
    "weightedAverageShsOut": 263340491,
    "weightedAverageShsOutDil": 263934304,
    "link": "https://www.sec.gov/Archives/edgar/data/726728/000110465917026354/0001104659-17-026354-index.htm",
    "finalLink": "https://www.sec.gov/Archives/edgar/data/726728/000110465917026354/a17-8901_110q.htm"
  },
  {
    "date": "2016-12-31",
    "symbol": "O",
    "reportedCurrency": "USD",
    "cik": "0000726728",
    "fillingDate": "2017-02-23",
    "acceptedDate": "2017-02-23 16:13:19",
    "calendarYear": "2016",
    "period": "Q4",
    "revenue": 287843000,
    "costOfRevenue": 17411000,
    "grossProfit": 270432000,
    "grossProfitRatio": 0.9395121646,
    "researchAndDevelopmentExpenses": 0,
    "generalAndAdministrativeExpenses": 13559000,
    "sellingAndMarketingExpenses": 0,
    "sellingGeneralAndAdministrativeExpenses": 13559000,
    "otherExpenses": 117751000,
    "operatingExpenses": 131310000,
    "costAndExpenses": 148721000,
    "interestIncome": 0,
    "interestExpense": 0,
    "depreciationAndAmortization": 117752000,
    "ebitda": 264249000,
    "ebitdaratio": 0.9180317048,
    "operatingIncome": 139122000,
    "operatingIncomeRatio": 0.4833259798,
    "totalOtherIncomeExpensesNet": -45948000,
    "incomeBeforeTax": 93173000,
    "incomeBeforeTaxRatio": 0.3236938192,
    "incomeTaxExpense": 450000,
    "netIncome": 85671000,
    "netIncomeRatio": 0.2976310002,
    "eps": 0.33,
    "epsdiluted": 0.33,
    "weightedAverageShsOut": 259609091,
    "weightedAverageShsOutDil": 259609091,
    "link": "https://www.sec.gov/Archives/edgar/data/726728/000110465917011170/0001104659-17-011170-index.htm",
    "finalLink": "https://www.sec.gov/Archives/edgar/data/726728/000110465917011170/a17-1163_110k.htm"
  },
  {
    "date": "2016-09-30",
    "symbol": "O",
    "reportedCurrency": "USD",
    "cik": "0000726728",
    "fillingDate": "2016-10-26",
    "acceptedDate": "2016-10-26 16:31:10",
    "calendarYear": "2016",
    "period": "Q3",
    "revenue": 277174000,
    "costOfRevenue": 15678000,
    "grossProfit": 261496000,
    "grossProfitRatio": 0.943436253,
    "researchAndDevelopmentExpenses": 0,
    "generalAndAdministrativeExpenses": 12103000,
    "sellingAndMarketingExpenses": 0,
    "sellingGeneralAndAdministrativeExpenses": 12103000,
    "otherExpenses": 113917000,
    "operatingExpenses": 126020000,
    "costAndExpenses": 141698000,
    "interestIncome": 0,
    "interestExpense": 0,
    "depreciationAndAmortization": 113917000,
    "ebitda": 244201000,
    "ebitdaratio": 0.8810386256,
    "operatingIncome": 135476000,
    "operatingIncomeRatio": 0.4887760035,
    "totalOtherIncomeExpensesNet": -57380000,
    "incomeBeforeTax": 78096000,
    "incomeBeforeTaxRatio": 0.2817580293,
    "incomeTaxExpense": 894000,
    "netIncome": 70302000,
    "netIncomeRatio": 0.2536385087,
    "eps": 0.27,
    "epsdiluted": 0.27,
    "weightedAverageShsOut": 258085633,
    "weightedAverageShsOutDil": 258673914,
    "link": "https://www.sec.gov/Archives/edgar/data/726728/000110465916152187/0001104659-16-152187-index.htm",
    "finalLink": "https://www.sec.gov/Archives/edgar/data/726728/000110465916152187/a16-17219_110q.htm"
  },
  {
    "date": "2016-06-30",
    "symbol": "O",
    "reportedCurrency": "USD",
    "cik": "0000726728",
    "fillingDate": "2016-07-28",
    "acceptedDate": "2016-07-28 15:30:07",
    "calendarYear": "2016",
    "period": "Q2",
    "revenue": 271039000,
    "costOfRevenue": 14671000,
    "grossProfit": 256368000,
    "grossProfitRatio": 0.9458712584,
    "researchAndDevelopmentExpenses": 0,
    "generalAndAdministrativeExpenses": 13985000,
    "sellingAndMarketingExpenses": 0,
    "sellingGeneralAndAdministrativeExpenses": 13985000,
    "otherExpenses": 110342000,
    "operatingExpenses": 124327000,
    "costAndExpenses": 138998000,
    "interestIncome": 0,
    "interestExpense": 52435000,
    "depreciationAndAmortization": 110342000,
    "ebitda": 239798000,
    "ebitdaratio": 0.884736145,
    "operatingIncome": 132041000,
    "operatingIncomeRatio": 0.4871660536,
    "totalOtherIncomeExpensesNet": -55020000,
    "incomeBeforeTax": 77021000,
    "incomeBeforeTaxRatio": 0.2841694369,
    "incomeTaxExpense": 953000,
    "netIncome": 69045000,
    "netIncomeRatio": 0.2547419375,
    "eps": 0.27,
    "epsdiluted": 0.27,
    "weightedAverageShsOut": 253375546,
    "weightedAverageShsOutDil": 253973745,
    "link": "https://www.sec.gov/Archives/edgar/data/726728/000110465916134971/0001104659-16-134971-index.htm",
    "finalLink": "https://www.sec.gov/Archives/edgar/data/726728/000110465916134971/a16-11620_110q.htm"
  },
  {
    "date": "2016-03-31",
    "symbol": "O",
    "reportedCurrency": "USD",
    "cik": "0000726728",
    "fillingDate": "2016-04-27",
    "acceptedDate": "2016-04-27 16:08:53",
    "calendarYear": "2016",
    "period": "Q1",
    "revenue": 267116000,
    "costOfRevenue": 15105000,
    "grossProfit": 252011000,
    "grossProfitRatio": 0.9434515342,
    "researchAndDevelopmentExpenses": 0,
    "generalAndAdministrativeExpenses": 12318000,
    "sellingAndMarketingExpenses": 0,
    "sellingGeneralAndAdministrativeExpenses": 12318000,
    "otherExpenses": 107933000,
    "operatingExpenses": 120251000,
    "costAndExpenses": 135356000,
    "interestIncome": 0,
    "interestExpense": 52019000,
    "depreciationAndAmortization": 107933000,
    "ebitda": 231400000,
    "ebitdaratio": 0.8662903008,
    "operatingIncome": 131760000,
    "operatingIncomeRatio": 0.493268842,
    "totalOtherIncomeExpensesNet": -60312000,
    "incomeBeforeTax": 71448000,
    "incomeBeforeTaxRatio": 0.2674792974,
    "incomeTaxExpense": 964000,
    "netIncome": 63473000,
    "netIncomeRatio": 0.2376233546,
    "eps": 0.25,
    "epsdiluted": 0.25,
    "weightedAverageShsOut": 250173815,
    "weightedAverageShsOutDil": 250698023,
    "link": "https://www.sec.gov/Archives/edgar/data/726728/000110465916114676/0001104659-16-114676-index.htm",
    "finalLink": "https://www.sec.gov/Archives/edgar/data/726728/000110465916114676/a16-6525_110q.htm"
  },
  {
    "date": "2015-12-31",
    "symbol": "O",
    "reportedCurrency": "USD",
    "cik": "0000726728",
    "fillingDate": "2016-02-11",
    "acceptedDate": "2016-02-11 16:55:53",
    "calendarYear": "2015",
    "period": "Q4",
    "revenue": 263668000,
    "costOfRevenue": 12897000,
    "grossProfit": 250771000,
    "grossProfitRatio": 0.9510862145,
    "researchAndDevelopmentExpenses": 0,
    "generalAndAdministrativeExpenses": 12966000,
    "sellingAndMarketingExpenses": 0,
    "sellingGeneralAndAdministrativeExpenses": 12966000,
    "otherExpenses": 105739000,
    "operatingExpenses": 118706000,
    "costAndExpenses": 131603000,
    "interestIncome": 0,
    "interestExpense": 53149000,
    "depreciationAndAmortization": 105739000,
    "ebitda": 242720000,
    "ebitdaratio": 0.9205516028,
    "operatingIncome": 132065000,
    "operatingIncomeRatio": 0.5008761018,
    "totalOtherIncomeExpensesNet": -48233000,
    "incomeBeforeTax": 83832000,
    "incomeBeforeTaxRatio": 0.3179452948,
    "incomeTaxExpense": 721000,
    "netIncome": 76171000,
    "netIncomeRatio": 0.288889816,
    "eps": 0.31,
    "epsdiluted": 0.31,
    "weightedAverageShsOut": 245712903,
    "weightedAverageShsOutDil": 249508956,
    "link": "https://www.sec.gov/Archives/edgar/data/726728/000110465916095923/0001104659-16-095923-index.htm",
    "finalLink": "https://www.sec.gov/Archives/edgar/data/726728/000110465916095923/a15-23382_110k.htm"
  },
  {
    "date": "2015-09-30",
    "symbol": "O",
    "reportedCurrency": "USD",
    "cik": "0000726728",
    "fillingDate": "2015-10-29",
    "acceptedDate": "2015-10-29 15:33:31",
    "calendarYear": "2015",
    "period": "Q3",
    "revenue": 258889000,
    "costOfRevenue": 13542000,
    "grossProfit": 245347000,
    "grossProfitRatio": 0.9476918679,
    "researchAndDevelopmentExpenses": 0,
    "generalAndAdministrativeExpenses": 10861000,
    "sellingAndMarketingExpenses": 0,
    "sellingGeneralAndAdministrativeExpenses": 10861000,
    "otherExpenses": 104338000,
    "operatingExpenses": 115199000,
    "costAndExpenses": 128741000,
    "interestIncome": 0,
    "interestExpense": 55825000,
    "depreciationAndAmortization": 104338000,
    "ebitda": 228721000,
    "ebitdaratio": 0.8834712946,
    "operatingIncome": 130148000,
    "operatingIncomeRatio": 0.5027173808,
    "totalOtherIncomeExpensesNet": -61590000,
    "incomeBeforeTax": 68558000,
    "incomeBeforeTaxRatio": 0.2648161954,
    "incomeTaxExpense": 745000,
    "netIncome": 60705000,
    "netIncomeRatio": 0.234482732,
    "eps": 0.26,
    "epsdiluted": 0.26,
    "weightedAverageShsOut": 236211706,
    "weightedAverageShsOutDil": 236739942,
    "link": "https://www.sec.gov/Archives/edgar/data/726728/000110465915074070/0001104659-15-074070-index.htm",
    "finalLink": "https://www.sec.gov/Archives/edgar/data/726728/000110465915074070/a15-17857_110q.htm"
  },
  {
    "date": "2015-06-30",
    "symbol": "O",
    "reportedCurrency": "USD",
    "cik": "0000726728",
    "fillingDate": "2015-07-30",
    "acceptedDate": "2015-07-30 15:49:16",
    "calendarYear": "2015",
    "period": "Q2",
    "revenue": 253860000,
    "costOfRevenue": 14937000,
    "grossProfit": 238923000,
    "grossProfitRatio": 0.9411604822,
    "researchAndDevelopmentExpenses": 0,
    "generalAndAdministrativeExpenses": 12609000,
    "sellingAndMarketingExpenses": 0,
    "sellingGeneralAndAdministrativeExpenses": 12609000,
    "otherExpenses": 101101000,
    "operatingExpenses": 113710000,
    "costAndExpenses": 128647000,
    "interestIncome": 0,
    "interestExpense": 54870000,
    "depreciationAndAmortization": 101101000,
    "ebitda": 222949000,
    "ebitdaratio": 0.8782360356,
    "operatingIncome": 125213000,
    "operatingIncomeRatio": 0.4932364295,
    "totalOtherIncomeExpensesNet": -58235000,
    "incomeBeforeTax": 66978000,
    "incomeBeforeTaxRatio": 0.2638383361,
    "incomeTaxExpense": 628000,
    "netIncome": 59317000,
    "netIncomeRatio": 0.2336602852,
    "eps": 0.26,
    "epsdiluted": 0.25,
    "weightedAverageShsOut": 232403586,
    "weightedAverageShsOutDil": 232886185,
    "link": "https://www.sec.gov/Archives/edgar/data/726728/000110465915054841/0001104659-15-054841-index.htm",
    "finalLink": "https://www.sec.gov/Archives/edgar/data/726728/000110465915054841/a15-11930_110q.htm"
  },
  {
    "date": "2015-03-31",
    "symbol": "O",
    "reportedCurrency": "USD",
    "cik": "0000726728",
    "fillingDate": "2015-04-30",
    "acceptedDate": "2015-04-30 15:22:14",
    "calendarYear": "2015",
    "period": "Q1",
    "revenue": 246867000,
    "costOfRevenue": 13976000,
    "grossProfit": 232891000,
    "grossProfitRatio": 0.9433865199,
    "researchAndDevelopmentExpenses": 0,
    "generalAndAdministrativeExpenses": 12862000,
    "sellingAndMarketingExpenses": 0,
    "sellingGeneralAndAdministrativeExpenses": 12862000,
    "otherExpenses": 98037000,
    "operatingExpenses": 110899000,
    "costAndExpenses": 124875000,
    "interestIncome": 0,
    "interestExpense": 54598000,
    "depreciationAndAmortization": 98037000,
    "ebitda": 221290000,
    "ebitdaratio": 0.8963936047,
    "operatingIncome": 121992000,
    "operatingIncomeRatio": 0.4941608234,
    "totalOtherIncomeExpensesNet": -53337000,
    "incomeBeforeTax": 68655000,
    "incomeBeforeTaxRatio": 0.2781052145,
    "incomeTaxExpense": 1074000,
    "netIncome": 60494000,
    "netIncomeRatio": 0.2450469281,
    "eps": 0.27,
    "epsdiluted": 0.27,
    "weightedAverageShsOut": 225346407,
    "weightedAverageShsOutDil": 225825854,
    "link": "https://www.sec.gov/Archives/edgar/data/726728/000110465915032388/0001104659-15-032388-index.htm",
    "finalLink": "https://www.sec.gov/Archives/edgar/data/726728/000110465915032388/a15-7136_110q.htm"
  },
  {
    "date": "2014-12-31",
    "symbol": "O",
    "reportedCurrency": "USD",
    "cik": "0000726728",
    "fillingDate": "2015-02-18",
    "acceptedDate": "2015-02-18 15:33:49",
    "calendarYear": "2014",
    "period": "Q4",
    "revenue": 247573000,
    "costOfRevenue": 20397000,
    "grossProfit": 227176000,
    "grossProfitRatio": 0.917612179,
    "researchAndDevelopmentExpenses": 0,
    "generalAndAdministrativeExpenses": 15586000,
    "sellingAndMarketingExpenses": 0,
    "sellingGeneralAndAdministrativeExpenses": 15586000,
    "otherExpenses": 96537000,
    "operatingExpenses": 112123000,
    "costAndExpenses": 132520000,
    "interestIncome": 0,
    "interestExpense": 54956000,
    "depreciationAndAmortization": 96537000,
    "ebitda": 230970000,
    "ebitdaratio": 0.9329369519,
    "operatingIncome": 115053000,
    "operatingIncomeRatio": 0.4647235361,
    "totalOtherIncomeExpensesNet": -35576000,
    "incomeBeforeTax": 79477000,
    "incomeBeforeTaxRatio": 0.3210245059,
    "incomeTaxExpense": 1103000,
    "netIncome": 71018000,
    "netIncomeRatio": 0.2868568059,
    "eps": 0.32,
    "epsdiluted": 0.32,
    "weightedAverageShsOut": 221931250,
    "weightedAverageShsOutDil": 221931250,
    "link": "https://www.sec.gov/Archives/edgar/data/726728/000110465915011630/0001104659-15-011630-index.htm",
    "finalLink": "https://www.sec.gov/Archives/edgar/data/726728/000110465915011630/a14-25802_110k.htm"
  },
  {
    "date": "2014-09-30",
    "symbol": "O",
    "reportedCurrency": "USD",
    "cik": "0000726728",
    "fillingDate": "2014-10-30",
    "acceptedDate": "2014-10-30 17:23:36",
    "calendarYear": "2014",
    "period": "Q3",
    "revenue": 235713000,
    "costOfRevenue": 12770000,
    "grossProfit": 222943000,
    "grossProfitRatio": 0.9458239469,
    "researchAndDevelopmentExpenses": 0,
    "generalAndAdministrativeExpenses": 11025000,
    "sellingAndMarketingExpenses": 0,
    "sellingGeneralAndAdministrativeExpenses": 11025000,
    "otherExpenses": 95260000,
    "operatingExpenses": 106285000,
    "costAndExpenses": 119055000,
    "interestIncome": 0,
    "interestExpense": 49532000,
    "depreciationAndAmortization": 95260000,
    "ebitda": 219116000,
    "ebitdaratio": 0.9295881008,
    "operatingIncome": 116658000,
    "operatingIncomeRatio": 0.4949154268,
    "totalOtherIncomeExpensesNet": -42334000,
    "incomeBeforeTax": 74324000,
    "incomeBeforeTaxRatio": 0.3153156593,
    "incomeTaxExpense": 697000,
    "netIncome": 57941000,
    "netIncomeRatio": 0.2458116438,
    "eps": 0.26,
    "epsdiluted": 0.26,
    "weightedAverageShsOut": 222061661,
    "weightedAverageShsOutDil": 222236071,
    "link": "https://www.sec.gov/Archives/edgar/data/726728/000110465914075327/0001104659-14-075327-index.htm",
    "finalLink": "https://www.sec.gov/Archives/edgar/data/726728/000110465914075327/a14-19627_110q.htm"
  },
  {
    "date": "2014-06-30",
    "symbol": "O",
    "reportedCurrency": "USD",
    "cik": "0000726728",
    "fillingDate": "2014-07-24",
    "acceptedDate": "2014-07-24 17:28:18",
    "calendarYear": "2014",
    "period": "Q2",
    "revenue": 228646000,
    "costOfRevenue": 10127000,
    "grossProfit": 218519000,
    "grossProfitRatio": 0.955708825,
    "researchAndDevelopmentExpenses": 0,
    "generalAndAdministrativeExpenses": 11587000,
    "sellingAndMarketingExpenses": 0,
    "sellingGeneralAndAdministrativeExpenses": 11587000,
    "otherExpenses": 92894000,
    "operatingExpenses": 104481000,
    "costAndExpenses": 114608000,
    "interestIncome": 0,
    "interestExpense": 49046000,
    "depreciationAndAmortization": 92894000,
    "ebitda": 204731000,
    "ebitdaratio": 0.8954059988,
    "operatingIncome": 114038000,
    "operatingIncomeRatio": 0.4987535317,
    "totalOtherIncomeExpensesNet": -51247000,
    "incomeBeforeTax": 62791000,
    "incomeBeforeTaxRatio": 0.2746210299,
    "incomeTaxExpense": 570000,
    "netIncome": 51420000,
    "netIncomeRatio": 0.2248891299,
    "eps": 0.23,
    "epsdiluted": 0.23,
    "weightedAverageShsOut": 220979955,
    "weightedAverageShsOutDil": 221360641,
    "link": "https://www.sec.gov/Archives/edgar/data/726728/000110465914053327/0001104659-14-053327-index.htm",
    "finalLink": "https://www.sec.gov/Archives/edgar/data/726728/000110465914053327/a14-13872_110q.htm"
  },
  {
    "date": "2014-03-31",
    "symbol": "O",
    "reportedCurrency": "USD",
    "cik": "0000726728",
    "fillingDate": "2014-05-01",
    "acceptedDate": "2014-05-01 17:21:01",
    "calendarYear": "2014",
    "period": "Q1",
    "revenue": 221572000,
    "costOfRevenue": 10577000,
    "grossProfit": 210995000,
    "grossProfitRatio": 0.9522638239,
    "researchAndDevelopmentExpenses": 0,
    "generalAndAdministrativeExpenses": 12886000,
    "sellingAndMarketingExpenses": 0,
    "sellingGeneralAndAdministrativeExpenses": 12886000,
    "otherExpenses": 89970000,
    "operatingExpenses": 102856000,
    "costAndExpenses": 113433000,
    "interestIncome": 0,
    "interestExpense": 49044000,
    "depreciationAndAmortization": 89970000,
    "ebitda": 195021000,
    "ebitdaratio": 0.8801698771,
    "operatingIncome": 108139000,
    "operatingIncomeRatio": 0.4880535447,
    "totalOtherIncomeExpensesNet": -52132000,
    "incomeBeforeTax": 56007000,
    "incomeBeforeTaxRatio": 0.2527711083,
    "incomeTaxExpense": 1091000,
    "netIncome": 47179000,
    "netIncomeRatio": 0.2129285289,
    "eps": 0.23,
    "epsdiluted": 0.23,
    "weightedAverageShsOut": 207003950,
    "weightedAverageShsOutDil": 207324363,
    "link": "https://www.sec.gov/Archives/edgar/data/726728/000110465914033570/0001104659-14-033570-index.htm",
    "finalLink": "https://www.sec.gov/Archives/edgar/data/726728/000110465914033570/a14-8291_110q.htm"
  },
  {
    "date": "2013-12-31",
    "symbol": "O",
    "reportedCurrency": "USD",
    "cik": "0000726728",
    "fillingDate": "2014-02-14",
    "acceptedDate": "2014-02-14 17:11:21",
    "calendarYear": "2013",
    "period": "Q4",
    "revenue": 227977000,
    "costOfRevenue": 26103000,
    "grossProfit": 201874000,
    "grossProfitRatio": 0.8855016076,
    "researchAndDevelopmentExpenses": 0,
    "generalAndAdministrativeExpenses": 16511000,
    "sellingAndMarketingExpenses": 0,
    "sellingGeneralAndAdministrativeExpenses": 16511000,
    "otherExpenses": 84974000,
    "operatingExpenses": 101485000,
    "costAndExpenses": 127588000,
    "interestIncome": 0,
    "interestExpense": 48152000,
    "depreciationAndAmortization": 85245000,
    "ebitda": 182442000,
    "ebitdaratio": 0.800264939,
    "operatingIncome": 100389000,
    "operatingIncomeRatio": 0.4403470526,
    "totalOtherIncomeExpensesNet": -51073000,
    "incomeBeforeTax": 50105000,
    "incomeBeforeTaxRatio": 0.2197809428,
    "incomeTaxExpense": 671000,
    "netIncome": 53853000,
    "netIncomeRatio": 0.2362211978,
    "eps": 0.26,
    "epsdiluted": 0.26,
    "weightedAverageShsOut": 203303124,
    "weightedAverageShsOutDil": 203326838,
    "link": "https://www.sec.gov/Archives/edgar/data/726728/000110465914010697/0001104659-14-010697-index.htm",
    "finalLink": "https://www.sec.gov/Archives/edgar/data/726728/000110465914010697/a13-26753_110k.htm"
  },
  {
    "date": "2013-09-30",
    "symbol": "O",
    "reportedCurrency": "USD",
    "cik": "0000726728",
    "fillingDate": "2013-10-31",
    "acceptedDate": "2013-10-31 17:29:30",
    "calendarYear": "2013",
    "period": "Q3",
    "revenue": 202081000,
    "costOfRevenue": 8466000,
    "grossProfit": 193615000,
    "grossProfitRatio": 0.958105908,
    "researchAndDevelopmentExpenses": 0,
    "generalAndAdministrativeExpenses": 16628000,
    "sellingAndMarketingExpenses": 0,
    "sellingGeneralAndAdministrativeExpenses": 16628000,
    "otherExpenses": 80822000,
    "operatingExpenses": 97462000,
    "costAndExpenses": 105928000,
    "interestIncome": 0,
    "interestExpense": 46879000,
    "depreciationAndAmortization": 74323000,
    "ebitda": 173778000,
    "ebitdaratio": 0.8599423004,
    "operatingIncome": 96153000,
    "operatingIncomeRatio": 0.4758141537,
    "totalOtherIncomeExpensesNet": -50076000,
    "incomeBeforeTax": 45966000,
    "incomeBeforeTaxRatio": 0.2274632449,
    "incomeTaxExpense": 569000,
    "netIncome": 41089000,
    "netIncomeRatio": 0.203329358,
    "eps": 0.21,
    "epsdiluted": 0.21,
    "weightedAverageShsOut": 195768298,
    "weightedAverageShsOutDil": 196619866,
    "link": "https://www.sec.gov/Archives/edgar/data/726728/000110465913079738/0001104659-13-079738-index.htm",
    "finalLink": "https://www.sec.gov/Archives/edgar/data/726728/000110465913079738/a13-18826_110q.htm"
  },
  {
    "date": "2013-06-30",
    "symbol": "O",
    "reportedCurrency": "USD",
    "cik": "0000726728",
    "fillingDate": "2013-07-25",
    "acceptedDate": "2013-07-25 17:24:45",
    "calendarYear": "2013",
    "period": "Q2",
    "revenue": 186443000,
    "costOfRevenue": 7754000,
    "grossProfit": 178689000,
    "grossProfitRatio": 0.9584108816,
    "researchAndDevelopmentExpenses": 0,
    "generalAndAdministrativeExpenses": 12075000,
    "sellingAndMarketingExpenses": 0,
    "sellingGeneralAndAdministrativeExpenses": 12075000,
    "otherExpenses": 73906000,
    "operatingExpenses": 85994000,
    "costAndExpenses": 93748000,
    "interestIncome": 0,
    "interestExpense": 38788000,
    "depreciationAndAmortization": 77472000,
    "ebitda": 165262000,
    "ebitdaratio": 0.8863942331,
    "operatingIncome": 92695000,
    "operatingIncomeRatio": 0.4971760806,
    "totalOtherIncomeExpensesNet": -40127000,
    "incomeBeforeTax": 51558000,
    "incomeBeforeTaxRatio": 0.2765349195,
    "incomeTaxExpense": 624000,
    "netIncome": 45957000,
    "netIncomeRatio": 0.2464935664,
    "eps": 0.23,
    "epsdiluted": 0.23,
    "weightedAverageShsOut": 195574014,
    "weightedAverageShsOutDil": 196076113,
    "link": "https://www.sec.gov/Archives/edgar/data/726728/000110465913056725/0001104659-13-056725-index.htm",
    "finalLink": "https://www.sec.gov/Archives/edgar/data/726728/000110465913056725/a13-13092_110q.htm"
  },
  {
    "date": "2013-03-31",
    "symbol": "O",
    "reportedCurrency": "USD",
    "cik": "0000726728",
    "fillingDate": "2013-04-26",
    "acceptedDate": "2013-04-26 17:09:43",
    "calendarYear": "2013",
    "period": "Q1",
    "revenue": 175522000,
    "costOfRevenue": 9572000,
    "grossProfit": 165950000,
    "grossProfitRatio": 0.9454655257,
    "researchAndDevelopmentExpenses": 0,
    "generalAndAdministrativeExpenses": 11613000,
    "sellingAndMarketingExpenses": 0,
    "sellingGeneralAndAdministrativeExpenses": 11613000,
    "otherExpenses": 66749000,
    "operatingExpenses": 78377000,
    "costAndExpenses": 87949000,
    "interestIncome": 0,
    "interestExpense": 38977000,
    "depreciationAndAmortization": 69808000,
    "ebitda": 139670000,
    "ebitdaratio": 0.7957407049,
    "operatingIncome": 87573000,
    "operatingIncomeRatio": 0.4989289092,
    "totalOtherIncomeExpensesNet": -53629000,
    "incomeBeforeTax": 33004000,
    "incomeBeforeTaxRatio": 0.1880334089,
    "incomeTaxExpense": 577000,
    "netIncome": 62735000,
    "netIncomeRatio": 0.3574195827,
    "eps": 0.37,
    "epsdiluted": 0.36,
    "weightedAverageShsOut": 171659191,
    "weightedAverageShsOutDil": 172053880,
    "link": "https://www.sec.gov/Archives/edgar/data/726728/000110465913033629/0001104659-13-033629-index.htm",
    "finalLink": "https://www.sec.gov/Archives/edgar/data/726728/000110465913033629/a13-7751_110q.htm"
  },
  {
    "date": "2012-12-31",
    "symbol": "O",
    "reportedCurrency": "USD",
    "cik": "0000726728",
    "fillingDate": "2013-02-14",
    "acceptedDate": "2013-02-14 17:38:50",
    "calendarYear": "2012",
    "period": "Q4",
    "revenue": 125578000,
    "costOfRevenue": 769000,
    "grossProfit": 124809000,
    "grossProfitRatio": 0.9938763159,
    "researchAndDevelopmentExpenses": 0,
    "generalAndAdministrativeExpenses": 10223000,
    "sellingAndMarketingExpenses": 0,
    "sellingGeneralAndAdministrativeExpenses": 10223000,
    "otherExpenses": 41315000,
    "operatingExpenses": 51538000,
    "costAndExpenses": 52307000,
    "interestIncome": 0,
    "interestExpense": 28825000,
    "depreciationAndAmortization": 41315000,
    "ebitda": 103138000,
    "ebitdaratio": 0.8213062798,
    "operatingIncome": 73271000,
    "operatingIncomeRatio": 0.5834700346,
    "totalOtherIncomeExpensesNet": -40273000,
    "incomeBeforeTax": 32998000,
    "incomeBeforeTaxRatio": 0.2627689563,
    "incomeTaxExpense": 215000,
    "netIncome": 32236000,
    "netIncomeRatio": 0.2567010145,
    "eps": 0.23,
    "epsdiluted": 0.23,
    "weightedAverageShsOut": 171659191,
    "weightedAverageShsOutDil": 171659191,
    "link": "https://www.sec.gov/Archives/edgar/data/726728/000110465913010950/0001104659-13-010950-index.htm",
    "finalLink": "https://www.sec.gov/Archives/edgar/data/726728/000110465913010950/a12-27698_110k.htm"
  },
  {
    "date": "2012-09-30",
    "symbol": "O",
    "reportedCurrency": "USD",
    "cik": "0000726728",
    "fillingDate": "2012-10-25",
    "acceptedDate": "2012-10-25 17:30:46",
    "calendarYear": "2012",
    "period": "Q3",
    "revenue": 117149000,
    "costOfRevenue": 1532000,
    "grossProfit": 115617000,
    "grossProfitRatio": 0.986922637,
    "researchAndDevelopmentExpenses": 0,
    "generalAndAdministrativeExpenses": 2384000,
    "sellingAndMarketingExpenses": 0,
    "sellingGeneralAndAdministrativeExpenses": 2384000,
    "otherExpenses": 37039000,
    "operatingExpenses": 46374000,
    "costAndExpenses": 47906000,
    "interestIncome": 0,
    "interestExpense": 27954000,
    "depreciationAndAmortization": 26309000,
    "ebitda": 99021000,
    "ebitdaratio": 0.8452568951,
    "operatingIncome": 69243000,
    "operatingIncomeRatio": 0.5910677855,
    "totalOtherIncomeExpensesNet": -35215000,
    "incomeBeforeTax": -64316000,
    "incomeBeforeTaxRatio": -0.5490102348,
    "incomeTaxExpense": 405000,
    "netIncome": -64495000,
    "netIncomeRatio": -0.5505382035,
    "eps": -0.49,
    "epsdiluted": -0.49,
    "weightedAverageShsOut": 132764877,
    "weightedAverageShsOutDil": 132931813,
    "link": "https://www.sec.gov/Archives/edgar/data/726728/000110465912071258/0001104659-12-071258-index.htm",
    "finalLink": "https://www.sec.gov/Archives/edgar/data/726728/000110465912071258/a12-19027_110q.htm"
  },
  {
    "date": "2012-06-30",
    "symbol": "O",
    "reportedCurrency": "USD",
    "cik": "0000726728",
    "fillingDate": "2012-07-26",
    "acceptedDate": "2012-07-26 17:23:11",
    "calendarYear": "2012",
    "period": "Q2",
    "revenue": 113133000,
    "costOfRevenue": 1746000,
    "grossProfit": 111387000,
    "grossProfitRatio": 0.9845668373,
    "researchAndDevelopmentExpenses": 0,
    "generalAndAdministrativeExpenses": 9273000,
    "sellingAndMarketingExpenses": 0,
    "sellingGeneralAndAdministrativeExpenses": 9273000,
    "otherExpenses": 34742000,
    "operatingExpenses": 44015000,
    "costAndExpenses": 45761000,
    "interestIncome": 0,
    "interestExpense": 27170000,
    "depreciationAndAmortization": 35475000,
    "ebitda": 100478000,
    "ebitdaratio": 0.8881405072,
    "operatingIncome": 67372000,
    "operatingIncomeRatio": 0.5955114776,
    "totalOtherIncomeExpensesNet": -28806000,
    "incomeBeforeTax": 39999000,
    "incomeBeforeTaxRatio": 0.3535573175,
    "incomeTaxExpense": 405000,
    "netIncome": 32950000,
    "netIncomeRatio": 0.2912501215,
    "eps": 0.25,
    "epsdiluted": 0.25,
    "weightedAverageShsOut": 132592939,
    "weightedAverageShsOutDil": 132828540,
    "link": "https://www.sec.gov/Archives/edgar/data/726728/000110465912051523/0001104659-12-051523-index.htm",
    "finalLink": "https://www.sec.gov/Archives/edgar/data/726728/000110465912051523/a12-13308_110q.htm"
  },
  {
    "date": "2012-03-31",
    "symbol": "O",
    "reportedCurrency": "USD",
    "cik": "0000726728",
    "fillingDate": "2012-04-27",
    "acceptedDate": "2012-04-26 20:53:10",
    "calendarYear": "2012",
    "period": "Q1",
    "revenue": 112305000,
    "costOfRevenue": 2155000,
    "grossProfit": 110150000,
    "grossProfitRatio": 0.9808111838,
    "researchAndDevelopmentExpenses": 0,
    "generalAndAdministrativeExpenses": 9168000,
    "sellingAndMarketingExpenses": 0,
    "sellingGeneralAndAdministrativeExpenses": 9168000,
    "otherExpenses": 34578000,
    "operatingExpenses": 43746000,
    "costAndExpenses": 45901000,
    "interestIncome": 0,
    "interestExpense": 27518000,
    "depreciationAndAmortization": 35250000,
    "ebitda": 99548000,
    "ebitdaratio": 0.8864075509,
    "operatingIncome": 66404000,
    "operatingIncomeRatio": 0.5912826677,
    "totalOtherIncomeExpensesNet": -28952000,
    "incomeBeforeTax": 38817000,
    "incomeBeforeTaxRatio": 0.3456391078,
    "incomeTaxExpense": 405000,
    "netIncome": 39263000,
    "netIncomeRatio": 0.3496104359,
    "eps": 0.3,
    "epsdiluted": 0.3,
    "weightedAverageShsOut": 132577100,
    "weightedAverageShsOutDil": 132703954,
    "link": "https://www.sec.gov/Archives/edgar/data/726728/000072672812000036/0000726728-12-000036-index.htm",
    "finalLink": "https://www.sec.gov/Archives/edgar/data/726728/000072672812000036/riq112_10q.htm"
  },
  {
    "date": "2011-12-31",
    "symbol": "O",
    "reportedCurrency": "USD",
    "cik": "0000726728",
    "fillingDate": "2012-02-13",
    "acceptedDate": "2012-02-13 17:31:33",
    "calendarYear": "2011",
    "period": "Q4",
    "revenue": 113427000,
    "costOfRevenue": 2334000,
    "grossProfit": 111093000,
    "grossProfitRatio": 0.9794228887,
    "researchAndDevelopmentExpenses": 0,
    "generalAndAdministrativeExpenses": 0,
    "sellingAndMarketingExpenses": 0,
    "sellingGeneralAndAdministrativeExpenses": 7953000,
    "otherExpenses": 34209000,
    "operatingExpenses": 42162000,
    "costAndExpenses": 44496000,
    "interestIncome": 0,
    "interestExpense": 28983000,
    "depreciationAndAmortization": 34209000,
    "ebitda": 103130000,
    "ebitdaratio": 0.9092191454,
    "operatingIncome": 68931000,
    "operatingIncomeRatio": 0.6077124494,
    "totalOtherIncomeExpensesNet": -28993000,
    "incomeBeforeTax": 39938000,
    "incomeBeforeTaxRatio": 0.3521031148,
    "incomeTaxExpense": 368000,
    "netIncome": 34942000,
    "netIncomeRatio": 0.3080571645,
    "eps": 0.31,
    "epsdiluted": 0.31,
    "weightedAverageShsOut": 132577100,
    "weightedAverageShsOutDil": 132577100,
    "link": "https://www.sec.gov/Archives/edgar/data/726728/000114036112007480/0001140361-12-007480-index.htm",
    "finalLink": "https://www.sec.gov/Archives/edgar/data/726728/000114036112007480/ri10k_2011yt.htm"
  },
  {
    "date": "2011-09-30",
    "symbol": "O",
    "reportedCurrency": "USD",
    "cik": "0000726728",
    "fillingDate": "2011-10-28",
    "acceptedDate": "2011-10-27 21:54:12",
    "calendarYear": "2011",
    "period": "Q3",
    "revenue": 106230000,
    "costOfRevenue": 1657000,
    "grossProfit": 104573000,
    "grossProfitRatio": 0.9844017697,
    "researchAndDevelopmentExpenses": 0,
    "generalAndAdministrativeExpenses": 7143000,
    "sellingAndMarketingExpenses": 0,
    "sellingGeneralAndAdministrativeExpenses": 7143000,
    "otherExpenses": 31561000,
    "operatingExpenses": 38704000,
    "costAndExpenses": 40361000,
    "interestIncome": 0,
    "interestExpense": 28550000,
    "depreciationAndAmortization": 31869000,
    "ebitda": 97430000,
    "ebitdaratio": 0.9171608773,
    "operatingIncome": 65869000,
    "operatingIncomeRatio": 0.6200602466,
    "totalOtherIncomeExpensesNet": -28550000,
    "incomeBeforeTax": 38036000,
    "incomeBeforeTaxRatio": 0.3580532806,
    "incomeTaxExpense": 367000,
    "netIncome": 34717000,
    "netIncomeRatio": 0.3268097524,
    "eps": 0.27,
    "epsdiluted": 0.27,
    "weightedAverageShsOut": 126376201,
    "weightedAverageShsOutDil": 126582609,
    "link": "https://www.sec.gov/Archives/edgar/data/726728/000072672811000070/0000726728-11-000070-index.htm",
    "finalLink": "https://www.sec.gov/Archives/edgar/data/726728/000072672811000070/riq311_10q.htm"
  },
  {
    "date": "2011-06-30",
    "symbol": "O",
    "reportedCurrency": "USD",
    "cik": "0000726728",
    "fillingDate": "2011-08-01",
    "acceptedDate": "2011-07-29 21:54:00",
    "calendarYear": "2011",
    "period": "Q2",
    "revenue": 101620000,
    "costOfRevenue": 1597000,
    "grossProfit": 100023000,
    "grossProfitRatio": 0.9842845896,
    "researchAndDevelopmentExpenses": 0,
    "generalAndAdministrativeExpenses": 7987000,
    "sellingAndMarketingExpenses": 0,
    "sellingGeneralAndAdministrativeExpenses": 7987000,
    "otherExpenses": 28673000,
    "operatingExpenses": 36660000,
    "costAndExpenses": 38257000,
    "interestIncome": 0,
    "interestExpense": 25647000,
    "depreciationAndAmortization": 29001000,
    "ebitda": 92036000,
    "ebitdaratio": 0.9056878567,
    "operatingIncome": 63363000,
    "operatingIncomeRatio": 0.6235288329,
    "totalOtherIncomeExpensesNet": -25647000,
    "incomeBeforeTax": 38335000,
    "incomeBeforeTaxRatio": 0.3772387325,
    "incomeTaxExpense": 368000,
    "netIncome": 33185000,
    "netIncomeRatio": 0.3265597323,
    "eps": 0.26,
    "epsdiluted": 0.26,
    "weightedAverageShsOut": 125999323,
    "weightedAverageShsOutDil": 126202047,
    "link": "https://www.sec.gov/Archives/edgar/data/726728/000072672811000052/0000726728-11-000052-index.htm",
    "finalLink": "https://www.sec.gov/Archives/edgar/data/726728/000072672811000052/riq211_10q.htm"
  },
  {
    "date": "2011-03-31",
    "symbol": "O",
    "reportedCurrency": "USD",
    "cik": "0000726728",
    "fillingDate": "2011-04-28",
    "acceptedDate": "2011-04-28 17:27:49",
    "calendarYear": "2011",
    "period": "Q1",
    "revenue": 97284000,
    "costOfRevenue": 1705000,
    "grossProfit": 95579000,
    "grossProfitRatio": 0.9824739937,
    "researchAndDevelopmentExpenses": 0,
    "generalAndAdministrativeExpenses": 0,
    "sellingAndMarketingExpenses": 0,
    "sellingGeneralAndAdministrativeExpenses": 7870000,
    "otherExpenses": 26608000,
    "operatingExpenses": 34478000,
    "costAndExpenses": 36183000,
    "interestIncome": 0,
    "interestExpense": 25122000,
    "depreciationAndAmortization": 26810000,
    "ebitda": 87709000,
    "ebitdaratio": 0.9015768266,
    "operatingIncome": 61101000,
    "operatingIncomeRatio": 0.628068336,
    "totalOtherIncomeExpensesNet": -25122000,
    "incomeBeforeTax": 35971000,
    "incomeBeforeTaxRatio": 0.3697524773,
    "incomeTaxExpense": 368000,
    "netIncome": 29936000,
    "netIncomeRatio": 0.3077176103,
    "eps": 0.25,
    "epsdiluted": 0.25,
    "weightedAverageShsOut": 118960878,
    "weightedAverageShsOutDil": 119109044,
    "link": "https://www.sec.gov/Archives/edgar/data/726728/000072672811000034/0000726728-11-000034-index.htm",
    "finalLink": "https://www.sec.gov/Archives/edgar/data/726728/000072672811000034/riq0311_10q.htm"
  },
  {
    "date": "2010-12-31",
    "symbol": "O",
    "reportedCurrency": "USD",
    "cik": "0000726728",
    "fillingDate": "2011-02-10",
    "acceptedDate": "2011-02-10 17:28:04",
    "calendarYear": "2010",
    "period": "Q4",
    "revenue": 91786000,
    "costOfRevenue": 1977000,
    "grossProfit": 89809000,
    "grossProfitRatio": 0.9784607674,
    "researchAndDevelopmentExpenses": 0,
    "generalAndAdministrativeExpenses": 0,
    "sellingAndMarketingExpenses": 0,
    "sellingGeneralAndAdministrativeExpenses": 5785000,
    "otherExpenses": 24002000,
    "operatingExpenses": 29787000,
    "costAndExpenses": 31764000,
    "interestIncome": 0,
    "interestExpense": 25131000,
    "depreciationAndAmortization": 24892000,
    "ebitda": 84107000,
    "ebitdaratio": 0.9163380036,
    "operatingIncome": 60022000,
    "operatingIncomeRatio": 0.6539341512,
    "totalOtherIncomeExpensesNet": -60022000,
    "incomeBeforeTax": 0,
    "incomeBeforeTaxRatio": 0,
    "incomeTaxExpense": 0,
    "netIncome": 31814000,
    "netIncomeRatio": 0.3466105942,
    "eps": 0.32,
    "epsdiluted": 0.32,
    "weightedAverageShsOut": 118960878,
    "weightedAverageShsOutDil": 118960878,
    "link": "https://www.sec.gov/Archives/edgar/data/726728/000072672811000013/0000726728-11-000013-index.htm",
    "finalLink": "https://www.sec.gov/Archives/edgar/data/726728/000072672811000013/ri10k_2010yt.htm"
  },
  {
    "date": "2010-09-30",
    "symbol": "O",
    "reportedCurrency": "USD",
    "cik": "0000726728",
    "fillingDate": "2010-10-28",
    "acceptedDate": "2010-10-28 17:09:02",
    "calendarYear": "2010",
    "period": "Q3",
    "revenue": 86833000,
    "costOfRevenue": 1742000,
    "grossProfit": 85091000,
    "grossProfitRatio": 0.9799385026,
    "researchAndDevelopmentExpenses": 0,
    "generalAndAdministrativeExpenses": 6165000,
    "sellingAndMarketingExpenses": 0,
    "sellingGeneralAndAdministrativeExpenses": 6165000,
    "otherExpenses": 23941000,
    "operatingExpenses": 30106000,
    "costAndExpenses": 31848000,
    "interestIncome": 0,
    "interestExpense": 25135000,
    "depreciationAndAmortization": 24100000,
    "ebitda": 78926000,
    "ebitdaratio": 0.9089401495,
    "operatingIncome": 54985000,
    "operatingIncomeRatio": 0.633226999,
    "totalOtherIncomeExpensesNet": -25135000,
    "incomeBeforeTax": 30010000,
    "incomeBeforeTaxRatio": 0.3456059332,
    "incomeTaxExpense": 335000,
    "netIncome": 25591000,
    "netIncomeRatio": 0.2947151429,
    "eps": 0.25,
    "epsdiluted": 0.25,
    "weightedAverageShsOut": 103830029,
    "weightedAverageShsOutDil": 103977023,
    "link": "https://www.sec.gov/Archives/edgar/data/726728/000072672810000077/0000726728-10-000077-index.htm",
    "finalLink": "https://www.sec.gov/Archives/edgar/data/726728/000072672810000077/riq0910_10q.htm"
  },
  {
    "date": "2010-06-30",
    "symbol": "O",
    "reportedCurrency": "USD",
    "cik": "0000726728",
    "fillingDate": "2010-07-29",
    "acceptedDate": "2010-07-29 17:11:56",
    "calendarYear": "2010",
    "period": "Q2",
    "revenue": 82397000,
    "costOfRevenue": 1646000,
    "grossProfit": 80751000,
    "grossProfitRatio": 0.9800235445,
    "researchAndDevelopmentExpenses": 0,
    "generalAndAdministrativeExpenses": 6650000,
    "sellingAndMarketingExpenses": 0,
    "sellingGeneralAndAdministrativeExpenses": 6650000,
    "otherExpenses": 23287000,
    "operatingExpenses": 29937000,
    "costAndExpenses": 31583000,
    "interestIncome": 0,
    "interestExpense": 21576000,
    "depreciationAndAmortization": 23524000,
    "ebitda": 74101000,
    "ebitdaratio": 0.8993167227,
    "operatingIncome": 50814000,
    "operatingIncomeRatio": 0.6166972098,
    "totalOtherIncomeExpensesNet": -21576000,
    "incomeBeforeTax": 31048000,
    "incomeBeforeTaxRatio": 0.3768098353,
    "incomeTaxExpense": 277000,
    "netIncome": 24985000,
    "netIncomeRatio": 0.3032270592,
    "eps": 0.24,
    "epsdiluted": 0.24,
    "weightedAverageShsOut": 103612454,
    "weightedAverageShsOutDil": 103765828,
    "link": "https://www.sec.gov/Archives/edgar/data/726728/000072672810000060/0000726728-10-000060-index.htm",
    "finalLink": "https://www.sec.gov/Archives/edgar/data/726728/000072672810000060/riq0610_10q.htm"
  },
  {
    "date": "2010-03-31",
    "symbol": "O",
    "reportedCurrency": "USD",
    "cik": "0000726728",
    "fillingDate": "2010-04-29",
    "acceptedDate": "2010-04-29 17:12:37",
    "calendarYear": "2010",
    "period": "Q1",
    "revenue": 82618000,
    "costOfRevenue": 1971000,
    "grossProfit": 80647000,
    "grossProfitRatio": 0.9761432133,
    "researchAndDevelopmentExpenses": 0,
    "generalAndAdministrativeExpenses": 97000,
    "sellingAndMarketingExpenses": 6614000,
    "sellingGeneralAndAdministrativeExpenses": 6711000,
    "otherExpenses": 23041000,
    "operatingExpenses": 29752000,
    "costAndExpenses": 31723000,
    "interestIncome": 0,
    "interestExpense": 21395000,
    "depreciationAndAmortization": 23255000,
    "ebitda": 73936000,
    "ebitdaratio": 0.8949139413,
    "operatingIncome": 50895000,
    "operatingIncomeRatio": 0.6160279842,
    "totalOtherIncomeExpensesNet": -21395000,
    "incomeBeforeTax": 29728000,
    "incomeBeforeTaxRatio": 0.3598247355,
    "incomeTaxExpense": 277000,
    "netIncome": 24142000,
    "netIncomeRatio": 0.2922123508,
    "eps": 0.23,
    "epsdiluted": 0.23,
    "weightedAverageShsOut": 103606241,
    "weightedAverageShsOutDil": 103686440,
    "link": "https://www.sec.gov/Archives/edgar/data/726728/000072672810000028/0000726728-10-000028-index.htm",
    "finalLink": "https://www.sec.gov/Archives/edgar/data/726728/000072672810000028/riq110_10q.htm"
  },
  {
    "date": "2009-12-31",
    "symbol": "O",
    "reportedCurrency": "USD",
    "cik": "0000726728",
    "fillingDate": "2010-02-11",
    "acceptedDate": "2010-02-11 17:17:43",
    "calendarYear": "2009",
    "period": "Q4",
    "revenue": 81397000,
    "costOfRevenue": 6914000,
    "grossProfit": 74483000,
    "grossProfitRatio": 0.9150582945,
    "researchAndDevelopmentExpenses": 0,
    "generalAndAdministrativeExpenses": 0,
    "sellingAndMarketingExpenses": 0,
    "sellingGeneralAndAdministrativeExpenses": 5084000,
    "otherExpenses": 16948000,
    "operatingExpenses": 22032000,
    "costAndExpenses": 28946000,
    "interestIncome": 0,
    "interestExpense": 21377000,
    "depreciationAndAmortization": 22667000,
    "ebitda": 75118000,
    "ebitdaratio": 0.9228595648,
    "operatingIncome": 52451000,
    "operatingIncomeRatio": 0.6443849282,
    "totalOtherIncomeExpensesNet": -52451000,
    "incomeBeforeTax": 0,
    "incomeBeforeTaxRatio": 0,
    "incomeTaxExpense": 0,
    "netIncome": 29268000,
    "netIncomeRatio": 0.3595709916,
    "eps": 0.34,
    "epsdiluted": 0.34,
    "weightedAverageShsOut": 103606241,
    "weightedAverageShsOutDil": 103606241,
    "link": "https://www.sec.gov/Archives/edgar/data/726728/000072672810000017/0000726728-10-000017-index.htm",
    "finalLink": "https://www.sec.gov/Archives/edgar/data/726728/000072672810000017/ri10k_2009yt.htm"
  },
  {
    "date": "2009-09-30",
    "symbol": "O",
    "reportedCurrency": "USD",
    "cik": "0000726728",
    "fillingDate": "2009-10-29",
    "acceptedDate": "2009-10-29 17:30:30",
    "calendarYear": "2009",
    "period": "Q3",
    "revenue": 81463000,
    "costOfRevenue": 1472000,
    "grossProfit": 79991000,
    "grossProfitRatio": 0.981930447,
    "researchAndDevelopmentExpenses": 0,
    "generalAndAdministrativeExpenses": 4906000,
    "sellingAndMarketingExpenses": 0,
    "sellingGeneralAndAdministrativeExpenses": 4906000,
    "otherExpenses": 22754000,
    "operatingExpenses": 27660000,
    "costAndExpenses": 29132000,
    "interestIncome": 0,
    "interestExpense": 21374000,
    "depreciationAndAmortization": 22930000,
    "ebitda": 75011000,
    "ebitdaratio": 0.9207983993,
    "operatingIncome": 52331000,
    "operatingIncomeRatio": 0.6423897966,
    "totalOtherIncomeExpensesNet": -52331000,
    "incomeBeforeTax": 33152000,
    "incomeBeforeTaxRatio": 0.40695776,
    "incomeTaxExpense": 0,
    "netIncome": 27089000,
    "netIncomeRatio": 0.3325313332,
    "eps": 0.26,
    "epsdiluted": 0.26,
    "weightedAverageShsOut": 103470512,
    "weightedAverageShsOutDil": 103481892,
    "link": "https://www.sec.gov/Archives/edgar/data/726728/000072672809000062/0000726728-09-000062-index.htm",
    "finalLink": "https://www.sec.gov/Archives/edgar/data/726728/000072672809000062/riq309_10q.htm"
  },
  {
    "date": "2009-06-30",
    "symbol": "O",
    "reportedCurrency": "USD",
    "cik": "0000726728",
    "fillingDate": "2009-07-30",
    "acceptedDate": "2009-07-30 17:22:58",
    "calendarYear": "2009",
    "period": "Q2",
    "revenue": 81301000,
    "costOfRevenue": 1786000,
    "grossProfit": 79515000,
    "grossProfitRatio": 0.9780322505,
    "researchAndDevelopmentExpenses": 0,
    "generalAndAdministrativeExpenses": 83000,
    "sellingAndMarketingExpenses": 4923000,
    "sellingGeneralAndAdministrativeExpenses": 5006000,
    "otherExpenses": 23090000,
    "operatingExpenses": 28096000,
    "costAndExpenses": 29882000,
    "interestIncome": 0,
    "interestExpense": 21367000,
    "depreciationAndAmortization": 22961000,
    "ebitda": 74201000,
    "ebitdaratio": 0.9126702009,
    "operatingIncome": 51419000,
    "operatingIncomeRatio": 0.6324522454,
    "totalOtherIncomeExpensesNet": -51419000,
    "incomeBeforeTax": 0,
    "incomeBeforeTaxRatio": 0,
    "incomeTaxExpense": 0,
    "netIncome": 26497000,
    "netIncomeRatio": 0.3259123504,
    "eps": 0.26,
    "epsdiluted": 0.26,
    "weightedAverageShsOut": 103446949,
    "weightedAverageShsOutDil": 103450457,
    "link": "https://www.sec.gov/Archives/edgar/data/726728/000072672809000049/0000726728-09-000049-index.htm",
    "finalLink": "https://www.sec.gov/Archives/edgar/data/726728/000072672809000049/riq209_10q.htm"
  },
  {
    "date": "2009-03-31",
    "symbol": "O",
    "reportedCurrency": "USD",
    "cik": "0000726728",
    "fillingDate": "2009-04-30",
    "acceptedDate": "2009-04-30 17:27:05",
    "calendarYear": "2009",
    "period": "Q1",
    "revenue": 82532000,
    "costOfRevenue": 2140000,
    "grossProfit": 80392000,
    "grossProfitRatio": 0.9740706635,
    "researchAndDevelopmentExpenses": 0,
    "generalAndAdministrativeExpenses": 0,
    "sellingAndMarketingExpenses": 0,
    "sellingGeneralAndAdministrativeExpenses": 5950000,
    "otherExpenses": 23066000,
    "operatingExpenses": 29016000,
    "costAndExpenses": 31156000,
    "interestIncome": 0,
    "interestExpense": 21410000,
    "depreciationAndAmortization": 22951000,
    "ebitda": 74139000,
    "ebitdaratio": 0.8983061116,
    "operatingIncome": 51376000,
    "operatingIncomeRatio": 0.6224979402,
    "totalOtherIncomeExpensesNet": -51376000,
    "incomeBeforeTax": 0,
    "incomeBeforeTaxRatio": 0,
    "incomeTaxExpense": 0,
    "netIncome": 24021000,
    "netIncomeRatio": 0.291050744,
    "eps": 0.23,
    "epsdiluted": 0.23,
    "weightedAverageShsOut": 103439114,
    "weightedAverageShsOutDil": 103445044,
    "link": "https://www.sec.gov/Archives/edgar/data/726728/000072672809000032/0000726728-09-000032-index.htm",
    "finalLink": "https://www.sec.gov/Archives/edgar/data/726728/000072672809000032/ricq109_10q.htm"
  },
  {
    "date": "2008-12-31",
    "symbol": "O",
    "reportedCurrency": "USD",
    "cik": "0000726728",
    "fillingDate": "2009-02-12",
    "acceptedDate": "2009-02-12 17:38:57",
    "calendarYear": "2008",
    "period": "Q4",
    "revenue": 82668000,
    "costOfRevenue": 0,
    "grossProfit": 82668000,
    "grossProfitRatio": 1,
    "researchAndDevelopmentExpenses": 0,
    "generalAndAdministrativeExpenses": 0,
    "sellingAndMarketingExpenses": 0,
    "sellingGeneralAndAdministrativeExpenses": 5054000,
    "otherExpenses": 24955000,
    "operatingExpenses": 30009000,
    "costAndExpenses": 30009000,
    "interestIncome": 0,
    "interestExpense": 22726000,
    "depreciationAndAmortization": 24017000,
    "ebitda": 76676000,
    "ebitdaratio": 0.9275172981,
    "operatingIncome": 52659000,
    "operatingIncomeRatio": 0.6369937582,
    "totalOtherIncomeExpensesNet": -52659000,
    "incomeBeforeTax": 0,
    "incomeBeforeTaxRatio": 0,
    "incomeTaxExpense": 0,
    "netIncome": 28268000,
    "netIncomeRatio": 0.3419460976,
    "eps": 0.33,
    "epsdiluted": 0.33,
    "weightedAverageShsOut": 103439114,
    "weightedAverageShsOutDil": 103439114,
    "link": "https://www.sec.gov/Archives/edgar/data/726728/000072672809000015/0000726728-09-000015-index.htm",
    "finalLink": "https://www.sec.gov/Archives/edgar/data/726728/000072672809000015/ric10k_2008yr.htm"
  },
  {
    "date": "2008-09-30",
    "symbol": "O",
    "reportedCurrency": "USD",
    "cik": "0000726728",
    "fillingDate": "2008-10-31",
    "acceptedDate": "2008-10-30 17:44:19",
    "calendarYear": "2008",
    "period": "Q3",
    "revenue": 82223000,
    "costOfRevenue": 0,
    "grossProfit": 82223000,
    "grossProfitRatio": 1,
    "researchAndDevelopmentExpenses": 0,
    "generalAndAdministrativeExpenses": 110000,
    "sellingAndMarketingExpenses": 4987000,
    "sellingGeneralAndAdministrativeExpenses": 5097000,
    "otherExpenses": 24792000,
    "operatingExpenses": 29889000,
    "costAndExpenses": 29889000,
    "interestIncome": 0,
    "interestExpense": 23915000,
    "depreciationAndAmortization": 22869000,
    "ebitda": 75088000,
    "ebitdaratio": 0.9132237938,
    "operatingIncome": 52334000,
    "operatingIncomeRatio": 0.6364885738,
    "totalOtherIncomeExpensesNet": -52334000,
    "incomeBeforeTax": 0,
    "incomeBeforeTaxRatio": 0,
    "incomeTaxExpense": 0,
    "netIncome": 28634000,
    "netIncomeRatio": 0.3482480571,
    "eps": 0.29,
    "epsdiluted": 0.29,
    "weightedAverageShsOut": 100362872,
    "weightedAverageShsOutDil": 100420070,
    "link": "https://www.sec.gov/Archives/edgar/data/726728/000072672808000040/0000726728-08-000040-index.htm",
    "finalLink": "https://www.sec.gov/Archives/edgar/data/726728/000072672808000040/ricq308_10q.htm"
  },
  {
    "date": "2008-06-30",
    "symbol": "O",
    "reportedCurrency": "USD",
    "cik": "0000726728",
    "fillingDate": "2008-07-31",
    "acceptedDate": "2008-07-31 17:28:42",
    "calendarYear": "2008",
    "period": "Q2",
    "revenue": 82062000,
    "costOfRevenue": 1086000,
    "grossProfit": 80976000,
    "grossProfitRatio": 0.9867661037,
    "researchAndDevelopmentExpenses": 0,
    "generalAndAdministrativeExpenses": 126000,
    "sellingAndMarketingExpenses": 5798000,
    "sellingGeneralAndAdministrativeExpenses": 5924000,
    "otherExpenses": 22970000,
    "operatingExpenses": 28894000,
    "costAndExpenses": 29980000,
    "interestIncome": 0,
    "interestExpense": 23929000,
    "depreciationAndAmortization": 22870000,
    "ebitda": 74834000,
    "ebitdaratio": 0.9119202554,
    "operatingIncome": 52082000,
    "operatingIncomeRatio": 0.6346664717,
    "totalOtherIncomeExpensesNet": -52082000,
    "incomeBeforeTax": 0,
    "incomeBeforeTaxRatio": 0,
    "incomeTaxExpense": 0,
    "netIncome": 26988000,
    "netIncomeRatio": 0.3288732909,
    "eps": 0.27,
    "epsdiluted": 0.27,
    "weightedAverageShsOut": 100346512,
    "weightedAverageShsOutDil": 100394431,
    "link": "https://www.sec.gov/Archives/edgar/data/726728/000072672808000032/0000726728-08-000032-index.htm",
    "finalLink": "https://www.sec.gov/Archives/edgar/data/726728/000072672808000032/ricq208_10q.htm"
  },
  {
    "date": "2008-03-31",
    "symbol": "O",
    "reportedCurrency": "USD",
    "cik": "0000726728",
    "fillingDate": "2008-05-02",
    "acceptedDate": "2008-05-01 17:34:50",
    "calendarYear": "2008",
    "period": "Q1",
    "revenue": 82689000,
    "costOfRevenue": 1216000,
    "grossProfit": 81473000,
    "grossProfitRatio": 0.9852942955,
    "researchAndDevelopmentExpenses": 0,
    "generalAndAdministrativeExpenses": 0,
    "sellingAndMarketingExpenses": 0,
    "sellingGeneralAndAdministrativeExpenses": 5544000,
    "otherExpenses": 22474000,
    "operatingExpenses": 28018000,
    "costAndExpenses": 29234000,
    "interestIncome": 0,
    "interestExpense": 23386000,
    "depreciationAndAmortization": 22960000,
    "ebitda": 75531000,
    "ebitdaratio": 0.9134346769,
    "operatingIncome": 53455000,
    "operatingIncomeRatio": 0.6464584165,
    "totalOtherIncomeExpensesNet": -23268000,
    "incomeBeforeTax": 30187000,
    "incomeBeforeTaxRatio": 0.3650666957,
    "incomeTaxExpense": 398000,
    "netIncome": 23698000,
    "netIncomeRatio": 0.2865919288,
    "eps": 0.24,
    "epsdiluted": 0.24,
    "weightedAverageShsOut": 100280264,
    "weightedAverageShsOutDil": 100365576,
    "link": "https://www.sec.gov/Archives/edgar/data/726728/000072672808000014/0000726728-08-000014-index.htm",
    "finalLink": "https://www.sec.gov/Archives/edgar/data/726728/000072672808000014/ricq108_10q.htm"
  },
  {
    "date": "2007-12-31",
    "symbol": "O",
    "reportedCurrency": "USD",
    "cik": "0000726728",
    "fillingDate": "2008-02-15",
    "acceptedDate": "2008-02-14 17:58:16",
    "calendarYear": "2007",
    "period": "Q4",
    "revenue": 80616000,
    "costOfRevenue": 0,
    "grossProfit": 80616000,
    "grossProfitRatio": 1,
    "researchAndDevelopmentExpenses": 0,
    "generalAndAdministrativeExpenses": 0,
    "sellingAndMarketingExpenses": 0,
    "sellingGeneralAndAdministrativeExpenses": 5475000,
    "otherExpenses": 22373000,
    "operatingExpenses": 27848000,
    "costAndExpenses": 27848000,
    "interestIncome": 0,
    "interestExpense": 0,
    "depreciationAndAmortization": 21060000,
    "ebitda": 73828000,
    "ebitdaratio": 0.9157983527,
    "operatingIncome": 52768000,
    "operatingIncomeRatio": 0.6545598889,
    "totalOtherIncomeExpensesNet": -22275000,
    "incomeBeforeTax": 30493000,
    "incomeBeforeTaxRatio": 0.3782499752,
    "incomeTaxExpense": 444000,
    "netIncome": 33176000,
    "netIncomeRatio": 0.4115312097,
    "eps": 0.33,
    "epsdiluted": 0.33,
    "weightedAverageShsOut": 100280264,
    "weightedAverageShsOutDil": 100280264,
    "link": "https://www.sec.gov/Archives/edgar/data/726728/000114036108004298/0001140361-08-004298-index.htm",
    "finalLink": "https://www.sec.gov/Archives/edgar/data/726728/000114036108004298/ric10k_2007yr.htm"
  },
  {
    "date": "2007-09-30",
    "symbol": "O",
    "reportedCurrency": "USD",
    "cik": "0000726728",
    "fillingDate": "2007-11-02",
    "acceptedDate": "2007-11-01 19:14:31",
    "calendarYear": "2007",
    "period": "Q3",
    "revenue": 73522000,
    "costOfRevenue": 0,
    "grossProfit": 73522000,
    "grossProfitRatio": 1,
    "researchAndDevelopmentExpenses": 0,
    "generalAndAdministrativeExpenses": 0,
    "sellingAndMarketingExpenses": 0,
    "sellingGeneralAndAdministrativeExpenses": 6290000,
    "otherExpenses": 20598000,
    "operatingExpenses": 26888000,
    "costAndExpenses": 26888000,
    "interestIncome": 0,
    "interestExpense": 16163000,
    "depreciationAndAmortization": 19489000,
    "ebitda": 68964000,
    "ebitdaratio": 0.9380049509,
    "operatingIncome": 46634000,
    "operatingIncomeRatio": 0.6342863361,
    "totalOtherIncomeExpensesNet": -15381000,
    "incomeBeforeTax": 31253000,
    "incomeBeforeTaxRatio": 0.4250836484,
    "incomeTaxExpense": 350000,
    "netIncome": 33973000,
    "netIncomeRatio": 0.4620793776,
    "eps": 0.34,
    "epsdiluted": 0.34,
    "weightedAverageShsOut": 100187901,
    "weightedAverageShsOutDil": 100252953,
    "link": "https://www.sec.gov/Archives/edgar/data/726728/000072672807000018/0000726728-07-000018-index.htm",
    "finalLink": "https://www.sec.gov/Archives/edgar/data/726728/000072672807000018/ricq307_10q.htm"
  },
  {
    "date": "2007-06-30",
    "symbol": "O",
    "reportedCurrency": "USD",
    "cik": "0000726728",
    "fillingDate": "2007-08-02",
    "acceptedDate": "2007-08-02 17:30:15",
    "calendarYear": "2007",
    "period": "Q2",
    "revenue": 70325000,
    "costOfRevenue": 0,
    "grossProfit": 70325000,
    "grossProfitRatio": 1,
    "researchAndDevelopmentExpenses": 0,
    "generalAndAdministrativeExpenses": 179000,
    "sellingAndMarketingExpenses": 5659000,
    "sellingGeneralAndAdministrativeExpenses": 5838000,
    "otherExpenses": 19725000,
    "operatingExpenses": 25563000,
    "costAndExpenses": 25563000,
    "interestIncome": 0,
    "interestExpense": 13029000,
    "depreciationAndAmortization": 18518000,
    "ebitda": 63176000,
    "ebitdaratio": 0.8983434056,
    "operatingIncome": 44762000,
    "operatingIncomeRatio": 0.6365019552,
    "totalOtherIncomeExpensesNet": -12418000,
    "incomeBeforeTax": 32344000,
    "incomeBeforeTaxRatio": 0.4599217917,
    "incomeTaxExpense": 353000,
    "netIncome": 30873000,
    "netIncomeRatio": 0.4390046214,
    "eps": 0.31,
    "epsdiluted": 0.31,
    "weightedAverageShsOut": 100133094,
    "weightedAverageShsOutDil": 100246112,
    "link": "https://www.sec.gov/Archives/edgar/data/726728/000072672807000010/0000726728-07-000010-index.htm",
    "finalLink": "https://www.sec.gov/Archives/edgar/data/726728/000072672807000010/riq207_10q.htm"
  },
  {
    "date": "2007-03-31",
    "symbol": "O",
    "reportedCurrency": "USD",
    "cik": "0000726728",
    "fillingDate": "2007-05-03",
    "acceptedDate": "2007-05-03 17:22:04",
    "calendarYear": "2007",
    "period": "Q1",
    "revenue": 71330000,
    "costOfRevenue": 0,
    "grossProfit": 71330000,
    "grossProfitRatio": 1,
    "researchAndDevelopmentExpenses": 0,
    "generalAndAdministrativeExpenses": 103000,
    "sellingAndMarketingExpenses": 4988000,
    "sellingGeneralAndAdministrativeExpenses": 5091000,
    "otherExpenses": 19174000,
    "operatingExpenses": 24265000,
    "costAndExpenses": 24265000,
    "interestIncome": 0,
    "interestExpense": 0,
    "depreciationAndAmortization": 18125000,
    "ebitda": 65133000,
    "ebitdaratio": 0.9131221085,
    "operatingIncome": 47065000,
    "operatingIncomeRatio": 0.6598205524,
    "totalOtherIncomeExpensesNet": -12285000,
    "incomeBeforeTax": 34780000,
    "incomeBeforeTaxRatio": 0.4875928782,
    "incomeTaxExpense": 245000,
    "netIncome": 30260000,
    "netIncomeRatio": 0.4242254311,
    "eps": 0.3,
    "epsdiluted": 0.3,
    "weightedAverageShsOut": 100054868,
    "weightedAverageShsOutDil": 100276300,
    "link": "https://www.sec.gov/Archives/edgar/data/726728/000110465907035476/0001104659-07-035476-index.htm",
    "finalLink": "https://www.sec.gov/Archives/edgar/data/726728/000110465907035476/a07-10729_110q.htm"
  },
  {
    "date": "2006-12-31",
    "symbol": "O",
    "reportedCurrency": "USD",
    "cik": "0000726728",
    "fillingDate": "2007-02-21",
    "acceptedDate": "2007-02-21 16:13:37",
    "calendarYear": "2006",
    "period": "Q4",
    "revenue": 69108000,
    "costOfRevenue": 0,
    "grossProfit": 69108000,
    "grossProfitRatio": 1,
    "researchAndDevelopmentExpenses": 0,
    "generalAndAdministrativeExpenses": 0,
    "sellingAndMarketingExpenses": 0,
    "sellingGeneralAndAdministrativeExpenses": 4856000,
    "otherExpenses": 17727000,
    "operatingExpenses": 22583000,
    "costAndExpenses": 22583000,
    "interestIncome": 0,
    "interestExpense": 0,
    "depreciationAndAmortization": 16531000,
    "ebitda": 63056000,
    "ebitdaratio": 0.912426926,
    "operatingIncome": 46525000,
    "operatingIncomeRatio": 0.6732216241,
    "totalOtherIncomeExpensesNet": -13517000,
    "incomeBeforeTax": 33008000,
    "incomeBeforeTaxRatio": 0.477629218,
    "incomeTaxExpense": 189000,
    "netIncome": 28386000,
    "netIncomeRatio": 0.4107483938,
    "eps": 0.33,
    "epsdiluted": 0.33,
    "weightedAverageShsOut": 98258373,
    "weightedAverageShsOutDil": 100054868,
    "link": "https://www.sec.gov/Archives/edgar/data/726728/000110465907012727/0001104659-07-012727-index.htm",
    "finalLink": "https://www.sec.gov/Archives/edgar/data/726728/000110465907012727/a07-4922_110k.htm"
  },
  {
    "date": "2006-09-30",
    "symbol": "O",
    "reportedCurrency": "USD",
    "cik": "0000726728",
    "fillingDate": "2006-11-06",
    "acceptedDate": "2006-11-06 17:10:30",
    "calendarYear": "2006",
    "period": "Q3",
    "revenue": 59164000,
    "costOfRevenue": 0,
    "grossProfit": 59164000,
    "grossProfitRatio": 1,
    "researchAndDevelopmentExpenses": 0,
    "generalAndAdministrativeExpenses": 0,
    "sellingAndMarketingExpenses": 0,
    "sellingGeneralAndAdministrativeExpenses": 4083000,
    "otherExpenses": 17024000,
    "operatingExpenses": 21107000,
    "costAndExpenses": 21107000,
    "interestIncome": 0,
    "interestExpense": 0,
    "depreciationAndAmortization": 14637000,
    "ebitda": 52643000,
    "ebitdaratio": 0.8897809479,
    "operatingIncome": 38057000,
    "operatingIncomeRatio": 0.6432458928,
    "totalOtherIncomeExpensesNet": -12346000,
    "incomeBeforeTax": 25711000,
    "incomeBeforeTaxRatio": 0.434571699,
    "incomeTaxExpense": 96000,
    "netIncome": 24207000,
    "netIncomeRatio": 0.409150835,
    "eps": 0.27,
    "epsdiluted": 0.27,
    "weightedAverageShsOut": 89166429,
    "weightedAverageShsOutDil": 89267138,
    "link": "https://www.sec.gov/Archives/edgar/data/726728/000110465906071734/0001104659-06-071734-index.htm",
    "finalLink": "https://www.sec.gov/Archives/edgar/data/726728/000110465906071734/a06-21579_110q.htm"
  },
  {
    "date": "2006-06-30",
    "symbol": "O",
    "reportedCurrency": "USD",
    "cik": "0000726728",
    "fillingDate": "2006-08-03",
    "acceptedDate": "2006-08-03 14:01:04",
    "calendarYear": "2006",
    "period": "Q2",
    "revenue": 56469000,
    "costOfRevenue": 0,
    "grossProfit": 56469000,
    "grossProfitRatio": 1,
    "researchAndDevelopmentExpenses": 0,
    "generalAndAdministrativeExpenses": 0,
    "sellingAndMarketingExpenses": 0,
    "sellingGeneralAndAdministrativeExpenses": 4355000,
    "otherExpenses": 15698000,
    "operatingExpenses": 20052000,
    "costAndExpenses": 20052000,
    "interestIncome": 0,
    "interestExpense": 0,
    "depreciationAndAmortization": 14773000,
    "ebitda": 51199000,
    "ebitdaratio": 0.9066744586,
    "operatingIncome": 36417000,
    "operatingIncomeRatio": 0.6449025129,
    "totalOtherIncomeExpensesNet": -11684000,
    "incomeBeforeTax": 24733000,
    "incomeBeforeTaxRatio": 0.4379925269,
    "incomeTaxExpense": 231000,
    "netIncome": 24289000,
    "netIncomeRatio": 0.4301298057,
    "eps": 0.28,
    "epsdiluted": 0.27,
    "weightedAverageShsOut": 88305175,
    "weightedAverageShsOutDil": 88466024,
    "link": "https://www.sec.gov/Archives/edgar/data/726728/000110465906051091/0001104659-06-051091-index.htm",
    "finalLink": "https://www.sec.gov/Archives/edgar/data/726728/000110465906051091/a06-15229_110q.htm"
  },
  {
    "date": "2006-03-31",
    "symbol": "O",
    "reportedCurrency": "USD",
    "cik": "0000726728",
    "fillingDate": "2006-05-05",
    "acceptedDate": "2006-05-04 17:40:40",
    "calendarYear": "2006",
    "period": "Q1",
    "revenue": 55118000,
    "costOfRevenue": 0,
    "grossProfit": 55118000,
    "grossProfitRatio": 1,
    "researchAndDevelopmentExpenses": 0,
    "generalAndAdministrativeExpenses": 0,
    "sellingAndMarketingExpenses": 0,
    "sellingGeneralAndAdministrativeExpenses": 4245000,
    "otherExpenses": 14595000,
    "operatingExpenses": 18840000,
    "costAndExpenses": 18840000,
    "interestIncome": 0,
    "interestExpense": 0,
    "depreciationAndAmortization": 13551000,
    "ebitda": 49782000,
    "ebitdaratio": 0.9031895207,
    "operatingIncome": 36278000,
    "operatingIncomeRatio": 0.6581878878,
    "totalOtherIncomeExpensesNet": -12967000,
    "incomeBeforeTax": 23482000,
    "incomeBeforeTaxRatio": 0.4260314235,
    "incomeTaxExpense": 231000,
    "netIncome": 22537000,
    "netIncomeRatio": 0.4088863892,
    "eps": 0.27,
    "epsdiluted": 0.27,
    "weightedAverageShsOut": 83208660,
    "weightedAverageShsOutDil": 83412391,
    "link": "https://www.sec.gov/Archives/edgar/data/726728/000110465906031269/0001104659-06-031269-index.htm",
    "finalLink": "https://www.sec.gov/Archives/edgar/data/726728/000110465906031269/a06-9299_110q.htm"
  },
  {
    "date": "2005-12-31",
    "symbol": "O",
    "reportedCurrency": "USD",
    "cik": "0000726728",
    "fillingDate": "2006-02-23",
    "acceptedDate": "2006-02-23 16:48:54",
    "calendarYear": "2005",
    "period": "Q4",
    "revenue": 53385000,
    "costOfRevenue": 0,
    "grossProfit": 53385000,
    "grossProfitRatio": 1,
    "researchAndDevelopmentExpenses": 0,
    "generalAndAdministrativeExpenses": 0,
    "sellingAndMarketingExpenses": 0,
    "sellingGeneralAndAdministrativeExpenses": 3494000,
    "otherExpenses": 14292000,
    "operatingExpenses": 17786000,
    "costAndExpenses": 17786000,
    "interestIncome": 0,
    "interestExpense": 11869000,
    "depreciationAndAmortization": 11519000,
    "ebitda": 48744000,
    "ebitdaratio": 0.9130654678,
    "operatingIncome": 35599000,
    "operatingIncomeRatio": 0.6668352533,
    "totalOtherIncomeExpensesNet": -35599000,
    "incomeBeforeTax": 0,
    "incomeBeforeTaxRatio": 0,
    "incomeTaxExpense": 0,
    "netIncome": 25477000,
    "netIncomeRatio": 0.4772314321,
    "eps": 0.33,
    "epsdiluted": 0.33,
    "weightedAverageShsOut": 80840196,
    "weightedAverageShsOutDil": 83208660,
    "link": "https://www.sec.gov/Archives/edgar/data/726728/000110465906011663/0001104659-06-011663-index.htm",
    "finalLink": "https://www.sec.gov/Archives/edgar/data/726728/000110465906011663/a06-1908_110k.htm"
  },
  {
    "date": "2005-09-30",
    "symbol": "O",
    "reportedCurrency": "USD",
    "cik": "0000726728",
    "fillingDate": "2005-11-02",
    "acceptedDate": "2005-11-02 17:10:42",
    "calendarYear": "2005",
    "period": "Q3",
    "revenue": 48887000,
    "costOfRevenue": 0,
    "grossProfit": 48887000,
    "grossProfitRatio": 1,
    "researchAndDevelopmentExpenses": 0,
    "generalAndAdministrativeExpenses": 137000,
    "sellingAndMarketingExpenses": 4029000,
    "sellingGeneralAndAdministrativeExpenses": 4166000,
    "otherExpenses": 12430000,
    "operatingExpenses": 16596000,
    "costAndExpenses": 16596000,
    "interestIncome": 0,
    "interestExpense": 10228000,
    "depreciationAndAmortization": 12882000,
    "ebitda": 43517000,
    "ebitdaratio": 0.8901548469,
    "operatingIncome": 32291000,
    "operatingIncomeRatio": 0.6605232475,
    "totalOtherIncomeExpensesNet": -32291000,
    "incomeBeforeTax": 0,
    "incomeBeforeTaxRatio": 0,
    "incomeTaxExpense": 0,
    "netIncome": 20771000,
    "netIncomeRatio": 0.4248777794,
    "eps": 0.26,
    "epsdiluted": 0.26,
    "weightedAverageShsOut": 79779808,
    "weightedAverageShsOutDil": 79843553,
    "link": "https://www.sec.gov/Archives/edgar/data/726728/000110465905051971/0001104659-05-051971-index.htm",
    "finalLink": "https://www.sec.gov/Archives/edgar/data/726728/000110465905051971/a05-17999_110q.htm"
  },
  {
    "date": "2005-06-30",
    "symbol": "O",
    "reportedCurrency": "USD",
    "cik": "0000726728",
    "fillingDate": "2005-08-03",
    "acceptedDate": "2005-08-03 14:41:39",
    "calendarYear": "2005",
    "period": "Q2",
    "revenue": 47215000,
    "costOfRevenue": 0,
    "grossProfit": 47215000,
    "grossProfitRatio": 1,
    "researchAndDevelopmentExpenses": 0,
    "generalAndAdministrativeExpenses": 134000,
    "sellingAndMarketingExpenses": 3572000,
    "sellingGeneralAndAdministrativeExpenses": 3706000,
    "otherExpenses": 12374000,
    "operatingExpenses": 16080000,
    "costAndExpenses": 16080000,
    "interestIncome": 0,
    "interestExpense": 0,
    "depreciationAndAmortization": 11232000,
    "ebitda": 42298000,
    "ebitdaratio": 0.8958593667,
    "operatingIncome": 31135000,
    "operatingIncomeRatio": 0.6594302658,
    "totalOtherIncomeExpensesNet": -9590000,
    "incomeBeforeTax": 21712000,
    "incomeBeforeTaxRatio": 0.45985386,
    "incomeTaxExpense": 203000,
    "netIncome": 22315000,
    "netIncomeRatio": 0.472625225,
    "eps": 0.28,
    "epsdiluted": 0.28,
    "weightedAverageShsOut": 79597321,
    "weightedAverageShsOutDil": 79676168,
    "link": "https://www.sec.gov/Archives/edgar/data/726728/000110465905035997/0001104659-05-035997-index.htm",
    "finalLink": "https://www.sec.gov/Archives/edgar/data/726728/000110465905035997/a05-12627_110q.htm"
  },
  {
    "date": "2005-03-31",
    "symbol": "O",
    "reportedCurrency": "USD",
    "cik": "0000726728",
    "fillingDate": "2005-05-04",
    "acceptedDate": "2005-05-04 11:39:23",
    "calendarYear": "2005",
    "period": "Q1",
    "revenue": 46553000,
    "costOfRevenue": 0,
    "grossProfit": 46553000,
    "grossProfitRatio": 1,
    "researchAndDevelopmentExpenses": 0,
    "generalAndAdministrativeExpenses": 0,
    "sellingAndMarketingExpenses": 0,
    "sellingGeneralAndAdministrativeExpenses": 4056000,
    "otherExpenses": 29907000,
    "operatingExpenses": 33963000,
    "costAndExpenses": 33963000,
    "interestIncome": 0,
    "interestExpense": 0,
    "depreciationAndAmortization": 10817000,
    "ebitda": 23338000,
    "ebitdaratio": 0.5013210749,
    "operatingIncome": 12590000,
    "operatingIncomeRatio": 0.2704444397,
    "totalOtherIncomeExpensesNet": 9256000,
    "incomeBeforeTax": 21932000,
    "incomeBeforeTaxRatio": 0.4711189397,
    "incomeTaxExpense": 198000,
    "netIncome": 21152000,
    "netIncomeRatio": 0.4543638434,
    "eps": 0.27,
    "epsdiluted": 0.27,
    "weightedAverageShsOut": 79581517,
    "weightedAverageShsOutDil": 79659364,
    "link": "https://www.sec.gov/Archives/edgar/data/726728/000110465905020229/0001104659-05-020229-index.htm",
    "finalLink": "https://www.sec.gov/Archives/edgar/data/726728/000110465905020229/a05-7941_110q.htm"
  },
  {
    "date": "2004-12-31",
    "symbol": "O",
    "reportedCurrency": "USD",
    "cik": "0000726728",
    "fillingDate": "2005-03-04",
    "acceptedDate": "2005-03-04 13:35:32",
    "calendarYear": "2004",
    "period": "Q4",
    "revenue": 45329000,
    "costOfRevenue": 0,
    "grossProfit": 45329000,
    "grossProfitRatio": 1,
    "researchAndDevelopmentExpenses": 0,
    "generalAndAdministrativeExpenses": 0,
    "sellingAndMarketingExpenses": 0,
    "sellingGeneralAndAdministrativeExpenses": 3496000,
    "otherExpenses": 28492000,
    "operatingExpenses": 31988000,
    "costAndExpenses": 31988000,
    "interestIncome": 0,
    "interestExpense": 0,
    "depreciationAndAmortization": 10259000,
    "ebitda": 23600000,
    "ebitdaratio": 0.5206380022,
    "operatingIncome": 13341000,
    "operatingIncomeRatio": 0.2943148977,
    "totalOtherIncomeExpensesNet": 8770000,
    "incomeBeforeTax": 22111000,
    "incomeBeforeTaxRatio": 0.487789274,
    "incomeTaxExpense": 178000,
    "netIncome": 28086000,
    "netIncomeRatio": 0.6196033444,
    "eps": 0.33,
    "epsdiluted": 0.33,
    "weightedAverageShsOut": 79306972,
    "weightedAverageShsOutDil": 79581517,
    "link": "https://www.sec.gov/Archives/edgar/data/726728/000110465905009503/0001104659-05-009503-index.htm",
    "finalLink": "https://www.sec.gov/Archives/edgar/data/726728/000110465905009503/a05-1739_110k.htm"
  },
  {
    "date": "2004-09-30",
    "symbol": "O",
    "reportedCurrency": "USD",
    "cik": "0000726728",
    "fillingDate": "2004-11-03",
    "acceptedDate": "2004-11-03 14:43:18",
    "calendarYear": "2004",
    "period": "Q3",
    "revenue": 43655000,
    "costOfRevenue": 0,
    "grossProfit": 43655000,
    "grossProfitRatio": 1,
    "researchAndDevelopmentExpenses": 0,
    "generalAndAdministrativeExpenses": 0,
    "sellingAndMarketingExpenses": 0,
    "sellingGeneralAndAdministrativeExpenses": 3202000,
    "otherExpenses": 11073000,
    "operatingExpenses": 14275000,
    "costAndExpenses": 14275000,
    "interestIncome": 0,
    "interestExpense": 8552000,
    "depreciationAndAmortization": 10132000,
    "ebitda": 40553000,
    "ebitdaratio": 0.9289428473,
    "operatingIncome": 29380000,
    "operatingIncomeRatio": 0.6730042378,
    "totalOtherIncomeExpensesNet": -8101000,
    "incomeBeforeTax": 21279000,
    "incomeBeforeTaxRatio": 0.4874355744,
    "incomeTaxExpense": 177000,
    "netIncome": 21988000,
    "netIncomeRatio": 0.5036765548,
    "eps": 0.28,
    "epsdiluted": 0.28,
    "weightedAverageShsOut": 79280944,
    "weightedAverageShsOutDil": 79349986,
    "link": "https://www.sec.gov/Archives/edgar/data/726728/000110465904033259/0001104659-04-033259-index.htm",
    "finalLink": "https://www.sec.gov/Archives/edgar/data/726728/000110465904033259/a04-12477_110q.htm"
  },
  {
    "date": "2004-06-30",
    "symbol": "O",
    "reportedCurrency": "USD",
    "cik": "0000726728",
    "fillingDate": "2004-08-06",
    "acceptedDate": "2004-08-06 12:02:28",
    "calendarYear": "2004",
    "period": "Q2",
    "revenue": 43833000,
    "costOfRevenue": 0,
    "grossProfit": 43833000,
    "grossProfitRatio": 1,
    "researchAndDevelopmentExpenses": 0,
    "generalAndAdministrativeExpenses": 0,
    "sellingAndMarketingExpenses": 0,
    "sellingGeneralAndAdministrativeExpenses": 3260000,
    "otherExpenses": 10948000,
    "operatingExpenses": 14208000,
    "costAndExpenses": 14208000,
    "interestIncome": 0,
    "interestExpense": 0,
    "depreciationAndAmortization": 10159000,
    "ebitda": 39633000,
    "ebitdaratio": 0.9041817809,
    "operatingIncome": 29625000,
    "operatingIncomeRatio": 0.6758606529,
    "totalOtherIncomeExpensesNet": -8314000,
    "incomeBeforeTax": 21769000,
    "incomeBeforeTaxRatio": 0.4966349554,
    "incomeTaxExpense": 191000,
    "netIncome": 21446000,
    "netIncomeRatio": 0.4892660781,
    "eps": 0.27,
    "epsdiluted": 0.27,
    "weightedAverageShsOut": 79245656,
    "weightedAverageShsOutDil": 79323180,
    "link": "https://www.sec.gov/Archives/edgar/data/726728/000110465904022891/0001104659-04-022891-index.htm",
    "finalLink": "https://www.sec.gov/Archives/edgar/data/726728/000110465904022891/a04-8934_110q.htm"
  },
  {
    "date": "2004-03-31",
    "symbol": "O",
    "reportedCurrency": "USD",
    "cik": "0000726728",
    "fillingDate": "2004-05-10",
    "acceptedDate": "2004-05-10 13:52:25",
    "calendarYear": "2004",
    "period": "Q1",
    "revenue": 41456000,
    "costOfRevenue": 0,
    "grossProfit": 41456000,
    "grossProfitRatio": 1,
    "researchAndDevelopmentExpenses": 0,
    "generalAndAdministrativeExpenses": 0,
    "sellingAndMarketingExpenses": 0,
    "sellingGeneralAndAdministrativeExpenses": 3162000,
    "otherExpenses": 27374000,
    "operatingExpenses": 30534000,
    "costAndExpenses": 30534000,
    "interestIncome": 0,
    "interestExpense": 0,
    "depreciationAndAmortization": 9789000,
    "ebitda": 20484000,
    "ebitdaratio": 0.4941142416,
    "operatingIncome": 10922000,
    "operatingIncomeRatio": 0.263460054,
    "totalOtherIncomeExpensesNet": 9271000,
    "incomeBeforeTax": 20193000,
    "incomeBeforeTaxRatio": 0.4870947511,
    "incomeTaxExpense": 153000,
    "netIncome": 22423000,
    "netIncomeRatio": 0.5408867233,
    "eps": 0.29,
    "epsdiluted": 0.29,
    "weightedAverageShsOut": 76228344,
    "weightedAverageShsOutDil": 76321278,
    "link": "https://www.sec.gov/Archives/edgar/data/726728/000110465904013469/0001104659-04-013469-index.htm",
    "finalLink": "https://www.sec.gov/Archives/edgar/data/726728/000110465904013469/a04-5698_110q.htm"
  },
  {
    "date": "2003-12-31",
    "symbol": "O",
    "reportedCurrency": "USD",
    "cik": "0000726728",
    "fillingDate": "2004-02-19",
    "acceptedDate": "2004-02-19 11:51:22",
    "calendarYear": "2003",
    "period": "Q4",
    "revenue": 46824000,
    "costOfRevenue": 0,
    "grossProfit": 46824000,
    "grossProfitRatio": 1,
    "researchAndDevelopmentExpenses": 0,
    "generalAndAdministrativeExpenses": 0,
    "sellingAndMarketingExpenses": 0,
    "sellingGeneralAndAdministrativeExpenses": 3091000,
    "otherExpenses": -7457000,
    "operatingExpenses": -4366000,
    "costAndExpenses": -4366000,
    "interestIncome": 0,
    "interestExpense": 0,
    "depreciationAndAmortization": 9997000,
    "ebitda": 61187000,
    "ebitdaratio": 1.3067444046,
    "operatingIncome": 51190000,
    "operatingIncomeRatio": 1.0932427815,
    "totalOtherIncomeExpensesNet": -51190000,
    "incomeBeforeTax": 0,
    "incomeBeforeTaxRatio": 0,
    "incomeTaxExpense": 0,
    "netIncome": 25055000,
    "netIncomeRatio": 0.5350888433,
    "eps": 0.36,
    "epsdiluted": 0.36,
    "weightedAverageShsOut": 75052317,
    "weightedAverageShsOutDil": 76010169,
    "link": "https://www.sec.gov/Archives/edgar/data/726728/000110465904005114/0001104659-04-005114-index.htm",
    "finalLink": "https://www.sec.gov/Archives/edgar/data/726728/000110465904005114/a04-2630_110k.htm"
  },
  {
    "date": "2003-09-30",
    "symbol": "O",
    "reportedCurrency": "USD",
    "cik": "0000726728",
    "fillingDate": "2003-11-06",
    "acceptedDate": "2003-11-06 16:29:44",
    "calendarYear": "2003",
    "period": "Q3",
    "revenue": 36271000,
    "costOfRevenue": 0,
    "grossProfit": 36271000,
    "grossProfitRatio": 1,
    "researchAndDevelopmentExpenses": 0,
    "generalAndAdministrativeExpenses": 93000,
    "sellingAndMarketingExpenses": 2544000,
    "sellingGeneralAndAdministrativeExpenses": 2637000,
    "otherExpenses": 22007000,
    "operatingExpenses": 24551000,
    "costAndExpenses": 24551000,
    "interestIncome": 0,
    "interestExpense": 0,
    "depreciationAndAmortization": 8148000,
    "ebitda": 19802000,
    "ebitdaratio": 0.5459457969,
    "operatingIncome": 11720000,
    "operatingIncomeRatio": 0.3231231562,
    "totalOtherIncomeExpensesNet": -11720000,
    "incomeBeforeTax": 19433000,
    "incomeBeforeTaxRatio": 0.5357723801,
    "incomeTaxExpense": 0,
    "netIncome": 17901000,
    "netIncomeRatio": 0.4935347799,
    "eps": 0.26,
    "epsdiluted": 0.26,
    "weightedAverageShsOut": 70200000,
    "weightedAverageShsOutDil": 70200000,
    "link": "https://www.sec.gov/Archives/edgar/data/726728/000110465903024968/0001104659-03-024968-index.htm",
    "finalLink": "https://www.sec.gov/Archives/edgar/data/726728/000110465903024968/a03-4838_110q.htm"
  },
  {
    "date": "2003-06-30",
    "symbol": "O",
    "reportedCurrency": "USD",
    "cik": "0000726728",
    "fillingDate": "2003-08-08",
    "acceptedDate": "2003-08-08 11:21:26",
    "calendarYear": "2003",
    "period": "Q2",
    "revenue": 35410000,
    "costOfRevenue": 0,
    "grossProfit": 35410000,
    "grossProfitRatio": 1,
    "researchAndDevelopmentExpenses": 0,
    "generalAndAdministrativeExpenses": 71000,
    "sellingAndMarketingExpenses": 2636000,
    "sellingGeneralAndAdministrativeExpenses": 2707000,
    "otherExpenses": 8789000,
    "operatingExpenses": 11425000,
    "costAndExpenses": 11425000,
    "interestIncome": 0,
    "interestExpense": 0,
    "depreciationAndAmortization": 8198000,
    "ebitda": 32072000,
    "ebitdaratio": 0.9057328438,
    "operatingIncome": 23985000,
    "operatingIncomeRatio": 0.6773510308,
    "totalOtherIncomeExpensesNet": -6410000,
    "incomeBeforeTax": 18351000,
    "incomeBeforeTaxRatio": 0.5182434341,
    "incomeTaxExpense": 136000,
    "netIncome": 18162000,
    "netIncomeRatio": 0.5129059588,
    "eps": 0.26,
    "epsdiluted": 0.26,
    "weightedAverageShsOut": 69853846,
    "weightedAverageShsOutDil": 69853846,
    "link": "https://www.sec.gov/Archives/edgar/data/726728/000110465903017158/0001104659-03-017158-index.htm",
    "finalLink": "https://www.sec.gov/Archives/edgar/data/726728/000110465903017158/a03-2162_110q.htm"
  },
  {
    "date": "2003-03-31",
    "symbol": "O",
    "reportedCurrency": "USD",
    "cik": "0000726728",
    "fillingDate": "2003-05-08",
    "acceptedDate": "2003-05-08 17:18:06",
    "calendarYear": "2003",
    "period": "Q1",
    "revenue": 34700000,
    "costOfRevenue": 0,
    "grossProfit": 34700000,
    "grossProfitRatio": 1,
    "researchAndDevelopmentExpenses": 0,
    "generalAndAdministrativeExpenses": 0,
    "sellingAndMarketingExpenses": 0,
    "sellingGeneralAndAdministrativeExpenses": 2747000,
    "otherExpenses": 8618000,
    "operatingExpenses": 11193000,
    "costAndExpenses": 11193000,
    "interestIncome": 0,
    "interestExpense": 0,
    "depreciationAndAmortization": 8073000,
    "ebitda": 31382000,
    "ebitdaratio": 0.9043804035,
    "operatingIncome": 23507000,
    "operatingIncomeRatio": 0.6774351585,
    "totalOtherIncomeExpensesNet": -5752000,
    "incomeBeforeTax": 18318000,
    "incomeBeforeTaxRatio": 0.5278962536,
    "incomeTaxExpense": 135000,
    "netIncome": 15606000,
    "netIncomeRatio": 0.449740634,
    "eps": 0.23,
    "epsdiluted": 0.23,
    "weightedAverageShsOut": 69360000,
    "weightedAverageShsOutDil": 69360000,
    "link": "https://www.sec.gov/Archives/edgar/data/726728/000110465903008680/0001104659-03-008680-index.htm",
    "finalLink": "https://www.sec.gov/Archives/edgar/data/726728/000110465903008680/j0499_10q.htm"
  },
  {
    "date": "2002-12-31",
    "symbol": "O",
    "reportedCurrency": "USD",
    "cik": "0000726728",
    "fillingDate": "2003-03-05",
    "acceptedDate": "2003-03-04 18:55:01",
    "calendarYear": "2002",
    "period": "Q4",
    "revenue": 37152000,
    "costOfRevenue": 0,
    "grossProfit": 37152000,
    "grossProfitRatio": 1,
    "researchAndDevelopmentExpenses": 0,
    "generalAndAdministrativeExpenses": 0,
    "sellingAndMarketingExpenses": 0,
    "sellingGeneralAndAdministrativeExpenses": 2404000,
    "otherExpenses": 9065000,
    "operatingExpenses": 11469000,
    "costAndExpenses": 11469000,
    "interestIncome": 0,
    "interestExpense": 6209000,
    "depreciationAndAmortization": 8181000,
    "ebitda": 33864000,
    "ebitdaratio": 0.911498708,
    "operatingIncome": 25683000,
    "operatingIncomeRatio": 0.6912952196,
    "totalOtherIncomeExpensesNet": -25683000,
    "incomeBeforeTax": 0,
    "incomeBeforeTaxRatio": 0,
    "incomeTaxExpense": 0,
    "netIncome": 17679000,
    "netIncomeRatio": 0.4758559432,
    "eps": 0.29,
    "epsdiluted": 0.29,
    "weightedAverageShsOut": 69360000,
    "weightedAverageShsOutDil": 69360000,
    "link": "https://www.sec.gov/Archives/edgar/data/726728/000072672803000013/0000726728-03-000013-index.htm",
    "finalLink": "https://www.sec.gov/Archives/edgar/data/726728/000072672803000013/form10k2002.txt"
  },
  {
    "date": "2002-09-30",
    "symbol": "O",
    "reportedCurrency": "USD",
    "cik": "0000726728",
    "fillingDate": "2002-11-08",
    "acceptedDate": "2002-11-08 12:11:11",
    "calendarYear": "2002",
    "period": "Q3",
    "revenue": 36055000,
    "costOfRevenue": 0,
    "grossProfit": 36055000,
    "grossProfitRatio": 1,
    "researchAndDevelopmentExpenses": 0,
    "generalAndAdministrativeExpenses": 0,
    "sellingAndMarketingExpenses": 0,
    "sellingGeneralAndAdministrativeExpenses": 2313000,
    "otherExpenses": 9177000,
    "operatingExpenses": 11490000,
    "costAndExpenses": 11490000,
    "interestIncome": 0,
    "interestExpense": 5919000,
    "depreciationAndAmortization": 8564000,
    "ebitda": 33129000,
    "ebitdaratio": 0.9188462072,
    "operatingIncome": 24565000,
    "operatingIncomeRatio": 0.6813202052,
    "totalOtherIncomeExpensesNet": -24565000,
    "incomeBeforeTax": 0,
    "incomeBeforeTaxRatio": 0,
    "incomeTaxExpense": 0,
    "netIncome": 19392000,
    "netIncomeRatio": 0.5378449591,
    "eps": 0.28,
    "epsdiluted": 0.28,
    "weightedAverageShsOut": 68965044,
    "weightedAverageShsOutDil": 69076014,
    "link": "https://www.sec.gov/Archives/edgar/data/726728/000072672802000010/0000726728-02-000010-index.htm",
    "finalLink": "https://www.sec.gov/Archives/edgar/data/726728/000072672802000010/thirdqtr10q.txt"
  },
  {
    "date": "2002-06-30",
    "symbol": "O",
    "reportedCurrency": "USD",
    "cik": "0000726728",
    "fillingDate": "2002-08-09",
    "acceptedDate": "2002-08-09 16:57:20",
    "calendarYear": "2002",
    "period": "Q2",
    "revenue": 33901000,
    "costOfRevenue": 0,
    "grossProfit": 33901000,
    "grossProfitRatio": 1,
    "researchAndDevelopmentExpenses": 0,
    "generalAndAdministrativeExpenses": 0,
    "sellingAndMarketingExpenses": 0,
    "sellingGeneralAndAdministrativeExpenses": 2348000,
    "otherExpenses": 8641000,
    "operatingExpenses": 10989000,
    "costAndExpenses": 10989000,
    "interestIncome": 0,
    "interestExpense": 0,
    "depreciationAndAmortization": 7209000,
    "ebitda": 30333000,
    "ebitdaratio": 0.8947523672,
    "operatingIncome": 22912000,
    "operatingIncomeRatio": 0.6758502699,
    "totalOtherIncomeExpensesNet": -22912000,
    "incomeBeforeTax": 24038000,
    "incomeBeforeTaxRatio": 0.7090646294,
    "incomeTaxExpense": 0,
    "netIncome": 16017000,
    "netIncomeRatio": 0.4724639391,
    "eps": 0.24,
    "epsdiluted": 0.24,
    "weightedAverageShsOut": 66737500,
    "weightedAverageShsOutDil": 66737500,
    "link": "https://www.sec.gov/Archives/edgar/data/726728/000111055002000148/0001110550-02-000148-index.htm",
    "finalLink": "https://www.sec.gov/Archives/edgar/data/726728/000111055002000148/augustq.txt"
  },
  {
    "date": "2002-03-31",
    "symbol": "O",
    "reportedCurrency": "USD",
    "cik": "0000726728",
    "fillingDate": "2002-05-14",
    "acceptedDate": "2002-05-14 14:49:09",
    "calendarYear": "2002",
    "period": "Q1",
    "revenue": 33659000,
    "costOfRevenue": 0,
    "grossProfit": 33659000,
    "grossProfitRatio": 1,
    "researchAndDevelopmentExpenses": 0,
    "generalAndAdministrativeExpenses": 2389000,
    "sellingAndMarketingExpenses": 0,
    "sellingGeneralAndAdministrativeExpenses": 2389000,
    "otherExpenses": 8425000,
    "operatingExpenses": 10814000,
    "costAndExpenses": 10814000,
    "interestIncome": 0,
    "interestExpense": 0,
    "depreciationAndAmortization": 7474000,
    "ebitda": 30319000,
    "ebitdaratio": 0.9007694822,
    "operatingIncome": 22845000,
    "operatingIncomeRatio": 0.6787189162,
    "totalOtherIncomeExpensesNet": -22845000,
    "incomeBeforeTax": 23210000,
    "incomeBeforeTaxRatio": 0.6895629698,
    "incomeTaxExpense": 0,
    "netIncome": 15866000,
    "netIncomeRatio": 0.4713746695,
    "eps": 0.24,
    "epsdiluted": 0.24,
    "weightedAverageShsOut": 66108333,
    "weightedAverageShsOutDil": 66108333,
    "link": "https://www.sec.gov/Archives/edgar/data/726728/000072672802000008/0000726728-02-000008-index.htm",
    "finalLink": "https://www.sec.gov/Archives/edgar/data/726728/000072672802000008/firstqtr10q.txt"
  },
  {
    "date": "2001-12-31",
    "symbol": "O",
    "reportedCurrency": "USD",
    "cik": "0000726728",
    "fillingDate": "2002-03-21",
    "acceptedDate": "2002-03-21 00:00:00",
    "calendarYear": "2001",
    "period": "Q4",
    "revenue": 33773000,
    "costOfRevenue": 0,
    "grossProfit": 33773000,
    "grossProfitRatio": 1,
    "researchAndDevelopmentExpenses": 0,
    "generalAndAdministrativeExpenses": 0,
    "sellingAndMarketingExpenses": 0,
    "sellingGeneralAndAdministrativeExpenses": 2016000,
    "otherExpenses": -11575000,
    "operatingExpenses": -9559000,
    "costAndExpenses": -9559000,
    "interestIncome": 0,
    "interestExpense": 0,
    "depreciationAndAmortization": 7824000,
    "ebitda": 51156000,
    "ebitdaratio": 1.5147010926,
    "operatingIncome": 43332000,
    "operatingIncomeRatio": 1.2830367453,
    "totalOtherIncomeExpensesNet": -43332000,
    "incomeBeforeTax": 0,
    "incomeBeforeTaxRatio": 0,
    "incomeTaxExpense": 0,
    "netIncome": 15995000,
    "netIncomeRatio": 0.4736031741,
    "eps": 0.28,
    "epsdiluted": 0.28,
    "weightedAverageShsOut": 66108333,
    "weightedAverageShsOutDil": 66108333,
    "link": "https://www.sec.gov/Archives/edgar/data/726728/000072672802000005/0000726728-02-000005-index.htm",
    "finalLink": "https://www.sec.gov/Archives/edgar/data/726728/000072672802000005/annual10k.txt"
  },
  {
    "date": "2001-09-30",
    "symbol": "O",
    "reportedCurrency": "USD",
    "cik": "0000726728",
    "fillingDate": "2001-11-14",
    "acceptedDate": "2001-11-14 00:00:00",
    "calendarYear": "2001",
    "period": "Q3",
    "revenue": 30440000,
    "costOfRevenue": 0,
    "grossProfit": 30440000,
    "grossProfitRatio": 1,
    "researchAndDevelopmentExpenses": 0,
    "generalAndAdministrativeExpenses": 1914000,
    "sellingAndMarketingExpenses": 0,
    "sellingGeneralAndAdministrativeExpenses": 1914000,
    "otherExpenses": 8460000,
    "operatingExpenses": 10373000,
    "costAndExpenses": 10373000,
    "interestIncome": 0,
    "interestExpense": 6080000,
    "depreciationAndAmortization": 7234000,
    "ebitda": 27154000,
    "ebitdaratio": 0.8920499343,
    "operatingIncome": 20067000,
    "operatingIncomeRatio": 0.6592312746,
    "totalOtherIncomeExpensesNet": -20067000,
    "incomeBeforeTax": 0,
    "incomeBeforeTaxRatio": 0,
    "incomeTaxExpense": 0,
    "netIncome": 14758000,
    "netIncomeRatio": 0.4848226018,
    "eps": 0.25,
    "epsdiluted": 0.25,
    "weightedAverageShsOut": 59505614,
    "weightedAverageShsOutDil": 59608616,
    "link": "https://www.sec.gov/Archives/edgar/data/726728/000072672801500010/0000726728-01-500010-index.htm",
    "finalLink": "https://www.sec.gov/Archives/edgar/data/726728/000072672801500010/sept0110q.txt"
  },
  {
    "date": "2001-06-30",
    "symbol": "O",
    "reportedCurrency": "USD",
    "cik": "0000726728",
    "fillingDate": "2001-08-14",
    "acceptedDate": "2001-08-14 00:00:00",
    "calendarYear": "2001",
    "period": "Q2",
    "revenue": 29926000,
    "costOfRevenue": 0,
    "grossProfit": 29926000,
    "grossProfitRatio": 1,
    "researchAndDevelopmentExpenses": 0,
    "generalAndAdministrativeExpenses": 1866000,
    "sellingAndMarketingExpenses": 0,
    "sellingGeneralAndAdministrativeExpenses": 1866000,
    "otherExpenses": 14748000,
    "operatingExpenses": 16614000,
    "costAndExpenses": 16614000,
    "interestIncome": 0,
    "interestExpense": 0,
    "depreciationAndAmortization": 7158000,
    "ebitda": 20470000,
    "ebitdaratio": 0.6840205841,
    "operatingIncome": 13312000,
    "operatingIncomeRatio": 0.4448305821,
    "totalOtherIncomeExpensesNet": -13312000,
    "incomeBeforeTax": 13637000,
    "incomeBeforeTaxRatio": 0.4556907037,
    "incomeTaxExpense": 0,
    "netIncome": 11048000,
    "netIncomeRatio": 0.369177304,
    "eps": 0.2,
    "epsdiluted": 0.2,
    "weightedAverageShsOut": 56656410,
    "weightedAverageShsOutDil": 56656410,
    "link": "https://www.sec.gov/Archives/edgar/data/726728/000111055001500034/0001110550-01-500034-index.htm",
    "finalLink": "https://www.sec.gov/Archives/edgar/data/726728/000111055001500034/rsecondqtr10q.txt"
  },
  {
    "date": "2001-03-31",
    "symbol": "O",
    "reportedCurrency": "USD",
    "cik": "0000726728",
    "fillingDate": "2001-05-14",
    "acceptedDate": "2001-05-14 00:00:00",
    "calendarYear": "2001",
    "period": "Q1",
    "revenue": 31565000,
    "costOfRevenue": 0,
    "grossProfit": 31565000,
    "grossProfitRatio": 1,
    "researchAndDevelopmentExpenses": 0,
    "generalAndAdministrativeExpenses": 2040000,
    "sellingAndMarketingExpenses": 0,
    "sellingGeneralAndAdministrativeExpenses": 2040000,
    "otherExpenses": 17003000,
    "operatingExpenses": 19043000,
    "costAndExpenses": 19043000,
    "interestIncome": 0,
    "interestExpense": 0,
    "depreciationAndAmortization": 7210000,
    "ebitda": 19732000,
    "ebitdaratio": 0.6251227626,
    "operatingIncome": 12522000,
    "operatingIncomeRatio": 0.3967052115,
    "totalOtherIncomeExpensesNet": -12522000,
    "incomeBeforeTax": 0,
    "incomeBeforeTaxRatio": 0,
    "incomeTaxExpense": 0,
    "netIncome": 16045000,
    "netIncomeRatio": 0.508316173,
    "eps": 0.3,
    "epsdiluted": 0.3,
    "weightedAverageShsOut": 53483333,
    "weightedAverageShsOutDil": 53483333,
    "link": "https://www.sec.gov/Archives/edgar/data/726728/000072672801500004/0000726728-01-500004-index.htm",
    "finalLink": "https://www.sec.gov/Archives/edgar/data/726728/000072672801500004/firstqtr10q.txt"
  },
  {
    "date": "2000-12-31",
    "symbol": "O",
    "reportedCurrency": "USD",
    "cik": "0000726728",
    "fillingDate": "2001-03-28",
    "acceptedDate": "2001-03-28 00:00:00",
    "calendarYear": "2000",
    "period": "Q4",
    "revenue": 31629000,
    "costOfRevenue": 0,
    "grossProfit": 31629000,
    "grossProfitRatio": 1,
    "researchAndDevelopmentExpenses": 0,
    "generalAndAdministrativeExpenses": 0,
    "sellingAndMarketingExpenses": 0,
    "sellingGeneralAndAdministrativeExpenses": 1481000,
    "otherExpenses": -13180000,
    "operatingExpenses": -11699000,
    "costAndExpenses": -11699000,
    "interestIncome": 0,
    "interestExpense": 0,
    "depreciationAndAmortization": 8498000,
    "ebitda": 51826000,
    "ebitdaratio": 1.6385595498,
    "operatingIncome": 43328000,
    "operatingIncomeRatio": 1.3698820703,
    "totalOtherIncomeExpensesNet": -43328000,
    "incomeBeforeTax": 0,
    "incomeBeforeTaxRatio": 0,
    "incomeTaxExpense": 0,
    "netIncome": 14234000,
    "netIncomeRatio": 0.4500300357,
    "eps": 0.31,
    "epsdiluted": 0.31,
    "weightedAverageShsOut": 53483333,
    "weightedAverageShsOutDil": 53483333,
    "link": "https://www.sec.gov/Archives/edgar/data/726728/000072672801000004/0000726728-01-000004-index.htm",
    "finalLink": "https://www.sec.gov/Archives/edgar/data/726728/000072672801000004/0000726728-01-000004-0001.txt"
  },
  {
    "date": "2000-09-30",
    "symbol": "O",
    "reportedCurrency": "USD",
    "cik": "0000726728",
    "fillingDate": "2000-11-13",
    "acceptedDate": "2000-11-13 00:00:00",
    "calendarYear": "2000",
    "period": "Q3",
    "revenue": 29885000,
    "costOfRevenue": 0,
    "grossProfit": 29885000,
    "grossProfitRatio": 1,
    "researchAndDevelopmentExpenses": 0,
    "generalAndAdministrativeExpenses": 1863000,
    "sellingAndMarketingExpenses": 0,
    "sellingGeneralAndAdministrativeExpenses": 1863000,
    "otherExpenses": 15902000,
    "operatingExpenses": 17765000,
    "costAndExpenses": 17765000,
    "interestIncome": 0,
    "interestExpense": 0,
    "depreciationAndAmortization": 6913000,
    "ebitda": 19033000,
    "ebitdaratio": 0.6368746863,
    "operatingIncome": 12120000,
    "operatingIncomeRatio": 0.4055546261,
    "totalOtherIncomeExpensesNet": -12120000,
    "incomeBeforeTax": 12909000,
    "incomeBeforeTaxRatio": 0.4319558307,
    "incomeTaxExpense": 0,
    "netIncome": 9923000,
    "netIncomeRatio": 0.3320394847,
    "eps": 0.19,
    "epsdiluted": 0.19,
    "weightedAverageShsOut": 53637838,
    "weightedAverageShsOutDil": 53637838,
    "link": "https://www.sec.gov/Archives/edgar/data/726728/000072672800000012/0000726728-00-000012-index.htm",
    "finalLink": "https://www.sec.gov/Archives/edgar/data/726728/000072672800000012/0000726728-00-000012-0001.txt"
  },
  {
    "date": "2000-06-30",
    "symbol": "O",
    "reportedCurrency": "USD",
    "cik": "0000726728",
    "fillingDate": "2000-08-11",
    "acceptedDate": "2000-08-11 00:00:00",
    "calendarYear": "2000",
    "period": "Q2",
    "revenue": 28441000,
    "costOfRevenue": 0,
    "grossProfit": 28441000,
    "grossProfitRatio": 1,
    "researchAndDevelopmentExpenses": 0,
    "generalAndAdministrativeExpenses": 1735000,
    "sellingAndMarketingExpenses": 0,
    "sellingGeneralAndAdministrativeExpenses": 1735000,
    "otherExpenses": 14781000,
    "operatingExpenses": 16516000,
    "costAndExpenses": 16516000,
    "interestIncome": 0,
    "interestExpense": 0,
    "depreciationAndAmortization": 6844000,
    "ebitda": 18769000,
    "ebitdaratio": 0.6599275694,
    "operatingIncome": 11925000,
    "operatingIncomeRatio": 0.4192890545,
    "totalOtherIncomeExpensesNet": -11925000,
    "incomeBeforeTax": 12863000,
    "incomeBeforeTaxRatio": 0.4522696108,
    "incomeTaxExpense": 0,
    "netIncome": 10435000,
    "netIncomeRatio": 0.366899898,
    "eps": 0.2,
    "epsdiluted": 0.2,
    "weightedAverageShsOut": 53512821,
    "weightedAverageShsOutDil": 53512821,
    "link": "https://www.sec.gov/Archives/edgar/data/726728/000072672800000010/0000726728-00-000010-index.htm",
    "finalLink": "https://www.sec.gov/Archives/edgar/data/726728/000072672800000010/0000726728-00-000010-0001.txt"
  },
  {
    "date": "2000-03-31",
    "symbol": "O",
    "reportedCurrency": "USD",
    "cik": "0000726728",
    "fillingDate": "2000-05-12",
    "acceptedDate": "2000-05-12 00:00:00",
    "calendarYear": "2000",
    "period": "Q1",
    "revenue": 28355000,
    "costOfRevenue": 0,
    "grossProfit": 28355000,
    "grossProfitRatio": 1,
    "researchAndDevelopmentExpenses": 0,
    "generalAndAdministrativeExpenses": 1684000,
    "sellingAndMarketingExpenses": 0,
    "sellingGeneralAndAdministrativeExpenses": 1684000,
    "otherExpenses": -10631000,
    "operatingExpenses": -8947000,
    "costAndExpenses": -8947000,
    "interestIncome": 0,
    "interestExpense": 0,
    "depreciationAndAmortization": 6748000,
    "ebitda": 37302000,
    "ebitdaratio": 1.315535179,
    "operatingIncome": 37302000,
    "operatingIncomeRatio": 1.315535179,
    "totalOtherIncomeExpensesNet": -37302000,
    "incomeBeforeTax": 12250000,
    "incomeBeforeTaxRatio": 0.432022571,
    "incomeTaxExpense": 0,
    "netIncome": 10484000,
    "netIncomeRatio": 0.3697407865,
    "eps": 0.2,
    "epsdiluted": 0.2,
    "weightedAverageShsOut": 53630782,
    "weightedAverageShsOutDil": 53633856,
    "link": "https://www.sec.gov/Archives/edgar/data/726728/000072672800000008/0000726728-00-000008-index.html",
    "finalLink": "https://www.sec.gov/Archives/edgar/data/726728/000072672800000008/"
  },
  {
    "date": "1999-12-31",
    "symbol": "O",
    "reportedCurrency": "USD",
    "cik": "0000726728",
    "fillingDate": "2000-03-23",
    "acceptedDate": "2000-03-23 00:00:00",
    "calendarYear": "1999",
    "period": "Q4",
    "revenue": 27510000,
    "costOfRevenue": 0,
    "grossProfit": 27510000,
    "grossProfitRatio": 1,
    "researchAndDevelopmentExpenses": 0,
    "generalAndAdministrativeExpenses": 0,
    "sellingAndMarketingExpenses": 0,
    "sellingGeneralAndAdministrativeExpenses": 1768000,
    "otherExpenses": 53374000,
    "operatingExpenses": 55142000,
    "costAndExpenses": 55142000,
    "interestIncome": 0,
    "interestExpense": 0,
    "depreciationAndAmortization": 6952000,
    "ebitda": -20680000,
    "ebitdaratio": -0.7517266449,
    "operatingIncome": -27632000,
    "operatingIncomeRatio": -1.004434751,
    "totalOtherIncomeExpensesNet": 27632000,
    "incomeBeforeTax": 0,
    "incomeBeforeTaxRatio": 0,
    "incomeTaxExpense": 0,
    "netIncome": 10312000,
    "netIncomeRatio": 0.3748455107,
    "eps": 0.24,
    "epsdiluted": 0.24,
    "weightedAverageShsOut": 53586940,
    "weightedAverageShsOutDil": 53586940,
    "link": "https://www.sec.gov/Archives/edgar/data/726728/000072672800000002/0000726728-00-000002-index.html",
    "finalLink": "https://www.sec.gov/Archives/edgar/data/726728/000072672800000002/"
  },
  {
    "date": "1999-09-30",
    "symbol": "O",
    "reportedCurrency": "USD",
    "cik": "0000726728",
    "fillingDate": "1999-11-12",
    "acceptedDate": "1999-11-12 00:00:00",
    "calendarYear": "1999",
    "period": "Q3",
    "revenue": 28100000,
    "costOfRevenue": 0,
    "grossProfit": 28100000,
    "grossProfitRatio": 1,
    "researchAndDevelopmentExpenses": 0,
    "generalAndAdministrativeExpenses": 1800000,
    "sellingAndMarketingExpenses": 0,
    "sellingGeneralAndAdministrativeExpenses": 1800000,
    "otherExpenses": -9000000,
    "operatingExpenses": -7200000,
    "costAndExpenses": -7200000,
    "interestIncome": 0,
    "interestExpense": 0,
    "depreciationAndAmortization": 6700000,
    "ebitda": 42000000,
    "ebitdaratio": 1.4946619217,
    "operatingIncome": 35300000,
    "operatingIncomeRatio": 1.256227758,
    "totalOtherIncomeExpensesNet": -35300000,
    "incomeBeforeTax": 36500000,
    "incomeBeforeTaxRatio": 1.2989323843,
    "incomeTaxExpense": 0,
    "netIncome": 10900000,
    "netIncomeRatio": 0.3879003559,
    "eps": 0.21,
    "epsdiluted": 0.21,
    "weightedAverageShsOut": 53170732,
    "weightedAverageShsOutDil": 53170732,
    "link": "https://www.sec.gov/Archives/edgar/data/726728/000072672899000028/0000726728-99-000028-index.html",
    "finalLink": "https://www.sec.gov/Archives/edgar/data/726728/000072672899000028/"
  },
  {
    "date": "1999-06-30",
    "symbol": "O",
    "reportedCurrency": "USD",
    "cik": "0000726728",
    "fillingDate": "1999-08-06",
    "acceptedDate": "1999-08-06 00:00:00",
    "calendarYear": "1999",
    "period": "Q2",
    "revenue": 24902000,
    "costOfRevenue": 0,
    "grossProfit": 24902000,
    "grossProfitRatio": 1,
    "researchAndDevelopmentExpenses": 0,
    "generalAndAdministrativeExpenses": 1800000,
    "sellingAndMarketingExpenses": 0,
    "sellingGeneralAndAdministrativeExpenses": 1800000,
    "otherExpenses": -8500000,
    "operatingExpenses": -6700000,
    "costAndExpenses": -6700000,
    "interestIncome": 0,
    "interestExpense": 0,
    "depreciationAndAmortization": 6200000,
    "ebitda": 37812000,
    "ebitdaratio": 1.5184322544,
    "operatingIncome": 31602000,
    "operatingIncomeRatio": 1.2690546944,
    "totalOtherIncomeExpensesNet": -31602000,
    "incomeBeforeTax": 0,
    "incomeBeforeTaxRatio": 0,
    "incomeTaxExpense": 0,
    "netIncome": 9800000,
    "netIncomeRatio": 0.3935426873,
    "eps": 0.19,
    "epsdiluted": 0.19,
    "weightedAverageShsOut": 52972973,
    "weightedAverageShsOutDil": 52972973,
    "link": "https://www.sec.gov/Archives/edgar/data/726728/000072672899000021/0000726728-99-000021-index.html",
    "finalLink": "https://www.sec.gov/Archives/edgar/data/726728/000072672899000021/"
  },
  {
    "date": "1999-03-31",
    "symbol": "O",
    "reportedCurrency": "USD",
    "cik": "0000726728",
    "fillingDate": "1999-05-12",
    "acceptedDate": "1999-05-12 00:00:00",
    "calendarYear": "1999",
    "period": "Q1",
    "revenue": 24024000,
    "costOfRevenue": 0,
    "grossProfit": 24024000,
    "grossProfitRatio": 1,
    "researchAndDevelopmentExpenses": 0,
    "generalAndAdministrativeExpenses": 1600000,
    "sellingAndMarketingExpenses": 0,
    "sellingGeneralAndAdministrativeExpenses": 1600000,
    "otherExpenses": -8177000,
    "operatingExpenses": -6531000,
    "costAndExpenses": -6531000,
    "interestIncome": 0,
    "interestExpense": 0,
    "depreciationAndAmortization": 6100000,
    "ebitda": 36645000,
    "ebitdaratio": 1.5253496503,
    "operatingIncome": 30555000,
    "operatingIncomeRatio": 1.2718531469,
    "totalOtherIncomeExpensesNet": -30555000,
    "incomeBeforeTax": 0,
    "incomeBeforeTaxRatio": 0,
    "incomeTaxExpense": 0,
    "netIncome": 9929000,
    "netIncomeRatio": 0.4132950383,
    "eps": 0.19,
    "epsdiluted": 0.19,
    "weightedAverageShsOut": 53644764,
    "weightedAverageShsOutDil": 53650824,
    "link": "https://www.sec.gov/Archives/edgar/data/726728/000072672899000012/0000726728-99-000012-index.html",
    "finalLink": "https://www.sec.gov/Archives/edgar/data/726728/"
  },
  {
    "date": "1998-12-31",
    "symbol": "O",
    "reportedCurrency": "USD",
    "cik": "0000726728",
    "fillingDate": "1999-03-24",
    "acceptedDate": "1999-03-24 00:00:00",
    "calendarYear": "1998",
    "period": "Q4",
    "revenue": 23132000,
    "costOfRevenue": 0,
    "grossProfit": 23132000,
    "grossProfitRatio": 1,
    "researchAndDevelopmentExpenses": 0,
    "generalAndAdministrativeExpenses": 0,
    "sellingAndMarketingExpenses": 0,
    "sellingGeneralAndAdministrativeExpenses": 1880000,
    "otherExpenses": 59748000,
    "operatingExpenses": 61628000,
    "costAndExpenses": 61628000,
    "interestIncome": 0,
    "interestExpense": 0,
    "depreciationAndAmortization": 5835000,
    "ebitda": -32661000,
    "ebitdaratio": -1.4119401695,
    "operatingIncome": -38496000,
    "operatingIncomeRatio": -1.6641881376,
    "totalOtherIncomeExpensesNet": 38496000,
    "incomeBeforeTax": 0,
    "incomeBeforeTaxRatio": 0,
    "incomeTaxExpense": 0,
    "netIncome": 10604000,
    "netIncomeRatio": 0.4584125886,
    "eps": 0.2,
    "epsdiluted": 0.2,
    "weightedAverageShsOut": 53513514,
    "weightedAverageShsOutDil": 53513514,
    "link": "https://www.sec.gov/Archives/edgar/data/726728/000072672899000006/0000726728-99-000006-index.html",
    "finalLink": "https://www.sec.gov/Archives/edgar/data/726728/"
  },
  {
    "date": "1998-09-30",
    "symbol": "O",
    "reportedCurrency": "USD",
    "cik": "0000726728",
    "fillingDate": "1998-11-13",
    "acceptedDate": "1998-11-13 00:00:00",
    "calendarYear": "1998",
    "period": "Q3",
    "revenue": 21800000,
    "costOfRevenue": 0,
    "grossProfit": 21800000,
    "grossProfitRatio": 1,
    "researchAndDevelopmentExpenses": 0,
    "generalAndAdministrativeExpenses": 1700000,
    "sellingAndMarketingExpenses": 0,
    "sellingGeneralAndAdministrativeExpenses": 1700000,
    "otherExpenses": -7800000,
    "operatingExpenses": -6100000,
    "costAndExpenses": -6100000,
    "interestIncome": 0,
    "interestExpense": 0,
    "depreciationAndAmortization": 5600000,
    "ebitda": 33500000,
    "ebitdaratio": 1.5366972477,
    "operatingIncome": 27900000,
    "operatingIncomeRatio": 1.2798165138,
    "totalOtherIncomeExpensesNet": -27900000,
    "incomeBeforeTax": 0,
    "incomeBeforeTaxRatio": 0,
    "incomeTaxExpense": 0,
    "netIncome": 10500000,
    "netIncomeRatio": 0.4816513761,
    "eps": 0.2,
    "epsdiluted": 0.2,
    "weightedAverageShsOut": 53846154,
    "weightedAverageShsOutDil": 53846154,
    "link": "https://www.sec.gov/Archives/edgar/data/726728/000072672898000023/0000726728-98-000023-index.html",
    "finalLink": "https://www.sec.gov/Archives/edgar/data/726728/"
  },
  {
    "date": "1998-06-30",
    "symbol": "O",
    "reportedCurrency": "USD",
    "cik": "0000726728",
    "fillingDate": "1998-08-13",
    "acceptedDate": "1998-08-13 00:00:00",
    "calendarYear": "1998",
    "period": "Q2",
    "revenue": 20600000,
    "costOfRevenue": 0,
    "grossProfit": 20600000,
    "grossProfitRatio": 1,
    "researchAndDevelopmentExpenses": 0,
    "generalAndAdministrativeExpenses": 1700000,
    "sellingAndMarketingExpenses": 0,
    "sellingGeneralAndAdministrativeExpenses": 1700000,
    "otherExpenses": -7500000,
    "operatingExpenses": -5800000,
    "costAndExpenses": -5800000,
    "interestIncome": 0,
    "interestExpense": 0,
    "depreciationAndAmortization": 5400000,
    "ebitda": 31800000,
    "ebitdaratio": 1.5436893204,
    "operatingIncome": 26400000,
    "operatingIncomeRatio": 1.2815533981,
    "totalOtherIncomeExpensesNet": -26400000,
    "incomeBeforeTax": 26700000,
    "incomeBeforeTaxRatio": 1.2961165049,
    "incomeTaxExpense": 0,
    "netIncome": 10300000,
    "netIncomeRatio": 0.5,
    "eps": 0.19,
    "epsdiluted": 0.19,
    "weightedAverageShsOut": 55675676,
    "weightedAverageShsOutDil": 55675676,
    "link": "https://www.sec.gov/Archives/edgar/data/726728/000072672898000020/0000726728-98-000020-index.html",
    "finalLink": "https://www.sec.gov/Archives/edgar/data/726728/"
  },
  {
    "date": "1998-03-31",
    "symbol": "O",
    "reportedCurrency": "USD",
    "cik": "0000726728",
    "fillingDate": "1998-05-13",
    "acceptedDate": "1998-05-13 00:00:00",
    "calendarYear": "1998",
    "period": "Q1",
    "revenue": 19500000,
    "costOfRevenue": 0,
    "grossProfit": 19500000,
    "grossProfitRatio": 1,
    "researchAndDevelopmentExpenses": 0,
    "generalAndAdministrativeExpenses": 1500000,
    "sellingAndMarketingExpenses": 0,
    "sellingGeneralAndAdministrativeExpenses": 1500000,
    "otherExpenses": -7100000,
    "operatingExpenses": -5600000,
    "costAndExpenses": -5600000,
    "interestIncome": 0,
    "interestExpense": 0,
    "depreciationAndAmortization": 5100000,
    "ebitda": 30200000,
    "ebitdaratio": 1.5487179487,
    "operatingIncome": 25100000,
    "operatingIncomeRatio": 1.2871794872,
    "totalOtherIncomeExpensesNet": -25100000,
    "incomeBeforeTax": 25300000,
    "incomeBeforeTaxRatio": 1.2974358974,
    "incomeTaxExpense": 0,
    "netIncome": 9900000,
    "netIncomeRatio": 0.5076923077,
    "eps": 0.19,
    "epsdiluted": 0.19,
    "weightedAverageShsOut": 52105263,
    "weightedAverageShsOutDil": 52105263,
    "link": "https://www.sec.gov/Archives/edgar/data/726728/000072672898000014/0000726728-98-000014-index.html",
    "finalLink": "https://www.sec.gov/Archives/edgar/data/726728/"
  },
  {
    "date": "1997-12-31",
    "symbol": "O",
    "reportedCurrency": "USD",
    "cik": "0000726728",
    "fillingDate": "1998-03-20",
    "acceptedDate": "1998-03-20 00:00:00",
    "calendarYear": "1997",
    "period": "Q4",
    "revenue": 18397000,
    "costOfRevenue": 0,
    "grossProfit": 18397000,
    "grossProfitRatio": 1,
    "researchAndDevelopmentExpenses": 0,
    "generalAndAdministrativeExpenses": 0,
    "sellingAndMarketingExpenses": 0,
    "sellingGeneralAndAdministrativeExpenses": 1537000,
    "otherExpenses": 39546000,
    "operatingExpenses": 41083000,
    "costAndExpenses": 41083000,
    "interestIncome": 0,
    "interestExpense": 0,
    "depreciationAndAmortization": 4896000,
    "ebitda": -17790000,
    "ebitdaratio": -0.96700549,
    "operatingIncome": -22686000,
    "operatingIncomeRatio": -1.2331358374,
    "totalOtherIncomeExpensesNet": 22686000,
    "incomeBeforeTax": 0,
    "incomeBeforeTaxRatio": 0,
    "incomeTaxExpense": 0,
    "netIncome": 10070000,
    "netIncomeRatio": 0.5473718541,
    "eps": 0.19,
    "epsdiluted": 0.19,
    "weightedAverageShsOut": 50885886,
    "weightedAverageShsOutDil": 52105263,
    "link": "https://www.sec.gov/Archives/edgar/data/726728/000072672898000005/0000726728-98-000005-index.html",
    "finalLink": "https://www.sec.gov/Archives/edgar/data/726728/"
  },
  {
    "date": "1997-09-30",
    "symbol": "O",
    "reportedCurrency": "USD",
    "cik": "0000726728",
    "fillingDate": "1997-11-12",
    "acceptedDate": "1997-11-12 00:00:00",
    "calendarYear": "1997",
    "period": "Q3",
    "revenue": 17400000,
    "costOfRevenue": 0,
    "grossProfit": 17400000,
    "grossProfitRatio": 1,
    "researchAndDevelopmentExpenses": 0,
    "generalAndAdministrativeExpenses": 1300000,
    "sellingAndMarketingExpenses": 0,
    "sellingGeneralAndAdministrativeExpenses": 1300000,
    "otherExpenses": -6500000,
    "operatingExpenses": -5200000,
    "costAndExpenses": -5200000,
    "interestIncome": 0,
    "interestExpense": 0,
    "depreciationAndAmortization": 4800000,
    "ebitda": 27400000,
    "ebitdaratio": 1.5747126437,
    "operatingIncome": 22600000,
    "operatingIncomeRatio": 1.2988505747,
    "totalOtherIncomeExpensesNet": -22600000,
    "incomeBeforeTax": 23200000,
    "incomeBeforeTaxRatio": 1.3333333333,
    "incomeTaxExpense": 0,
    "netIncome": 8500000,
    "netIncomeRatio": 0.4885057471,
    "eps": 0.19,
    "epsdiluted": 0.19,
    "weightedAverageShsOut": 45945946,
    "weightedAverageShsOutDil": 45945946,
    "link": "https://www.sec.gov/Archives/edgar/data/726728/000072672897000024/0000726728-97-000024-index.html",
    "finalLink": "https://www.sec.gov/Archives/edgar/data/726728/"
  },
  {
    "date": "1997-06-30",
    "symbol": "O",
    "reportedCurrency": "USD",
    "cik": "0000726728",
    "fillingDate": "1997-08-13",
    "acceptedDate": "1997-08-13 00:00:00",
    "calendarYear": "1997",
    "period": "Q2",
    "revenue": 16300000,
    "costOfRevenue": 0,
    "grossProfit": 16300000,
    "grossProfitRatio": 1,
    "researchAndDevelopmentExpenses": 0,
    "generalAndAdministrativeExpenses": 1300000,
    "sellingAndMarketingExpenses": 0,
    "sellingGeneralAndAdministrativeExpenses": 1300000,
    "otherExpenses": -6200000,
    "operatingExpenses": -4900000,
    "costAndExpenses": -4900000,
    "interestIncome": 0,
    "interestExpense": 0,
    "depreciationAndAmortization": 4400000,
    "ebitda": 25600000,
    "ebitdaratio": 1.5705521472,
    "operatingIncome": 21200000,
    "operatingIncomeRatio": 1.3006134969,
    "totalOtherIncomeExpensesNet": -21200000,
    "incomeBeforeTax": 21400000,
    "incomeBeforeTaxRatio": 1.3128834356,
    "incomeTaxExpense": 0,
    "netIncome": 8100000,
    "netIncomeRatio": 0.4969325153,
    "eps": 0.18,
    "epsdiluted": 0.18,
    "weightedAverageShsOut": 46285714,
    "weightedAverageShsOutDil": 46285714,
    "link": "https://www.sec.gov/Archives/edgar/data/726728/000072672897000020/0000726728-97-000020-index.html",
    "finalLink": "https://www.sec.gov/Archives/edgar/data/726728/"
  },
  {
    "date": "1997-03-31",
    "symbol": "O",
    "reportedCurrency": "USD",
    "cik": "0000726728",
    "fillingDate": "1997-05-14",
    "acceptedDate": "1997-05-14 00:00:00",
    "calendarYear": "1997",
    "period": "Q1",
    "revenue": 15600000,
    "costOfRevenue": 0,
    "grossProfit": 15600000,
    "grossProfitRatio": 1,
    "researchAndDevelopmentExpenses": 0,
    "generalAndAdministrativeExpenses": 1300000,
    "sellingAndMarketingExpenses": 0,
    "sellingGeneralAndAdministrativeExpenses": 1300000,
    "otherExpenses": -6300000,
    "operatingExpenses": -5000000,
    "costAndExpenses": -5000000,
    "interestIncome": 0,
    "interestExpense": 0,
    "depreciationAndAmortization": 4500000,
    "ebitda": 25100000,
    "ebitdaratio": 1.608974359,
    "operatingIncome": 20600000,
    "operatingIncomeRatio": 1.3205128205,
    "totalOtherIncomeExpensesNet": -20600000,
    "incomeBeforeTax": 20800000,
    "incomeBeforeTaxRatio": 1.3333333333,
    "incomeTaxExpense": 0,
    "netIncome": 8200000,
    "netIncomeRatio": 0.5256410256,
    "eps": 0.18,
    "epsdiluted": 0.18,
    "weightedAverageShsOut": 45555556,
    "weightedAverageShsOutDil": 45555556,
    "link": "https://www.sec.gov/Archives/edgar/data/726728/000072672897000013/0000726728-97-000013-index.html",
    "finalLink": "https://www.sec.gov/Archives/edgar/data/726728/"
  },
  {
    "date": "1996-12-31",
    "symbol": "O",
    "reportedCurrency": "USD",
    "cik": "0000726728",
    "fillingDate": "1997-03-26",
    "acceptedDate": "1997-03-26 00:00:00",
    "calendarYear": "1996",
    "period": "Q4",
    "revenue": 14457000,
    "costOfRevenue": 0,
    "grossProfit": 14457000,
    "grossProfitRatio": 1,
    "researchAndDevelopmentExpenses": 0,
    "generalAndAdministrativeExpenses": 0,
    "sellingAndMarketingExpenses": 0,
    "sellingGeneralAndAdministrativeExpenses": 1281000,
    "otherExpenses": 38708000,
    "operatingExpenses": 39989000,
    "costAndExpenses": 39989000,
    "interestIncome": 0,
    "interestExpense": 0,
    "depreciationAndAmortization": 4222000,
    "ebitda": -21310000,
    "ebitdaratio": -1.4740264232,
    "operatingIncome": -25532000,
    "operatingIncomeRatio": -1.7660648821,
    "totalOtherIncomeExpensesNet": 25532000,
    "incomeBeforeTax": -25232000,
    "incomeBeforeTaxRatio": -1.7453136889,
    "incomeTaxExpense": 0,
    "netIncome": 8823000,
    "netIncomeRatio": 0.6102925918,
    "eps": 0.19,
    "epsdiluted": 0.19,
    "weightedAverageShsOut": 44804411,
    "weightedAverageShsOutDil": 45555556,
    "link": "https://www.sec.gov/Archives/edgar/data/726728/000072672897000007/0000726728-97-000007-index.html",
    "finalLink": "https://www.sec.gov/Archives/edgar/data/726728/"
  },
  {
    "date": "1996-09-30",
    "symbol": "O",
    "reportedCurrency": "USD",
    "cik": "0000726728",
    "fillingDate": "1996-11-13",
    "acceptedDate": "1996-11-13 00:00:00",
    "calendarYear": "1996",
    "period": "Q3",
    "revenue": 14100000,
    "costOfRevenue": 0,
    "grossProfit": 14100000,
    "grossProfitRatio": 1,
    "researchAndDevelopmentExpenses": 0,
    "generalAndAdministrativeExpenses": 1300000,
    "sellingAndMarketingExpenses": 0,
    "sellingGeneralAndAdministrativeExpenses": 1300000,
    "otherExpenses": -5700000,
    "operatingExpenses": -4400000,
    "costAndExpenses": -4400000,
    "interestIncome": 0,
    "interestExpense": 0,
    "depreciationAndAmortization": 4100000,
    "ebitda": 22600000,
    "ebitdaratio": 1.6028368794,
    "operatingIncome": 18500000,
    "operatingIncomeRatio": 1.3120567376,
    "totalOtherIncomeExpensesNet": -18500000,
    "incomeBeforeTax": 18800000,
    "incomeBeforeTaxRatio": 1.3333333333,
    "incomeTaxExpense": 0,
    "netIncome": 7900000,
    "netIncomeRatio": 0.5602836879,
    "eps": 0.17,
    "epsdiluted": 0.17,
    "weightedAverageShsOut": 46470588,
    "weightedAverageShsOutDil": 46470588,
    "link": "https://www.sec.gov/Archives/edgar/data/726728/000072672896000029/0000726728-96-000029-index.html",
    "finalLink": "https://www.sec.gov/Archives/edgar/data/726728/"
  },
  {
    "date": "1996-06-30",
    "symbol": "O",
    "reportedCurrency": "USD",
    "cik": "0000726728",
    "fillingDate": "1996-08-09",
    "acceptedDate": "1996-08-09 00:00:00",
    "calendarYear": "1996",
    "period": "Q2",
    "revenue": 13800000,
    "costOfRevenue": 0,
    "grossProfit": 13800000,
    "grossProfitRatio": 1,
    "researchAndDevelopmentExpenses": 0,
    "generalAndAdministrativeExpenses": 1300000,
    "sellingAndMarketingExpenses": 0,
    "sellingGeneralAndAdministrativeExpenses": 1300000,
    "otherExpenses": -5700000,
    "operatingExpenses": -4400000,
    "costAndExpenses": -4400000,
    "interestIncome": 0,
    "interestExpense": 0,
    "depreciationAndAmortization": 4000000,
    "ebitda": 22200000,
    "ebitdaratio": 1.6086956522,
    "operatingIncome": 18200000,
    "operatingIncomeRatio": 1.3188405797,
    "totalOtherIncomeExpensesNet": -18200000,
    "incomeBeforeTax": 18400000,
    "incomeBeforeTaxRatio": 1.3333333333,
    "incomeTaxExpense": 0,
    "netIncome": 7600000,
    "netIncomeRatio": 0.5507246377,
    "eps": 0.17,
    "epsdiluted": 0.17,
    "weightedAverageShsOut": 46060606,
    "weightedAverageShsOutDil": 46060606,
    "link": "https://www.sec.gov/Archives/edgar/data/726728/000072672896000024/0000726728-96-000024-index.html",
    "finalLink": "https://www.sec.gov/Archives/edgar/data/726728/"
  },
  {
    "date": "1996-03-31",
    "symbol": "O",
    "reportedCurrency": "USD",
    "cik": "0000726728",
    "fillingDate": "1996-05-10",
    "acceptedDate": "1996-05-10 00:00:00",
    "calendarYear": "1996",
    "period": "Q1",
    "revenue": 14400000,
    "costOfRevenue": 0,
    "grossProfit": 14400000,
    "grossProfitRatio": 1,
    "researchAndDevelopmentExpenses": 0,
    "generalAndAdministrativeExpenses": 1300000,
    "sellingAndMarketingExpenses": 0,
    "sellingGeneralAndAdministrativeExpenses": 1300000,
    "otherExpenses": -6100000,
    "operatingExpenses": -4800000,
    "costAndExpenses": -4800000,
    "interestIncome": 0,
    "interestExpense": 0,
    "depreciationAndAmortization": 4100000,
    "ebitda": 23300000,
    "ebitdaratio": 1.6180555556,
    "operatingIncome": 19200000,
    "operatingIncomeRatio": 1.3333333333,
    "totalOtherIncomeExpensesNet": -19200000,
    "incomeBeforeTax": 19900000,
    "incomeBeforeTaxRatio": 1.3819444444,
    "incomeTaxExpense": 0,
    "netIncome": 7900000,
    "netIncomeRatio": 0.5486111111,
    "eps": 0.17,
    "epsdiluted": 0.17,
    "weightedAverageShsOut": 46470588,
    "weightedAverageShsOutDil": 46470588,
    "link": "https://www.sec.gov/Archives/edgar/data/726728/000072672896000015/0000726728-96-000015-index.html",
    "finalLink": "https://www.sec.gov/Archives/edgar/data/726728/"
  },
  {
    "date": "1995-12-31",
    "symbol": "O",
    "reportedCurrency": "USD",
    "cik": "0000726728",
    "fillingDate": "1996-03-21",
    "acceptedDate": "1996-03-21 00:00:00",
    "calendarYear": "1995",
    "period": "Q4",
    "revenue": 14255000,
    "costOfRevenue": 0,
    "grossProfit": 14255000,
    "grossProfitRatio": 1,
    "researchAndDevelopmentExpenses": 0,
    "generalAndAdministrativeExpenses": 0,
    "sellingAndMarketingExpenses": 0,
    "sellingGeneralAndAdministrativeExpenses": 1721000,
    "otherExpenses": 38752000,
    "operatingExpenses": 40473000,
    "costAndExpenses": 40473000,
    "interestIncome": 0,
    "interestExpense": 0,
    "depreciationAndAmortization": 4049000,
    "ebitda": -22169000,
    "ebitdaratio": -1.5551736233,
    "operatingIncome": -26218000,
    "operatingIncomeRatio": -1.8392143108,
    "totalOtherIncomeExpensesNet": 26218000,
    "incomeBeforeTax": 0,
    "incomeBeforeTaxRatio": 0,
    "incomeTaxExpense": 0,
    "netIncome": 7600000,
    "netIncomeRatio": 0.5331462645,
    "eps": 0.16,
    "epsdiluted": 0.16,
    "weightedAverageShsOut": 46470588,
    "weightedAverageShsOutDil": 46470588,
    "link": "https://www.sec.gov/Archives/edgar/data/726728/000072672896000009/0000726728-96-000009-index.html",
    "finalLink": "https://www.sec.gov/Archives/edgar/data/726728/"
  },
  {
    "date": "1995-09-30",
    "symbol": "O",
    "reportedCurrency": "USD",
    "cik": "0000726728",
    "fillingDate": "1995-11-14",
    "acceptedDate": "1995-11-14 00:00:00",
    "calendarYear": "1995",
    "period": "Q3",
    "revenue": 13100000,
    "costOfRevenue": 0,
    "grossProfit": 13100000,
    "grossProfitRatio": 1,
    "researchAndDevelopmentExpenses": 0,
    "generalAndAdministrativeExpenses": 1300000,
    "sellingAndMarketingExpenses": 0,
    "sellingGeneralAndAdministrativeExpenses": 1300000,
    "otherExpenses": -6000000,
    "operatingExpenses": -4700000,
    "costAndExpenses": -4700000,
    "interestIncome": 0,
    "interestExpense": 0,
    "depreciationAndAmortization": 3900000,
    "ebitda": 21700000,
    "ebitdaratio": 1.6564885496,
    "operatingIncome": 17800000,
    "operatingIncomeRatio": 1.358778626,
    "totalOtherIncomeExpensesNet": -17800000,
    "incomeBeforeTax": 0,
    "incomeBeforeTaxRatio": 0,
    "incomeTaxExpense": 0,
    "netIncome": 6100000,
    "netIncomeRatio": 0.465648855,
    "eps": 0.16,
    "epsdiluted": 0.16,
    "weightedAverageShsOut": 39354839,
    "weightedAverageShsOutDil": 39354839,
    "link": "https://www.sec.gov/Archives/edgar/data/726728/000072672895000019/0000726728-95-000019-index.html",
    "finalLink": "https://www.sec.gov/Archives/edgar/data/726728/"
  }
]