[
  {
    "date": "2024-12-31",
    "symbol": "O",
    "reportedCurrency": "USD",
    "cik": "0000726728",
    "fillingDate": "2025-02-25",
    "acceptedDate": "2025-02-25 16:09:40",
    "calendarYear": "2024",
    "period": "FY",
    "revenue": 5271142000,
    "costOfRevenue": 377675000,
    "grossProfit": 4893467000,
    "grossProfitRatio": 0.9283504409,
    "researchAndDevelopmentExpenses": 0,
    "generalAndAdministrativeExpenses": 176895000,
    "sellingAndMarketingExpenses": 0,
    "sellingGeneralAndAdministrativeExpenses": 176895000,
    "otherExpenses": 2395644000,
    "operatingExpenses": 2572539000,
    "costAndExpenses": 2950214000,
    "interestIncome": 0,
    "interestExpense": 0,
    "depreciationAndAmortization": 2395644000,
    "ebitda": 4327690000,
    "ebitdaratio": 0.8210156357,
    "operatingIncome": 2320928000,
    "operatingIncomeRatio": 0.440308381,
    "totalOtherIncomeExpensesNet": -1386986000,
    "incomeBeforeTax": 933942000,
    "incomeBeforeTaxRatio": 0.1771802012,
    "incomeTaxExpense": 66601000,
    "netIncome": 860772000,
    "netIncomeRatio": 0.1632989587,
    "eps": 0.99,
    "epsdiluted": 0.98,
    "weightedAverageShsOut": 873187500,
    "weightedAverageShsOutDil": 876811500,
    "link": "https://www.sec.gov/Archives/edgar/data/726728/000072672825000055/0000726728-25-000055-index.htm",
    "finalLink": "https://www.sec.gov/Archives/edgar/data/726728/000072672825000055/o-20241231.htm"
  },
  {
    "date": "2023-12-31",
    "symbol": "O",
    "reportedCurrency": "USD",
    "cik": "0000726728",
    "fillingDate": "2024-02-21",
    "acceptedDate": "2024-02-21 16:16:06",
    "calendarYear": "2023",
    "period": "FY",
    "revenue": 4078993000,
    "costOfRevenue": 316964000,
    "grossProfit": 3762029000,
    "grossProfitRatio": 0.9222935661,
    "researchAndDevelopmentExpenses": 0,
    "generalAndAdministrativeExpenses": 144536000,
    "sellingAndMarketingExpenses": 0,
    "sellingGeneralAndAdministrativeExpenses": 144536000,
    "otherExpenses": 1895177000,
    "operatingExpenses": 2039713000,
    "costAndExpenses": 2356677000,
    "interestIncome": 0,
    "interestExpense": 0,
    "depreciationAndAmortization": 1895177000,
    "ebitda": 3603157000,
    "ebitdaratio": 0.8833447373,
    "operatingIncome": 1722316000,
    "operatingIncomeRatio": 0.4222404893,
    "totalOtherIncomeExpensesNet": -793381000,
    "incomeBeforeTax": 928935000,
    "incomeBeforeTaxRatio": 0.2277363555,
    "incomeTaxExpense": 52021000,
    "netIncome": 872309000,
    "netIncomeRatio": 0.2138540076,
    "eps": 1.26,
    "epsdiluted": 1.26,
    "weightedAverageShsOut": 692298000,
    "weightedAverageShsOutDil": 693024000,
    "link": "https://www.sec.gov/Archives/edgar/data/726728/000072672824000047/0000726728-24-000047-index.htm",
    "finalLink": "https://www.sec.gov/Archives/edgar/data/726728/000072672824000047/o-20231231.htm"
  },
  {
    "date": "2022-12-31",
    "symbol": "O",
    "reportedCurrency": "USD",
    "cik": "0000726728",
    "fillingDate": "2023-02-22",
    "acceptedDate": "2023-02-22 16:07:07",
    "calendarYear": "2022",
    "period": "FY",
    "revenue": 3343681000,
    "costOfRevenue": 226330000,
    "grossProfit": 3117351000,
    "grossProfitRatio": 0.9323111266,
    "researchAndDevelopmentExpenses": 0,
    "generalAndAdministrativeExpenses": 138459000,
    "sellingAndMarketingExpenses": 0,
    "sellingGeneralAndAdministrativeExpenses": 138459000,
    "otherExpenses": 1670389000,
    "operatingExpenses": 1808848000,
    "costAndExpenses": 2035178000,
    "interestIncome": 0,
    "interestExpense": 0,
    "depreciationAndAmortization": 1670389000,
    "ebitda": 2978892000,
    "ebitdaratio": 0.890901973,
    "operatingIncome": 1308503000,
    "operatingIncomeRatio": 0.3913360754,
    "totalOtherIncomeExpensesNet": -390904000,
    "incomeBeforeTax": 917599000,
    "incomeBeforeTaxRatio": 0.2744277938,
    "incomeTaxExpense": 45183000,
    "netIncome": 869408000,
    "netIncomeRatio": 0.2600152347,
    "eps": 1.42,
    "epsdiluted": 1.42,
    "weightedAverageShsOut": 611765815,
    "weightedAverageShsOutDil": 612181000,
    "link": "https://www.sec.gov/Archives/edgar/data/726728/000072672823000044/0000726728-23-000044-index.htm",
    "finalLink": "https://www.sec.gov/Archives/edgar/data/726728/000072672823000044/o-20221231.htm"
  },
  {
    "date": "2021-12-31",
    "symbol": "O",
    "reportedCurrency": "USD",
    "cik": "0000726728",
    "fillingDate": "2022-02-23",
    "acceptedDate": "2022-02-23 16:07:21",
    "calendarYear": "2021",
    "period": "FY",
    "revenue": 2080463000,
    "costOfRevenue": 133605000,
    "grossProfit": 1946858000,
    "grossProfitRatio": 0.9357811218,
    "researchAndDevelopmentExpenses": 0,
    "generalAndAdministrativeExpenses": 96980000,
    "sellingAndMarketingExpenses": 0,
    "sellingGeneralAndAdministrativeExpenses": 96980000,
    "otherExpenses": 897835000,
    "operatingExpenses": 994815000,
    "costAndExpenses": 1128420000,
    "interestIncome": 0,
    "interestExpense": 0,
    "depreciationAndAmortization": 897835000,
    "ebitda": 1849878000,
    "ebitdaratio": 0.889166498,
    "operatingIncome": 952043000,
    "operatingIncomeRatio": 0.4576111183,
    "totalOtherIncomeExpensesNet": -559639000,
    "incomeBeforeTax": 392404000,
    "incomeBeforeTaxRatio": 0.1886137845,
    "incomeTaxExpense": 31657000,
    "netIncome": 359456000,
    "netIncomeRatio": 0.1727769251,
    "eps": 0.87,
    "epsdiluted": 0.87,
    "weightedAverageShsOut": 414535283,
    "weightedAverageShsOutDil": 414769846,
    "link": "https://www.sec.gov/Archives/edgar/data/726728/000072672822000046/0000726728-22-000046-index.htm",
    "finalLink": "https://www.sec.gov/Archives/edgar/data/726728/000072672822000046/o-20211231.htm"
  },
  {
    "date": "2020-12-31",
    "symbol": "O",
    "reportedCurrency": "USD",
    "cik": "0000726728",
    "fillingDate": "2021-02-23",
    "acceptedDate": "2021-02-23 16:24:32",
    "calendarYear": "2020",
    "period": "FY",
    "revenue": 1647087000,
    "costOfRevenue": 104603000,
    "grossProfit": 1542484000,
    "grossProfitRatio": 0.9364921222,
    "researchAndDevelopmentExpenses": 0,
    "generalAndAdministrativeExpenses": 73215000,
    "sellingAndMarketingExpenses": 0,
    "sellingGeneralAndAdministrativeExpenses": 73215000,
    "otherExpenses": 677038000,
    "operatingExpenses": 750253000,
    "costAndExpenses": 854856000,
    "interestIncome": 0,
    "interestExpense": 0,
    "depreciationAndAmortization": 677038000,
    "ebitda": 1381947000,
    "ebitdaratio": 0.8390248967,
    "operatingIncome": 792231000,
    "operatingIncomeRatio": 0.4809891645,
    "totalOtherIncomeExpensesNet": -381032000,
    "incomeBeforeTax": 411199000,
    "incomeBeforeTaxRatio": 0.2496522649,
    "incomeTaxExpense": 14693000,
    "netIncome": 395486000,
    "netIncomeRatio": 0.2401123924,
    "eps": 1.15,
    "epsdiluted": 1.14,
    "weightedAverageShsOut": 343900870,
    "weightedAverageShsOutDil": 345415258,
    "link": "https://www.sec.gov/Archives/edgar/data/726728/000072672821000043/0000726728-21-000043-index.htm",
    "finalLink": "https://www.sec.gov/Archives/edgar/data/726728/000072672821000043/o-20201231.htm"
  },
  {
    "date": "2019-12-31",
    "symbol": "O",
    "reportedCurrency": "USD",
    "cik": "0000726728",
    "fillingDate": "2020-02-24",
    "acceptedDate": "2020-02-24 06:05:54",
    "calendarYear": "2019",
    "period": "FY",
    "revenue": 1488163000,
    "costOfRevenue": 88585000,
    "grossProfit": 1399578000,
    "grossProfitRatio": 0.9404735906,
    "researchAndDevelopmentExpenses": 0,
    "generalAndAdministrativeExpenses": 66483000,
    "sellingAndMarketingExpenses": 0,
    "sellingGeneralAndAdministrativeExpenses": 66483000,
    "otherExpenses": 593961000,
    "operatingExpenses": 660444000,
    "costAndExpenses": 749029000,
    "interestIncome": 0,
    "interestExpense": 0,
    "depreciationAndAmortization": 1036620000,
    "ebitda": 1314958000,
    "ebitdaratio": 0.8836115399,
    "operatingIncome": 739134000,
    "operatingIncomeRatio": 0.4966754314,
    "totalOtherIncomeExpensesNet": -295498000,
    "incomeBeforeTax": 443636000,
    "incomeBeforeTaxRatio": 0.2981098173,
    "incomeTaxExpense": 6158000,
    "netIncome": 436482000,
    "netIncomeRatio": 0.2933025482,
    "eps": 1.38,
    "epsdiluted": 1.38,
    "weightedAverageShsOut": 315837012,
    "weightedAverageShsOutDil": 316159277,
    "link": "https://www.sec.gov/Archives/edgar/data/726728/000072672820000033/0000726728-20-000033-index.htm",
    "finalLink": "https://www.sec.gov/Archives/edgar/data/726728/000072672820000033/realtyincome10k2019.htm"
  },
  {
    "date": "2018-12-31",
    "symbol": "O",
    "reportedCurrency": "USD",
    "cik": "0000726728",
    "fillingDate": "2019-02-22",
    "acceptedDate": "2019-02-21 20:17:58",
    "calendarYear": "2018",
    "period": "FY",
    "revenue": 1327838000,
    "costOfRevenue": 66326000,
    "grossProfit": 1261512000,
    "grossProfitRatio": 0.9500496295,
    "researchAndDevelopmentExpenses": 0,
    "generalAndAdministrativeExpenses": 84148000,
    "sellingAndMarketingExpenses": 0,
    "sellingGeneralAndAdministrativeExpenses": 84148000,
    "otherExpenses": 539780000,
    "operatingExpenses": 623928000,
    "costAndExpenses": 690254000,
    "interestIncome": 0,
    "interestExpense": 0,
    "depreciationAndAmortization": 955154000,
    "ebitda": 1166986000,
    "ebitdaratio": 0.8788617286,
    "operatingIncome": 637584000,
    "operatingIncomeRatio": 0.4801670083,
    "totalOtherIncomeExpensesNet": -267646000,
    "incomeBeforeTax": 369938000,
    "incomeBeforeTaxRatio": 0.2786017571,
    "incomeTaxExpense": 5340000,
    "netIncome": 363614000,
    "netIncomeRatio": 0.273839128,
    "eps": 1.26,
    "epsdiluted": 1.25,
    "weightedAverageShsOut": 289427430,
    "weightedAverageShsOutDil": 289923984,
    "link": "https://www.sec.gov/Archives/edgar/data/726728/000072672819000038/0000726728-19-000038-index.htm",
    "finalLink": "https://www.sec.gov/Archives/edgar/data/726728/000072672819000038/realtyincome10k2018.htm"
  },
  {
    "date": "2017-12-31",
    "symbol": "O",
    "reportedCurrency": "USD",
    "cik": "0000726728",
    "fillingDate": "2018-02-22",
    "acceptedDate": "2018-02-22 16:47:24",
    "calendarYear": "2017",
    "period": "FY",
    "revenue": 1215768000,
    "costOfRevenue": 69480000,
    "grossProfit": 1146288000,
    "grossProfitRatio": 0.9428509387,
    "researchAndDevelopmentExpenses": 0,
    "generalAndAdministrativeExpenses": 58446000,
    "sellingAndMarketingExpenses": 0,
    "sellingGeneralAndAdministrativeExpenses": 58446000,
    "otherExpenses": 498788000,
    "operatingExpenses": 557234000,
    "costAndExpenses": 626714000,
    "interestIncome": 0,
    "interestExpense": 0,
    "depreciationAndAmortization": 873872000,
    "ebitda": 1087842000,
    "ebitdaratio": 0.894777622,
    "operatingIncome": 589054000,
    "operatingIncomeRatio": 0.4845118477,
    "totalOtherIncomeExpensesNet": -263692000,
    "incomeBeforeTax": 325362000,
    "incomeBeforeTaxRatio": 0.267618493,
    "incomeTaxExpense": 6044000,
    "netIncome": 318798000,
    "netIncomeRatio": 0.2622194366,
    "eps": 1.1,
    "epsdiluted": 1.1,
    "weightedAverageShsOut": 273465680,
    "weightedAverageShsOutDil": 273936752,
    "link": "https://www.sec.gov/Archives/edgar/data/726728/000110465918011376/0001104659-18-011376-index.htm",
    "finalLink": "https://www.sec.gov/Archives/edgar/data/726728/000110465918011376/a18-1096_110k.htm"
  },
  {
    "date": "2016-12-31",
    "symbol": "O",
    "reportedCurrency": "USD",
    "cik": "0000726728",
    "fillingDate": "2017-02-23",
    "acceptedDate": "2017-02-23 16:13:19",
    "calendarYear": "2016",
    "period": "FY",
    "revenue": 1103172000,
    "costOfRevenue": 62865000,
    "grossProfit": 1040307000,
    "grossProfitRatio": 0.943014326,
    "researchAndDevelopmentExpenses": 0,
    "generalAndAdministrativeExpenses": 51966000,
    "sellingAndMarketingExpenses": 0,
    "sellingGeneralAndAdministrativeExpenses": 51966000,
    "otherExpenses": 449943000,
    "operatingExpenses": 501909000,
    "costAndExpenses": 564774000,
    "interestIncome": 0,
    "interestExpense": 0,
    "depreciationAndAmortization": 784402000,
    "ebitda": 981119000,
    "ebitdaratio": 0.8893617677,
    "operatingIncome": 538398000,
    "operatingIncomeRatio": 0.4880453819,
    "totalOtherIncomeExpensesNet": -218659000,
    "incomeBeforeTax": 319739000,
    "incomeBeforeTaxRatio": 0.2898360364,
    "incomeTaxExpense": 3262000,
    "netIncome": 315571000,
    "netIncomeRatio": 0.2860578405,
    "eps": 1.13,
    "epsdiluted": 1.13,
    "weightedAverageShsOut": 255066500,
    "weightedAverageShsOutDil": 255624250,
    "link": "https://www.sec.gov/Archives/edgar/data/726728/000110465917011170/0001104659-17-011170-index.htm",
    "finalLink": "https://www.sec.gov/Archives/edgar/data/726728/000110465917011170/a17-1163_110k.htm"
  },
  {
    "date": "2015-12-31",
    "symbol": "O",
    "reportedCurrency": "USD",
    "cik": "0000726728",
    "fillingDate": "2016-02-11",
    "acceptedDate": "2016-02-11 16:55:53",
    "calendarYear": "2015",
    "period": "FY",
    "revenue": 1023285000,
    "costOfRevenue": 55352000,
    "grossProfit": 967933000,
    "grossProfitRatio": 0.9459075429,
    "researchAndDevelopmentExpenses": 0,
    "generalAndAdministrativeExpenses": 49298000,
    "sellingAndMarketingExpenses": 0,
    "sellingGeneralAndAdministrativeExpenses": 49298000,
    "otherExpenses": 409215000,
    "operatingExpenses": 458513000,
    "costAndExpenses": 513865000,
    "interestIncome": 0,
    "interestExpense": 0,
    "depreciationAndAmortization": 409215000,
    "ebitda": 915680000,
    "ebitdaratio": 0.8948435675,
    "operatingIncome": 509420000,
    "operatingIncomeRatio": 0.4978280733,
    "totalOtherIncomeExpensesNet": -221396000,
    "incomeBeforeTax": 288024000,
    "incomeBeforeTaxRatio": 0.2814699717,
    "incomeTaxExpense": 3169000,
    "netIncome": 283766000,
    "netIncomeRatio": 0.2773088631,
    "eps": 1.09,
    "epsdiluted": 1.09,
    "weightedAverageShsOut": 235767932,
    "weightedAverageShsOutDil": 236208390,
    "link": "https://www.sec.gov/Archives/edgar/data/726728/000110465916095923/0001104659-16-095923-index.htm",
    "finalLink": "https://www.sec.gov/Archives/edgar/data/726728/000110465916095923/a15-23382_110k.htm"
  },
  {
    "date": "2014-12-31",
    "symbol": "O",
    "reportedCurrency": "USD",
    "cik": "0000726728",
    "fillingDate": "2015-02-18",
    "acceptedDate": "2015-02-18 15:33:49",
    "calendarYear": "2014",
    "period": "FY",
    "revenue": 933505000,
    "costOfRevenue": 53871000,
    "grossProfit": 879634000,
    "grossProfitRatio": 0.9422916856,
    "researchAndDevelopmentExpenses": 0,
    "generalAndAdministrativeExpenses": 51085000,
    "sellingAndMarketingExpenses": 0,
    "sellingGeneralAndAdministrativeExpenses": 51085000,
    "otherExpenses": 374661000,
    "operatingExpenses": 425746000,
    "costAndExpenses": 479617000,
    "interestIncome": 0,
    "interestExpense": 0,
    "depreciationAndAmortization": 374661000,
    "ebitda": 849873000,
    "ebitdaratio": 0.9104107637,
    "operatingIncome": 453888000,
    "operatingIncomeRatio": 0.4862191418,
    "totalOtherIncomeExpensesNet": -181287000,
    "incomeBeforeTax": 272601000,
    "incomeBeforeTaxRatio": 0.2920187894,
    "incomeTaxExpense": 3461000,
    "netIncome": 270635000,
    "netIncomeRatio": 0.2899127482,
    "eps": 1.04,
    "epsdiluted": 1.04,
    "weightedAverageShsOut": 218390885,
    "weightedAverageShsOutDil": 218767885,
    "link": "https://www.sec.gov/Archives/edgar/data/726728/000110465915011630/0001104659-15-011630-index.htm",
    "finalLink": "https://www.sec.gov/Archives/edgar/data/726728/000110465915011630/a14-25802_110k.htm"
  },
  {
    "date": "2013-12-31",
    "symbol": "O",
    "reportedCurrency": "USD",
    "cik": "0000726728",
    "fillingDate": "2014-02-14",
    "acceptedDate": "2014-02-14 17:11:21",
    "calendarYear": "2013",
    "period": "FY",
    "revenue": 780209000,
    "costOfRevenue": 38851000,
    "grossProfit": 741358000,
    "grossProfitRatio": 0.9502043683,
    "researchAndDevelopmentExpenses": 0,
    "generalAndAdministrativeExpenses": 56827000,
    "sellingAndMarketingExpenses": 0,
    "sellingGeneralAndAdministrativeExpenses": 56827000,
    "otherExpenses": 306769000,
    "operatingExpenses": 363650000,
    "costAndExpenses": 402501000,
    "interestIncome": 0,
    "interestExpense": 0,
    "depreciationAndAmortization": 306577000,
    "ebitda": 662688000,
    "ebitdaratio": 0.8493724118,
    "operatingIncome": 377708000,
    "operatingIncomeRatio": 0.4841113086,
    "totalOtherIncomeExpensesNet": -194745000,
    "incomeBeforeTax": 181914000,
    "incomeBeforeTaxRatio": 0.2331606018,
    "incomeTaxExpense": 2350000,
    "netIncome": 245564000,
    "netIncomeRatio": 0.3147413065,
    "eps": 1.06,
    "epsdiluted": 1.06,
    "weightedAverageShsOut": 191754857,
    "weightedAverageShsOutDil": 191781622,
    "link": "https://www.sec.gov/Archives/edgar/data/726728/000110465914010697/0001104659-14-010697-index.htm",
    "finalLink": "https://www.sec.gov/Archives/edgar/data/726728/000110465914010697/a13-26753_110k.htm"
  },
  {
    "date": "2012-12-31",
    "symbol": "O",
    "reportedCurrency": "USD",
    "cik": "0000726728",
    "fillingDate": "2013-02-14",
    "acceptedDate": "2013-02-14 17:38:50",
    "calendarYear": "2012",
    "period": "FY",
    "revenue": 484581000,
    "costOfRevenue": 21306000,
    "grossProfit": 463275000,
    "grossProfitRatio": 0.9560321185,
    "researchAndDevelopmentExpenses": 0,
    "generalAndAdministrativeExpenses": 37998000,
    "sellingAndMarketingExpenses": 0,
    "sellingGeneralAndAdministrativeExpenses": 37998000,
    "otherExpenses": 147515000,
    "operatingExpenses": 185638000,
    "costAndExpenses": 206944000,
    "interestIncome": 0,
    "interestExpense": 0,
    "depreciationAndAmortization": 149597000,
    "ebitda": 406709000,
    "ebitdaratio": 0.839300344,
    "operatingIncome": 277637000,
    "operatingIncomeRatio": 0.5729423977,
    "totalOtherIncomeExpensesNet": -134681000,
    "incomeBeforeTax": 147401000,
    "incomeBeforeTaxRatio": 0.3041823761,
    "incomeTaxExpense": 1061000,
    "netIncome": 159152000,
    "netIncomeRatio": 0.3284321919,
    "eps": 1.2,
    "epsdiluted": 1.2,
    "weightedAverageShsOut": 132817472,
    "weightedAverageShsOutDil": 132884933,
    "link": "https://www.sec.gov/Archives/edgar/data/726728/000110465913010950/0001104659-13-010950-index.htm",
    "finalLink": "https://www.sec.gov/Archives/edgar/data/726728/000110465913010950/a12-27698_110k.htm"
  },
  {
    "date": "2011-12-31",
    "symbol": "O",
    "reportedCurrency": "USD",
    "cik": "0000726728",
    "fillingDate": "2012-02-13",
    "acceptedDate": "2012-02-13 17:31:33",
    "calendarYear": "2011",
    "period": "FY",
    "revenue": 412360000,
    "costOfRevenue": 15457000,
    "grossProfit": 396903000,
    "grossProfitRatio": 0.9625157629,
    "researchAndDevelopmentExpenses": 0,
    "generalAndAdministrativeExpenses": 0,
    "sellingAndMarketingExpenses": 0,
    "sellingGeneralAndAdministrativeExpenses": 30954000,
    "otherExpenses": 116546000,
    "operatingExpenses": 147500000,
    "costAndExpenses": 162957000,
    "interestIncome": 0,
    "interestExpense": 0,
    "depreciationAndAmortization": 121751000,
    "ebitda": 360678000,
    "ebitdaratio": 0.874667766,
    "operatingIncome": 249403000,
    "operatingIncomeRatio": 0.6048186051,
    "totalOtherIncomeExpensesNet": -108311000,
    "incomeBeforeTax": 152607000,
    "incomeBeforeTaxRatio": 0.3700819672,
    "incomeTaxExpense": 1470000,
    "netIncome": 157032000,
    "netIncomeRatio": 0.3808128819,
    "eps": 1.05,
    "epsdiluted": 1.05,
    "weightedAverageShsOut": 126142696,
    "weightedAverageShsOutDil": 126189399,
    "link": "https://www.sec.gov/Archives/edgar/data/726728/000114036112007480/0001140361-12-007480-index.htm",
    "finalLink": "https://www.sec.gov/Archives/edgar/data/726728/000114036112007480/ri10k_2011yt.htm"
  },
  {
    "date": "2010-12-31",
    "symbol": "O",
    "reportedCurrency": "USD",
    "cik": "0000726728",
    "fillingDate": "2011-02-10",
    "acceptedDate": "2011-02-10 17:28:04",
    "calendarYear": "2010",
    "period": "FY",
    "revenue": 333437000,
    "costOfRevenue": 5805000,
    "grossProfit": 327632000,
    "grossProfitRatio": 0.9825904144,
    "researchAndDevelopmentExpenses": 0,
    "generalAndAdministrativeExpenses": 0,
    "sellingAndMarketingExpenses": 0,
    "sellingGeneralAndAdministrativeExpenses": 25311000,
    "otherExpenses": 91641000,
    "operatingExpenses": 116952000,
    "costAndExpenses": 122757000,
    "interestIncome": 0,
    "interestExpense": 0,
    "depreciationAndAmortization": 95513000,
    "ebitda": 297584000,
    "ebitdaratio": 0.8924744404,
    "operatingIncome": 210680000,
    "operatingIncomeRatio": 0.6318434967,
    "totalOtherIncomeExpensesNet": -94086000,
    "incomeBeforeTax": 122809000,
    "incomeBeforeTaxRatio": 0.3683124548,
    "incomeTaxExpense": 1393000,
    "netIncome": 130784000,
    "netIncomeRatio": 0.3922300165,
    "eps": 1.01,
    "epsdiluted": 1.01,
    "weightedAverageShsOut": 105869637,
    "weightedAverageShsOutDil": 105942721,
    "link": "https://www.sec.gov/Archives/edgar/data/726728/000072672811000013/0000726728-11-000013-index.htm",
    "finalLink": "https://www.sec.gov/Archives/edgar/data/726728/000072672811000013/ri10k_2010yt.htm"
  },
  {
    "date": "2009-12-31",
    "symbol": "O",
    "reportedCurrency": "USD",
    "cik": "0000726728",
    "fillingDate": "2010-02-11",
    "acceptedDate": "2010-02-11 17:17:43",
    "calendarYear": "2009",
    "period": "FY",
    "revenue": 322550000,
    "costOfRevenue": 6443000,
    "grossProfit": 316107000,
    "grossProfitRatio": 0.9800248024,
    "researchAndDevelopmentExpenses": 0,
    "generalAndAdministrativeExpenses": 0,
    "sellingAndMarketingExpenses": 0,
    "sellingGeneralAndAdministrativeExpenses": 20946000,
    "otherExpenses": 89902000,
    "operatingExpenses": 110848000,
    "costAndExpenses": 117291000,
    "interestIncome": 0,
    "interestExpense": 0,
    "depreciationAndAmortization": 91383000,
    "ebitda": 294962000,
    "ebitdaratio": 0.9144690746,
    "operatingIncome": 205259000,
    "operatingIncomeRatio": 0.6363633545,
    "totalOtherIncomeExpensesNet": -85727000,
    "incomeBeforeTax": 0,
    "incomeBeforeTaxRatio": 0,
    "incomeTaxExpense": 677000,
    "netIncome": 131127000,
    "netIncomeRatio": 0.4065323206,
    "eps": 1.03,
    "epsdiluted": 1.03,
    "weightedAverageShsOut": 103577507,
    "weightedAverageShsOutDil": 103581053,
    "link": "https://www.sec.gov/Archives/edgar/data/726728/000072672810000017/0000726728-10-000017-index.htm",
    "finalLink": "https://www.sec.gov/Archives/edgar/data/726728/000072672810000017/ri10k_2009yt.htm"
  },
  {
    "date": "2008-12-31",
    "symbol": "O",
    "reportedCurrency": "USD",
    "cik": "0000726728",
    "fillingDate": "2009-02-12",
    "acceptedDate": "2009-02-12 17:38:57",
    "calendarYear": "2008",
    "period": "FY",
    "revenue": 325041000,
    "costOfRevenue": 5458000,
    "grossProfit": 319583000,
    "grossProfitRatio": 0.9832082722,
    "researchAndDevelopmentExpenses": 0,
    "generalAndAdministrativeExpenses": 0,
    "sellingAndMarketingExpenses": 0,
    "sellingGeneralAndAdministrativeExpenses": 21618000,
    "otherExpenses": 89104000,
    "operatingExpenses": 110722000,
    "costAndExpenses": 116180000,
    "interestIncome": 0,
    "interestExpense": 0,
    "depreciationAndAmortization": 90732000,
    "ebitda": 294591000,
    "ebitdaratio": 0.9063195105,
    "operatingIncome": 208861000,
    "operatingIncomeRatio": 0.6425681683,
    "totalOtherIncomeExpensesNet": -97330000,
    "incomeBeforeTax": 0,
    "incomeBeforeTaxRatio": 0,
    "incomeTaxExpense": 1230000,
    "netIncome": 131841000,
    "netIncomeRatio": 0.4056134457,
    "eps": 1.06,
    "epsdiluted": 1.06,
    "weightedAverageShsOut": 101178191,
    "weightedAverageShsOutDil": 101209883,
    "link": "https://www.sec.gov/Archives/edgar/data/726728/000072672809000015/0000726728-09-000015-index.htm",
    "finalLink": "https://www.sec.gov/Archives/edgar/data/726728/000072672809000015/ric10k_2008yr.htm"
  },
  {
    "date": "2007-12-31",
    "symbol": "O",
    "reportedCurrency": "USD",
    "cik": "0000726728",
    "fillingDate": "2008-02-15",
    "acceptedDate": "2008-02-14 17:58:16",
    "calendarYear": "2007",
    "period": "FY",
    "revenue": 294317000,
    "costOfRevenue": 0,
    "grossProfit": 294317000,
    "grossProfitRatio": 1,
    "researchAndDevelopmentExpenses": 0,
    "generalAndAdministrativeExpenses": 0,
    "sellingAndMarketingExpenses": 0,
    "sellingGeneralAndAdministrativeExpenses": 22694000,
    "otherExpenses": 81549000,
    "operatingExpenses": 104243000,
    "costAndExpenses": 104243000,
    "interestIncome": 0,
    "interestExpense": 0,
    "depreciationAndAmortization": 77192000,
    "ebitda": 270617000,
    "ebitdaratio": 0.9194745801,
    "operatingIncome": 190074000,
    "operatingIncomeRatio": 0.6458138674,
    "totalOtherIncomeExpensesNet": -61299000,
    "incomeBeforeTax": 128775000,
    "incomeBeforeTaxRatio": 0.4375384364,
    "incomeTaxExpense": 1392000,
    "netIncome": 140409000,
    "netIncomeRatio": 0.4770672438,
    "eps": 1.16,
    "epsdiluted": 1.16,
    "weightedAverageShsOut": 100195031,
    "weightedAverageShsOutDil": 100333966,
    "link": "https://www.sec.gov/Archives/edgar/data/726728/000114036108004298/0001140361-08-004298-index.htm",
    "finalLink": "https://www.sec.gov/Archives/edgar/data/726728/000114036108004298/ric10k_2007yr.htm"
  },
  {
    "date": "2006-12-31",
    "symbol": "O",
    "reportedCurrency": "USD",
    "cik": "0000726728",
    "fillingDate": "2007-02-21",
    "acceptedDate": "2007-02-21 16:13:37",
    "calendarYear": "2006",
    "period": "FY",
    "revenue": 237416000,
    "costOfRevenue": 0,
    "grossProfit": 237416000,
    "grossProfitRatio": 1,
    "researchAndDevelopmentExpenses": 0,
    "generalAndAdministrativeExpenses": 0,
    "sellingAndMarketingExpenses": 0,
    "sellingGeneralAndAdministrativeExpenses": 17539000,
    "otherExpenses": 64385000,
    "operatingExpenses": 81924000,
    "costAndExpenses": 81924000,
    "interestIncome": 0,
    "interestExpense": 0,
    "depreciationAndAmortization": 59492000,
    "ebitda": 217226000,
    "ebitdaratio": 0.9149593962,
    "operatingIncome": 155492000,
    "operatingIncomeRatio": 0.654934798,
    "totalOtherIncomeExpensesNet": -48680000,
    "incomeBeforeTax": 106812000,
    "incomeBeforeTaxRatio": 0.4498938572,
    "incomeTaxExpense": 747000,
    "netIncome": 110781000,
    "netIncomeRatio": 0.4666113489,
    "eps": 1.11,
    "epsdiluted": 1.11,
    "weightedAverageShsOut": 89766714,
    "weightedAverageShsOutDil": 89917554,
    "link": "https://www.sec.gov/Archives/edgar/data/726728/000110465907012727/0001104659-07-012727-index.htm",
    "finalLink": "https://www.sec.gov/Archives/edgar/data/726728/000110465907012727/a07-4922_110k.htm"
  },
  {
    "date": "2005-12-31",
    "symbol": "O",
    "reportedCurrency": "USD",
    "cik": "0000726728",
    "fillingDate": "2006-02-23",
    "acceptedDate": "2006-02-23 16:48:54",
    "calendarYear": "2005",
    "period": "FY",
    "revenue": 193285000,
    "costOfRevenue": 0,
    "grossProfit": 193285000,
    "grossProfitRatio": 1,
    "researchAndDevelopmentExpenses": 0,
    "generalAndAdministrativeExpenses": 0,
    "sellingAndMarketingExpenses": 0,
    "sellingGeneralAndAdministrativeExpenses": 15421000,
    "otherExpenses": -15421000,
    "operatingExpenses": 0,
    "costAndExpenses": 0,
    "interestIncome": 0,
    "interestExpense": 0,
    "depreciationAndAmortization": 46450000,
    "ebitda": 193285000,
    "ebitdaratio": 1,
    "operatingIncome": 193285000,
    "operatingIncomeRatio": 1,
    "totalOtherIncomeExpensesNet": -193285000,
    "incomeBeforeTax": 0,
    "incomeBeforeTaxRatio": 0,
    "incomeTaxExpense": 0,
    "netIncome": 99119000,
    "netIncomeRatio": 0.5128126859,
    "eps": 1.12,
    "epsdiluted": 1.12,
    "weightedAverageShsOut": 79950255,
    "weightedAverageShsOutDil": 80208593,
    "link": "https://www.sec.gov/Archives/edgar/data/726728/000110465906011663/0001104659-06-011663-index.htm",
    "finalLink": "https://www.sec.gov/Archives/edgar/data/726728/000110465906011663/a06-1908_110k.htm"
  },
  {
    "date": "2004-12-31",
    "symbol": "O",
    "reportedCurrency": "USD",
    "cik": "0000726728",
    "fillingDate": "2005-03-04",
    "acceptedDate": "2005-03-04 13:35:32",
    "calendarYear": "2004",
    "period": "FY",
    "revenue": 170474000,
    "costOfRevenue": 0,
    "grossProfit": 170474000,
    "grossProfitRatio": 1,
    "researchAndDevelopmentExpenses": 0,
    "generalAndAdministrativeExpenses": 0,
    "sellingAndMarketingExpenses": 0,
    "sellingGeneralAndAdministrativeExpenses": 13119000,
    "otherExpenses": -13119000,
    "operatingExpenses": 0,
    "costAndExpenses": 0,
    "interestIncome": 0,
    "interestExpense": 0,
    "depreciationAndAmortization": 40339000,
    "ebitda": 170474000,
    "ebitdaratio": 1,
    "operatingIncome": 170474000,
    "operatingIncomeRatio": 1,
    "totalOtherIncomeExpensesNet": -85677000,
    "incomeBeforeTax": 84797000,
    "incomeBeforeTaxRatio": 0.4974189612,
    "incomeTaxExpense": 699000,
    "netIncome": 103397000,
    "netIncomeRatio": 0.6065265084,
    "eps": 1.15,
    "epsdiluted": 1.15,
    "weightedAverageShsOut": 78518296,
    "weightedAverageShsOutDil": 78598788,
    "link": "https://www.sec.gov/Archives/edgar/data/726728/000110465905009503/0001104659-05-009503-index.htm",
    "finalLink": "https://www.sec.gov/Archives/edgar/data/726728/000110465905009503/a05-1739_110k.htm"
  },
  {
    "date": "2003-12-31",
    "symbol": "O",
    "reportedCurrency": "USD",
    "cik": "0000726728",
    "fillingDate": "2004-02-19",
    "acceptedDate": "2004-02-19 11:51:22",
    "calendarYear": "2003",
    "period": "FY",
    "revenue": 142296000,
    "costOfRevenue": 0,
    "grossProfit": 142296000,
    "grossProfitRatio": 1,
    "researchAndDevelopmentExpenses": 0,
    "generalAndAdministrativeExpenses": 0,
    "sellingAndMarketingExpenses": 0,
    "sellingGeneralAndAdministrativeExpenses": 11182000,
    "otherExpenses": -45753000,
    "operatingExpenses": -35137000,
    "costAndExpenses": -35137000,
    "interestIncome": 0,
    "interestExpense": 26974000,
    "depreciationAndAmortization": 34416000,
    "ebitda": 211849000,
    "ebitdaratio": 1.4887909709,
    "operatingIncome": 177433000,
    "operatingIncomeRatio": 1.2469289369,
    "totalOtherIncomeExpensesNet": -106247000,
    "incomeBeforeTax": 0,
    "incomeBeforeTaxRatio": 0,
    "incomeTaxExpense": 501000,
    "netIncome": 86435000,
    "netIncomeRatio": 0.6074309889,
    "eps": 1.08,
    "epsdiluted": 1.08,
    "weightedAverageShsOut": 71128282,
    "weightedAverageShsOutDil": 71222628,
    "link": "https://www.sec.gov/Archives/edgar/data/726728/000110465904005114/0001104659-04-005114-index.htm",
    "finalLink": "https://www.sec.gov/Archives/edgar/data/726728/000110465904005114/a04-2630_110k.htm"
  },
  {
    "date": "2002-12-31",
    "symbol": "O",
    "reportedCurrency": "USD",
    "cik": "0000726728",
    "fillingDate": "2003-03-05",
    "acceptedDate": "2003-03-04 18:55:01",
    "calendarYear": "2002",
    "period": "FY",
    "revenue": 127337000,
    "costOfRevenue": 0,
    "grossProfit": 127337000,
    "grossProfitRatio": 1,
    "researchAndDevelopmentExpenses": 0,
    "generalAndAdministrativeExpenses": 0,
    "sellingAndMarketingExpenses": 0,
    "sellingGeneralAndAdministrativeExpenses": 9454000,
    "otherExpenses": -40565000,
    "operatingExpenses": -31522000,
    "costAndExpenses": -31522000,
    "interestIncome": 0,
    "interestExpense": 23536000,
    "depreciationAndAmortization": 31428000,
    "ebitda": 190287000,
    "ebitdaratio": 1.4943574923,
    "operatingIncome": 158859000,
    "operatingIncomeRatio": 1.2475478455,
    "totalOtherIncomeExpensesNet": -92641000,
    "incomeBeforeTax": 0,
    "incomeBeforeTaxRatio": 0,
    "incomeTaxExpense": 496000,
    "netIncome": 78667000,
    "netIncomeRatio": 0.6177858753,
    "eps": 1.02,
    "epsdiluted": 1.01,
    "weightedAverageShsOut": 67867498,
    "weightedAverageShsOutDil": 67976314,
    "link": "https://www.sec.gov/Archives/edgar/data/726728/000072672803000013/0000726728-03-000013-index.htm",
    "finalLink": "https://www.sec.gov/Archives/edgar/data/726728/000072672803000013/form10k2002.txt"
  },
  {
    "date": "2001-12-31",
    "symbol": "O",
    "reportedCurrency": "USD",
    "cik": "0000726728",
    "fillingDate": "2002-12-19",
    "acceptedDate": "2002-12-19 14:36:57",
    "calendarYear": "2001",
    "period": "FY",
    "revenue": 109807000,
    "costOfRevenue": 0,
    "grossProfit": 109807000,
    "grossProfitRatio": 1,
    "researchAndDevelopmentExpenses": 0,
    "generalAndAdministrativeExpenses": 0,
    "sellingAndMarketingExpenses": 0,
    "sellingGeneralAndAdministrativeExpenses": 7836000,
    "otherExpenses": -41840000,
    "operatingExpenses": -34000000,
    "costAndExpenses": -34000000,
    "interestIncome": 0,
    "interestExpense": 26466000,
    "depreciationAndAmortization": 29426000,
    "ebitda": 172643000,
    "ebitdaratio": 1.5722403854,
    "operatingIncome": 143807000,
    "operatingIncomeRatio": 1.3096341763,
    "totalOtherIncomeExpensesNet": -143807000,
    "incomeBeforeTax": 0,
    "incomeBeforeTaxRatio": 0,
    "incomeTaxExpense": 0,
    "netIncome": 67558000,
    "netIncomeRatio": 0.6152431084,
    "eps": 1.19,
    "epsdiluted": 1.19,
    "weightedAverageShsOut": 56555405,
    "weightedAverageShsOutDil": 56555405,
    "link": "https://www.sec.gov/Archives/edgar/data/726728/000072672802000012/0000726728-02-000012-index.htm",
    "finalLink": "https://www.sec.gov/Archives/edgar/data/726728/000072672802000012/amended10k2001.txt"
  },
  {
    "date": "2000-12-31",
    "symbol": "O",
    "reportedCurrency": "USD",
    "cik": "0000726728",
    "fillingDate": "2001-03-28",
    "acceptedDate": "2001-03-28 00:00:00",
    "calendarYear": "2000",
    "period": "FY",
    "revenue": 106325000,
    "costOfRevenue": 0,
    "grossProfit": 106325000,
    "grossProfitRatio": 1,
    "researchAndDevelopmentExpenses": 0,
    "generalAndAdministrativeExpenses": 0,
    "sellingAndMarketingExpenses": 0,
    "sellingGeneralAndAdministrativeExpenses": 6839000,
    "otherExpenses": -37975000,
    "operatingExpenses": -31131000,
    "costAndExpenses": -31131000,
    "interestIncome": 0,
    "interestExpense": 31547000,
    "depreciationAndAmortization": 29003000,
    "ebitda": 165869000,
    "ebitdaratio": 1.5600188103,
    "operatingIncome": 137456000,
    "operatingIncomeRatio": 1.2927909711,
    "totalOtherIncomeExpensesNet": -137456000,
    "incomeBeforeTax": 0,
    "incomeBeforeTaxRatio": 0,
    "incomeTaxExpense": 0,
    "netIncome": 54788000,
    "netIncomeRatio": 0.515288032,
    "eps": 0.85,
    "epsdiluted": 0.85,
    "weightedAverageShsOut": 53638261,
    "weightedAverageShsOutDil": 53638261,
    "link": "https://www.sec.gov/Archives/edgar/data/726728/000072672801000004/0000726728-01-000004-index.htm",
    "finalLink": "https://www.sec.gov/Archives/edgar/data/726728/000072672801000004/0000726728-01-000004-0001.txt"
  },
  {
    "date": "1999-12-31",
    "symbol": "O",
    "reportedCurrency": "USD",
    "cik": "0000726728",
    "fillingDate": "2000-03-23",
    "acceptedDate": "2000-03-23 00:00:00",
    "calendarYear": "1999",
    "period": "FY",
    "revenue": 97863000,
    "costOfRevenue": 0,
    "grossProfit": 97863000,
    "grossProfitRatio": 1,
    "researchAndDevelopmentExpenses": 0,
    "generalAndAdministrativeExpenses": 0,
    "sellingAndMarketingExpenses": 0,
    "sellingGeneralAndAdministrativeExpenses": 6968000,
    "otherExpenses": 50884000,
    "operatingExpenses": 57852000,
    "costAndExpenses": 57852000,
    "interestIncome": 0,
    "interestExpense": 24473000,
    "depreciationAndAmortization": 25952000,
    "ebitda": 40011000,
    "ebitdaratio": 0.4088470617,
    "operatingIncome": 40011000,
    "operatingIncomeRatio": 0.4088470617,
    "totalOtherIncomeExpensesNet": -40011000,
    "incomeBeforeTax": 0,
    "incomeBeforeTaxRatio": 0,
    "incomeTaxExpense": 0,
    "netIncome": 46241000,
    "netIncomeRatio": 0.472507485,
    "eps": 0.76,
    "epsdiluted": 0.76,
    "weightedAverageShsOut": 53859649,
    "weightedAverageShsOutDil": 53859649,
    "link": "https://www.sec.gov/Archives/edgar/data/726728/000072672800000002/0000726728-00-000002-index.html",
    "finalLink": "https://www.sec.gov/Archives/edgar/data/726728/000072672800000002/"
  },
  {
    "date": "1998-12-31",
    "symbol": "O",
    "reportedCurrency": "USD",
    "cik": "0000726728",
    "fillingDate": "1999-03-24",
    "acceptedDate": "1999-03-24 00:00:00",
    "calendarYear": "1998",
    "period": "FY",
    "revenue": 82727000,
    "costOfRevenue": 0,
    "grossProfit": 82727000,
    "grossProfitRatio": 1,
    "researchAndDevelopmentExpenses": 0,
    "generalAndAdministrativeExpenses": 0,
    "sellingAndMarketingExpenses": 0,
    "sellingGeneralAndAdministrativeExpenses": 6680000,
    "otherExpenses": 36800000,
    "operatingExpenses": 43480000,
    "costAndExpenses": 43480000,
    "interestIncome": 0,
    "interestExpense": 0,
    "depreciationAndAmortization": 21935000,
    "ebitda": 39247000,
    "ebitdaratio": 0.4744158497,
    "operatingIncome": 39247000,
    "operatingIncomeRatio": 0.4744158497,
    "totalOtherIncomeExpensesNet": -39247000,
    "incomeBeforeTax": 41504000,
    "incomeBeforeTaxRatio": 0.5016983572,
    "incomeTaxExpense": 0,
    "netIncome": 41304000,
    "netIncomeRatio": 0.4992807669,
    "eps": 0.78,
    "epsdiluted": 0.78,
    "weightedAverageShsOut": 53259872,
    "weightedAverageShsOutDil": 53276568,
    "link": "https://www.sec.gov/Archives/edgar/data/726728/000072672899000006/0000726728-99-000006-index.html",
    "finalLink": "https://www.sec.gov/Archives/edgar/data/726728/"
  },
  {
    "date": "1997-12-31",
    "symbol": "O",
    "reportedCurrency": "USD",
    "cik": "0000726728",
    "fillingDate": "1998-03-20",
    "acceptedDate": "1998-03-20 00:00:00",
    "calendarYear": "1997",
    "period": "FY",
    "revenue": 69000000,
    "costOfRevenue": 0,
    "grossProfit": 69000000,
    "grossProfitRatio": 1,
    "researchAndDevelopmentExpenses": 0,
    "generalAndAdministrativeExpenses": 0,
    "sellingAndMarketingExpenses": 0,
    "sellingGeneralAndAdministrativeExpenses": 5437000,
    "otherExpenses": -25900000,
    "operatingExpenses": -20500000,
    "costAndExpenses": -20500000,
    "interestIncome": 0,
    "interestExpense": 8226000,
    "depreciationAndAmortization": 18596000,
    "ebitda": 108100000,
    "ebitdaratio": 1.5666666667,
    "operatingIncome": 89500000,
    "operatingIncomeRatio": 1.2971014493,
    "totalOtherIncomeExpensesNet": -89500000,
    "incomeBeforeTax": 0,
    "incomeBeforeTaxRatio": 0,
    "incomeTaxExpense": 0,
    "netIncome": 34770000,
    "netIncomeRatio": 0.5039130435,
    "eps": 0.74,
    "epsdiluted": 0.74,
    "weightedAverageShsOut": 47027027,
    "weightedAverageShsOutDil": 47027027,
    "link": "https://www.sec.gov/Archives/edgar/data/726728/000072672898000005/0000726728-98-000005-index.html",
    "finalLink": "https://www.sec.gov/Archives/edgar/data/726728/"
  },
  {
    "date": "1996-12-31",
    "symbol": "O",
    "reportedCurrency": "USD",
    "cik": "0000726728",
    "fillingDate": "1997-03-26",
    "acceptedDate": "1997-03-26 00:00:00",
    "calendarYear": "1996",
    "period": "FY",
    "revenue": 56957000,
    "costOfRevenue": 0,
    "grossProfit": 56957000,
    "grossProfitRatio": 1,
    "researchAndDevelopmentExpenses": 0,
    "generalAndAdministrativeExpenses": 0,
    "sellingAndMarketingExpenses": 0,
    "sellingGeneralAndAdministrativeExpenses": 5181000,
    "otherExpenses": 18641000,
    "operatingExpenses": 23822000,
    "costAndExpenses": 23822000,
    "interestIncome": 0,
    "interestExpense": 2367000,
    "depreciationAndAmortization": 16422000,
    "ebitda": 49557000,
    "ebitdaratio": 0.8700774268,
    "operatingIncome": 33135000,
    "operatingIncomeRatio": 0.581754657,
    "totalOtherIncomeExpensesNet": -33135000,
    "incomeBeforeTax": 32268000,
    "incomeBeforeTaxRatio": 0.5665326474,
    "incomeTaxExpense": 0,
    "netIncome": 32223000,
    "netIncomeRatio": 0.5657425777,
    "eps": 0.7,
    "epsdiluted": 0.7,
    "weightedAverageShsOut": 45953578,
    "weightedAverageShsOutDil": 45955674,
    "link": "https://www.sec.gov/Archives/edgar/data/726728/000072672897000007/0000726728-97-000007-index.html",
    "finalLink": "https://www.sec.gov/Archives/edgar/data/726728/"
  },
  {
    "date": "1995-12-31",
    "symbol": "O",
    "reportedCurrency": "USD",
    "cik": "0000726728",
    "fillingDate": "1996-03-21",
    "acceptedDate": "1996-03-21 00:00:00",
    "calendarYear": "1995",
    "period": "FY",
    "revenue": 51555000,
    "costOfRevenue": 0,
    "grossProfit": 51555000,
    "grossProfitRatio": 1,
    "researchAndDevelopmentExpenses": 0,
    "generalAndAdministrativeExpenses": 0,
    "sellingAndMarketingExpenses": 0,
    "sellingGeneralAndAdministrativeExpenses": 4821000,
    "otherExpenses": 21152000,
    "operatingExpenses": 25973000,
    "costAndExpenses": 25973000,
    "interestIncome": 0,
    "interestExpense": 0,
    "depreciationAndAmortization": 14849000,
    "ebitda": 25582000,
    "ebitdaratio": 0.4962079333,
    "operatingIncome": 25582000,
    "operatingIncomeRatio": 0.4962079333,
    "totalOtherIncomeExpensesNet": -25582000,
    "incomeBeforeTax": 0,
    "incomeBeforeTaxRatio": 0,
    "incomeTaxExpense": 0,
    "netIncome": 25600000,
    "netIncomeRatio": 0.496557075,
    "eps": 0.56,
    "epsdiluted": 0.56,
    "weightedAverageShsOut": 39560440,
    "weightedAverageShsOutDil": 39560440,
    "link": "https://www.sec.gov/Archives/edgar/data/726728/000072672896000009/0000726728-96-000009-index.html",
    "finalLink": "https://www.sec.gov/Archives/edgar/data/726728/"
  },
  {
    "date": "1994-12-31",
    "symbol": "O",
    "reportedCurrency": "USD",
    "cik": "0000726728",
    "fillingDate": "1994-12-31",
    "acceptedDate": "1994-12-31 00:00:00",
    "calendarYear": "1994",
    "period": "FY",
    "revenue": 48863000,
    "costOfRevenue": 0,
    "grossProfit": 48863000,
    "grossProfitRatio": 1,
    "researchAndDevelopmentExpenses": 0,
    "generalAndAdministrativeExpenses": 0,
    "sellingAndMarketingExpenses": 0,
    "sellingGeneralAndAdministrativeExpenses": 0,
    "otherExpenses": 34804000,
    "operatingExpenses": 34804000,
    "costAndExpenses": 34804000,
    "interestIncome": 0,
    "interestExpense": 0,
    "depreciationAndAmortization": 13800000,
    "ebitda": 14059000,
    "ebitdaratio": 0.2877228169,
    "operatingIncome": 14059000,
    "operatingIncomeRatio": 0.2877228169,
    "totalOtherIncomeExpensesNet": -14059000,
    "incomeBeforeTax": 0,
    "incomeBeforeTaxRatio": 0,
    "incomeTaxExpense": 0,
    "netIncome": 15200000,
    "netIncomeRatio": 0.3110738186,
    "eps": 0.39,
    "epsdiluted": 0.39,
    "weightedAverageShsOut": 39035897,
    "weightedAverageShsOutDil": 39035897,
    "link": null,
    "finalLink": null
  },
  {
    "date": "1993-12-31",
    "symbol": "O",
    "reportedCurrency": "USD",
    "cik": "0000726728",
    "fillingDate": "1993-12-31",
    "acceptedDate": "1993-12-31 00:00:00",
    "calendarYear": "1993",
    "period": "FY",
    "revenue": 49018000,
    "costOfRevenue": 0,
    "grossProfit": 49018000,
    "grossProfitRatio": 1,
    "researchAndDevelopmentExpenses": 0,
    "generalAndAdministrativeExpenses": 0,
    "sellingAndMarketingExpenses": 0,
    "sellingGeneralAndAdministrativeExpenses": 0,
    "otherExpenses": 23283000,
    "operatingExpenses": 23283000,
    "costAndExpenses": 23283000,
    "interestIncome": 0,
    "interestExpense": 0,
    "depreciationAndAmortization": 0,
    "ebitda": 25735000,
    "ebitdaratio": 0.5250112204,
    "operatingIncome": 25735000,
    "operatingIncomeRatio": 0.5250112204,
    "totalOtherIncomeExpensesNet": -25735000,
    "incomeBeforeTax": 0,
    "incomeBeforeTaxRatio": 0,
    "incomeTaxExpense": 0,
    "netIncome": 29318000,
    "netIncomeRatio": 0.5981068179,
    "eps": 0.74,
    "epsdiluted": 0.74,
    "weightedAverageShsOut": 39512195,
    "weightedAverageShsOutDil": 39512195,
    "link": null,
    "finalLink": null
  }
]