[
  {
    "date": "2025-06-30",
    "symbol": "OKE",
    "reportedCurrency": "USD",
    "cik": "0001039684",
    "fillingDate": "2025-06-30",
    "acceptedDate": "2025-06-29 20:00:00",
    "calendarYear": "2025",
    "period": "Q2",
    "revenue": 7887000000,
    "costOfRevenue": 6346000000,
    "grossProfit": 1541000000,
    "grossProfitRatio": 0.1953848104,
    "researchAndDevelopmentExpenses": 0,
    "generalAndAdministrativeExpenses": 0,
    "sellingAndMarketingExpenses": 0,
    "sellingGeneralAndAdministrativeExpenses": 0,
    "otherExpenses": 88000000,
    "operatingExpenses": 88000000,
    "costAndExpenses": 6434000000,
    "interestIncome": 0,
    "interestExpense": 438000000,
    "depreciationAndAmortization": 368000000,
    "ebitda": 1919000000,
    "ebitdaratio": 0.2433117789,
    "operatingIncome": 1453000000,
    "operatingIncomeRatio": 0.1842272093,
    "totalOtherIncomeExpensesNet": -340000000,
    "incomeBeforeTax": 1113000000,
    "incomeBeforeTaxRatio": 0.1411182959,
    "incomeTaxExpense": 260000000,
    "netIncome": 841000000,
    "netIncomeRatio": 0.1066311652,
    "eps": 1.34,
    "epsdiluted": 1.34,
    "weightedAverageShsOut": 627200000,
    "weightedAverageShsOutDil": 628100000,
    "link": "https://www.sec.gov/Archives/edgar/data/1039684/000103968425000114/0001039684-25-000114-index.htm",
    "finalLink": "https://www.sec.gov/Archives/edgar/data/1039684/000103968425000114/oke-20250630.htm"
  },
  {
    "date": "2025-03-31",
    "symbol": "OKE",
    "reportedCurrency": "USD",
    "cik": "0001039684",
    "fillingDate": "2025-04-30",
    "acceptedDate": "2025-04-30 16:20:00",
    "calendarYear": "2025",
    "period": "Q1",
    "revenue": 8043000000,
    "costOfRevenue": 6690000000,
    "grossProfit": 1353000000,
    "grossProfitRatio": 0.1682208131,
    "researchAndDevelopmentExpenses": 0,
    "generalAndAdministrativeExpenses": 0,
    "sellingAndMarketingExpenses": 0,
    "sellingGeneralAndAdministrativeExpenses": 0,
    "otherExpenses": 91000000,
    "operatingExpenses": 91000000,
    "costAndExpenses": 6781000000,
    "interestIncome": 0,
    "interestExpense": 442000000,
    "depreciationAndAmortization": 380000000,
    "ebitda": 1710000000,
    "ebitdaratio": 0.2126072361,
    "operatingIncome": 1262000000,
    "operatingIncomeRatio": 0.1569066269,
    "totalOtherIncomeExpensesNet": -374000000,
    "incomeBeforeTax": 888000000,
    "incomeBeforeTaxRatio": 0.1104065647,
    "incomeTaxExpense": 197000000,
    "netIncome": 636000000,
    "netIncomeRatio": 0.079074972,
    "eps": 1.04,
    "epsdiluted": 1.04,
    "weightedAverageShsOut": 611400000,
    "weightedAverageShsOutDil": 612500000,
    "link": "https://www.sec.gov/Archives/edgar/data/1039684/000103968425000061/0001039684-25-000061-index.htm",
    "finalLink": "https://www.sec.gov/Archives/edgar/data/1039684/000103968425000061/oke-20250331.htm"
  },
  {
    "date": "2024-12-31",
    "symbol": "OKE",
    "reportedCurrency": "USD",
    "cik": "0001039684",
    "fillingDate": "2025-02-25",
    "acceptedDate": "2025-02-25 16:21:23",
    "calendarYear": "2024",
    "period": "Q4",
    "revenue": 7000000000,
    "costOfRevenue": 4840000000,
    "grossProfit": 2160000000,
    "grossProfitRatio": 0.3085714286,
    "researchAndDevelopmentExpenses": 0,
    "generalAndAdministrativeExpenses": 0,
    "sellingAndMarketingExpenses": 0,
    "sellingGeneralAndAdministrativeExpenses": 0,
    "otherExpenses": 592000000,
    "operatingExpenses": 592000000,
    "costAndExpenses": 5432000000,
    "interestIncome": 0,
    "interestExpense": 448000000,
    "depreciationAndAmortization": 344000000,
    "ebitda": 2120000000,
    "ebitdaratio": 0.3028571429,
    "operatingIncome": 1568000000,
    "operatingIncomeRatio": 0.224,
    "totalOtherIncomeExpensesNet": -240000000,
    "incomeBeforeTax": 1328000000,
    "incomeBeforeTaxRatio": 0.1897142857,
    "incomeTaxExpense": 328000000,
    "netIncome": 923000000,
    "netIncomeRatio": 0.1318571429,
    "eps": 1.58,
    "epsdiluted": 1.57,
    "weightedAverageShsOut": 586500000,
    "weightedAverageShsOutDil": 586500000,
    "link": "https://www.sec.gov/Archives/edgar/data/1039684/000103968425000036/0001039684-25-000036-index.htm",
    "finalLink": "https://www.sec.gov/Archives/edgar/data/1039684/000103968425000036/oke-20241231.htm"
  },
  {
    "date": "2024-09-30",
    "symbol": "OKE",
    "reportedCurrency": "USD",
    "cik": "0001039684",
    "fillingDate": "2024-10-30",
    "acceptedDate": "2024-10-30 16:18:44",
    "calendarYear": "2024",
    "period": "Q3",
    "revenue": 5023000000,
    "costOfRevenue": 3813000000,
    "grossProfit": 1210000000,
    "grossProfitRatio": 0.2408918973,
    "researchAndDevelopmentExpenses": 0,
    "generalAndAdministrativeExpenses": 0,
    "sellingAndMarketingExpenses": 0,
    "sellingGeneralAndAdministrativeExpenses": 0,
    "otherExpenses": 72000000,
    "operatingExpenses": 72000000,
    "costAndExpenses": 3885000000,
    "interestIncome": 0,
    "interestExpense": 325000000,
    "depreciationAndAmortization": 274000000,
    "ebitda": 1511000000,
    "ebitdaratio": 0.3008162453,
    "operatingIncome": 1138000000,
    "operatingIncomeRatio": 0.226557834,
    "totalOtherIncomeExpensesNet": -226000000,
    "incomeBeforeTax": 912000000,
    "incomeBeforeTaxRatio": 0.1815648019,
    "incomeTaxExpense": 219000000,
    "netIncome": 693000000,
    "netIncomeRatio": 0.1379653593,
    "eps": 1.18,
    "epsdiluted": 1.18,
    "weightedAverageShsOut": 584800000,
    "weightedAverageShsOutDil": 586700000,
    "link": "https://www.sec.gov/Archives/edgar/data/1039684/000103968424000342/0001039684-24-000342-index.htm",
    "finalLink": "https://www.sec.gov/Archives/edgar/data/1039684/000103968424000342/oke-20240930.htm"
  },
  {
    "date": "2024-06-30",
    "symbol": "OKE",
    "reportedCurrency": "USD",
    "cik": "0001039684",
    "fillingDate": "2024-08-06",
    "acceptedDate": "2024-08-06 16:17:35",
    "calendarYear": "2024",
    "period": "Q2",
    "revenue": 4894000000,
    "costOfRevenue": 3643000000,
    "grossProfit": 1251000000,
    "grossProfitRatio": 0.2556191255,
    "researchAndDevelopmentExpenses": 0,
    "generalAndAdministrativeExpenses": 0,
    "sellingAndMarketingExpenses": 0,
    "sellingGeneralAndAdministrativeExpenses": 0,
    "otherExpenses": 22000000,
    "operatingExpenses": 22000000,
    "costAndExpenses": 3665000000,
    "interestIncome": 0,
    "interestExpense": 298000000,
    "depreciationAndAmortization": 262000000,
    "ebitda": 1583000000,
    "ebitdaratio": 0.3234572946,
    "operatingIncome": 1229000000,
    "operatingIncomeRatio": 0.2511238251,
    "totalOtherIncomeExpensesNet": -206000000,
    "incomeBeforeTax": 1023000000,
    "incomeBeforeTaxRatio": 0.2090314671,
    "incomeTaxExpense": 243000000,
    "netIncome": 780000000,
    "netIncomeRatio": 0.1593788312,
    "eps": 1.33,
    "epsdiluted": 1.33,
    "weightedAverageShsOut": 584600000,
    "weightedAverageShsOutDil": 585800000,
    "link": "https://www.sec.gov/Archives/edgar/data/1039684/000103968424000138/0001039684-24-000138-index.htm",
    "finalLink": "https://www.sec.gov/Archives/edgar/data/1039684/000103968424000138/oke-20240630.htm"
  },
  {
    "date": "2024-03-31",
    "symbol": "OKE",
    "reportedCurrency": "USD",
    "cik": "0001039684",
    "fillingDate": "2024-05-01",
    "acceptedDate": "2024-05-01 16:19:45",
    "calendarYear": "2024",
    "period": "Q1",
    "revenue": 4781000000,
    "costOfRevenue": 3637000000,
    "grossProfit": 1144000000,
    "grossProfitRatio": 0.2392804853,
    "researchAndDevelopmentExpenses": 0,
    "generalAndAdministrativeExpenses": 0,
    "sellingAndMarketingExpenses": 0,
    "sellingGeneralAndAdministrativeExpenses": 0,
    "otherExpenses": 80000000,
    "operatingExpenses": 80000000,
    "costAndExpenses": 3717000000,
    "interestIncome": 0,
    "interestExpense": 300000000,
    "depreciationAndAmortization": 254000000,
    "ebitda": 1401000000,
    "ebitdaratio": 0.2930349299,
    "operatingIncome": 1064000000,
    "operatingIncomeRatio": 0.2225475842,
    "totalOtherIncomeExpensesNet": -217000000,
    "incomeBeforeTax": 847000000,
    "incomeBeforeTaxRatio": 0.17715959,
    "incomeTaxExpense": 208000000,
    "netIncome": 639000000,
    "netIncomeRatio": 0.1336540473,
    "eps": 1.09,
    "epsdiluted": 1.09,
    "weightedAverageShsOut": 584200000,
    "weightedAverageShsOutDil": 585700000,
    "link": "https://www.sec.gov/Archives/edgar/data/1039684/000103968424000035/0001039684-24-000035-index.htm",
    "finalLink": "https://www.sec.gov/Archives/edgar/data/1039684/000103968424000035/oke-20240331.htm"
  },
  {
    "date": "2023-12-31",
    "symbol": "OKE",
    "reportedCurrency": "USD",
    "cik": "0001039684",
    "fillingDate": "2024-02-27",
    "acceptedDate": "2024-02-27 16:18:54",
    "calendarYear": "2023",
    "period": "Q4",
    "revenue": 5183000000,
    "costOfRevenue": 3879000000,
    "grossProfit": 1304000000,
    "grossProfitRatio": 0.2515917422,
    "researchAndDevelopmentExpenses": 0,
    "generalAndAdministrativeExpenses": 0,
    "sellingAndMarketingExpenses": 0,
    "sellingGeneralAndAdministrativeExpenses": 0,
    "otherExpenses": 64000000,
    "operatingExpenses": 64000000,
    "costAndExpenses": 3943000000,
    "interestIncome": 0,
    "interestExpense": 300000000,
    "depreciationAndAmortization": 260000000,
    "ebitda": 1470000000,
    "ebitdaratio": 0.2836195254,
    "operatingIncome": 1240000000,
    "operatingIncomeRatio": 0.2392436813,
    "totalOtherIncomeExpensesNet": -330000000,
    "incomeBeforeTax": 910000000,
    "incomeBeforeTaxRatio": 0.1755739919,
    "incomeTaxExpense": 222000000,
    "netIncome": 688000000,
    "netIncomeRatio": 0.1327416554,
    "eps": 1.18,
    "epsdiluted": 1.18,
    "weightedAverageShsOut": 583400000,
    "weightedAverageShsOutDil": 585500000,
    "link": "https://www.sec.gov/Archives/edgar/data/1039684/000103968424000015/0001039684-24-000015-index.htm",
    "finalLink": "https://www.sec.gov/Archives/edgar/data/1039684/000103968424000015/oke-20231231.htm"
  },
  {
    "date": "2023-09-30",
    "symbol": "OKE",
    "reportedCurrency": "USD",
    "cik": "0001039684",
    "fillingDate": "2023-11-01",
    "acceptedDate": "2023-11-01 16:18:12",
    "calendarYear": "2023",
    "period": "Q3",
    "revenue": 4158000000,
    "costOfRevenue": 3299000000,
    "grossProfit": 859000000,
    "grossProfitRatio": 0.2065897066,
    "researchAndDevelopmentExpenses": 0,
    "generalAndAdministrativeExpenses": 0,
    "sellingAndMarketingExpenses": 0,
    "sellingGeneralAndAdministrativeExpenses": 0,
    "otherExpenses": 43000000,
    "operatingExpenses": 43000000,
    "costAndExpenses": 3342000000,
    "interestIncome": 0,
    "interestExpense": 210000000,
    "depreciationAndAmortization": 177000000,
    "ebitda": 982000000,
    "ebitdaratio": 0.2361712362,
    "operatingIncome": 816000000,
    "operatingIncomeRatio": 0.1962481962,
    "totalOtherIncomeExpensesNet": -221000000,
    "incomeBeforeTax": 595000000,
    "incomeBeforeTaxRatio": 0.1430976431,
    "incomeTaxExpense": 141000000,
    "netIncome": 454000000,
    "netIncomeRatio": 0.1091871092,
    "eps": 0.99,
    "epsdiluted": 0.99,
    "weightedAverageShsOut": 457300000,
    "weightedAverageShsOutDil": 458200000,
    "link": "https://www.sec.gov/Archives/edgar/data/1039684/000103968423000081/0001039684-23-000081-index.htm",
    "finalLink": "https://www.sec.gov/Archives/edgar/data/1039684/000103968423000081/oke-20230930.htm"
  },
  {
    "date": "2023-06-30",
    "symbol": "OKE",
    "reportedCurrency": "USD",
    "cik": "0001039684",
    "fillingDate": "2023-08-08",
    "acceptedDate": "2023-08-08 16:17:32",
    "calendarYear": "2023",
    "period": "Q2",
    "revenue": 3637000000,
    "costOfRevenue": 3005000000,
    "grossProfit": 632000000,
    "grossProfitRatio": 0.1737695903,
    "researchAndDevelopmentExpenses": 0,
    "generalAndAdministrativeExpenses": 0,
    "sellingAndMarketingExpenses": 0,
    "sellingGeneralAndAdministrativeExpenses": 0,
    "otherExpenses": 47000000,
    "operatingExpenses": 47000000,
    "costAndExpenses": 3052000000,
    "interestIncome": 0,
    "interestExpense": 174000000,
    "depreciationAndAmortization": 170000000,
    "ebitda": 957000000,
    "ebitdaratio": 0.2631289524,
    "operatingIncome": 585000000,
    "operatingIncomeRatio": 0.1608468518,
    "totalOtherIncomeExpensesNet": 28000000,
    "incomeBeforeTax": 613000000,
    "incomeBeforeTaxRatio": 0.1685455045,
    "incomeTaxExpense": 145000000,
    "netIncome": 468000000,
    "netIncomeRatio": 0.1286774814,
    "eps": 1.04,
    "epsdiluted": 1.04,
    "weightedAverageShsOut": 448300000,
    "weightedAverageShsOutDil": 449000000,
    "link": "https://www.sec.gov/Archives/edgar/data/1039684/000103968423000061/0001039684-23-000061-index.htm",
    "finalLink": "https://www.sec.gov/Archives/edgar/data/1039684/000103968423000061/oke-20230630.htm"
  },
  {
    "date": "2023-03-31",
    "symbol": "OKE",
    "reportedCurrency": "USD",
    "cik": "0001039684",
    "fillingDate": "2023-05-03",
    "acceptedDate": "2023-05-03 16:17:53",
    "calendarYear": "2023",
    "period": "Q1",
    "revenue": 4498000000,
    "costOfRevenue": 3751000000,
    "grossProfit": 747000000,
    "grossProfitRatio": 0.1660738106,
    "researchAndDevelopmentExpenses": 0,
    "generalAndAdministrativeExpenses": 0,
    "sellingAndMarketingExpenses": 0,
    "sellingGeneralAndAdministrativeExpenses": 0,
    "otherExpenses": -724000000,
    "operatingExpenses": -724000000,
    "costAndExpenses": 3027000000,
    "interestIncome": 0,
    "interestExpense": 161000000,
    "depreciationAndAmortization": 162000000,
    "ebitda": 1702000000,
    "ebitdaratio": 0.3783903957,
    "operatingIncome": 1471000000,
    "operatingIncomeRatio": 0.3270342374,
    "totalOtherIncomeExpensesNet": -92000000,
    "incomeBeforeTax": 1379000000,
    "incomeBeforeTaxRatio": 0.3065807025,
    "incomeTaxExpense": 330000000,
    "netIncome": 1049000000,
    "netIncomeRatio": 0.2332147621,
    "eps": 2.34,
    "epsdiluted": 2.34,
    "weightedAverageShsOut": 448000000,
    "weightedAverageShsOutDil": 449000000,
    "link": "https://www.sec.gov/Archives/edgar/data/1039684/000103968423000037/0001039684-23-000037-index.htm",
    "finalLink": "https://www.sec.gov/Archives/edgar/data/1039684/000103968423000037/oke-20230331.htm"
  },
  {
    "date": "2022-12-31",
    "symbol": "OKE",
    "reportedCurrency": "USD",
    "cik": "0001039684",
    "fillingDate": "2023-02-28",
    "acceptedDate": "2023-02-28 16:33:50",
    "calendarYear": "2022",
    "period": "Q4",
    "revenue": 5032031000,
    "costOfRevenue": 4050660000,
    "grossProfit": 981371000,
    "grossProfitRatio": 0.1950248319,
    "researchAndDevelopmentExpenses": 0,
    "generalAndAdministrativeExpenses": 0,
    "sellingAndMarketingExpenses": 0,
    "sellingGeneralAndAdministrativeExpenses": 0,
    "otherExpenses": 224559000,
    "operatingExpenses": 224559000,
    "costAndExpenses": 4275219000,
    "interestIncome": 0,
    "interestExpense": 160550000,
    "depreciationAndAmortization": 157415000,
    "ebitda": 950692000,
    "ebitdaratio": 0.1889280889,
    "operatingIncome": 756812000,
    "operatingIncomeRatio": 0.1503989145,
    "totalOtherIncomeExpensesNet": -129737000,
    "incomeBeforeTax": 627075000,
    "incomeBeforeTaxRatio": 0.1246166806,
    "incomeTaxExpense": 142154000,
    "netIncome": 484921000,
    "netIncomeRatio": 0.0963668547,
    "eps": 1.08,
    "epsdiluted": 1.08,
    "weightedAverageShsOut": 447776000,
    "weightedAverageShsOutDil": 448977000,
    "link": "https://www.sec.gov/Archives/edgar/data/1039684/000103968423000016/0001039684-23-000016-index.htm",
    "finalLink": "https://www.sec.gov/Archives/edgar/data/1039684/000103968423000016/oke-20221231.htm"
  },
  {
    "date": "2022-09-30",
    "symbol": "OKE",
    "reportedCurrency": "USD",
    "cik": "0001039684",
    "fillingDate": "2022-11-02",
    "acceptedDate": "2022-11-02 16:50:27",
    "calendarYear": "2022",
    "period": "Q3",
    "revenue": 5991469000,
    "costOfRevenue": 5150711000,
    "grossProfit": 840758000,
    "grossProfitRatio": 0.1403258533,
    "researchAndDevelopmentExpenses": 0,
    "generalAndAdministrativeExpenses": 0,
    "sellingAndMarketingExpenses": 0,
    "sellingGeneralAndAdministrativeExpenses": 0,
    "otherExpenses": 46140000,
    "operatingExpenses": 46140000,
    "costAndExpenses": 5196851000,
    "interestIncome": 0,
    "interestExpense": 157329000,
    "depreciationAndAmortization": 157102000,
    "ebitda": 878311000,
    "ebitdaratio": 0.1465935983,
    "operatingIncome": 794618000,
    "operatingIncomeRatio": 0.1326249038,
    "totalOtherIncomeExpensesNet": -230738000,
    "incomeBeforeTax": 563880000,
    "incomeBeforeTaxRatio": 0.0941138142,
    "incomeTaxExpense": 132129000,
    "netIncome": 431000000,
    "netIncomeRatio": 0.0719356138,
    "eps": 0.96,
    "epsdiluted": 0.96,
    "weightedAverageShsOut": 447700000,
    "weightedAverageShsOutDil": 448217000,
    "link": "https://www.sec.gov/Archives/edgar/data/1039684/000103968422000076/0001039684-22-000076-index.htm",
    "finalLink": "https://www.sec.gov/Archives/edgar/data/1039684/000103968422000076/oke-20220930.htm"
  },
  {
    "date": "2022-06-30",
    "symbol": "OKE",
    "reportedCurrency": "USD",
    "cik": "0001039684",
    "fillingDate": "2022-08-09",
    "acceptedDate": "2022-08-09 16:07:55",
    "calendarYear": "2022",
    "period": "Q2",
    "revenue": 6254495000,
    "costOfRevenue": 5442378000,
    "grossProfit": 812117000,
    "grossProfitRatio": 0.1298453352,
    "researchAndDevelopmentExpenses": 0,
    "generalAndAdministrativeExpenses": 0,
    "sellingAndMarketingExpenses": 0,
    "sellingGeneralAndAdministrativeExpenses": 0,
    "otherExpenses": 41328000,
    "operatingExpenses": 41328000,
    "costAndExpenses": 5483706000,
    "interestIncome": 0,
    "interestExpense": 161128000,
    "depreciationAndAmortization": 157757000,
    "ebitda": 863984000,
    "ebitdaratio": 0.1381380911,
    "operatingIncome": 770789000,
    "operatingIncomeRatio": 0.1232376075,
    "totalOtherIncomeExpensesNet": -225690000,
    "incomeBeforeTax": 545099000,
    "incomeBeforeTaxRatio": 0.0871531594,
    "incomeTaxExpense": 131000000,
    "netIncome": 413725000,
    "netIncomeRatio": 0.0661484261,
    "eps": 0.93,
    "epsdiluted": 0.92,
    "weightedAverageShsOut": 447500000,
    "weightedAverageShsOutDil": 448200000,
    "link": "https://www.sec.gov/Archives/edgar/data/1039684/000103968422000059/0001039684-22-000059-index.htm",
    "finalLink": "https://www.sec.gov/Archives/edgar/data/1039684/000103968422000059/oke-20220630.htm"
  },
  {
    "date": "2022-03-31",
    "symbol": "OKE",
    "reportedCurrency": "USD",
    "cik": "0001039684",
    "fillingDate": "2022-05-04",
    "acceptedDate": "2022-05-04 16:29:19",
    "calendarYear": "2022",
    "period": "Q1",
    "revenue": 5655403000,
    "costOfRevenue": 4868580000,
    "grossProfit": 786823000,
    "grossProfitRatio": 0.1391276625,
    "researchAndDevelopmentExpenses": 0,
    "generalAndAdministrativeExpenses": 0,
    "sellingAndMarketingExpenses": 0,
    "sellingGeneralAndAdministrativeExpenses": 0,
    "otherExpenses": 49511000,
    "operatingExpenses": 49511000,
    "costAndExpenses": 4918091000,
    "interestIncome": 0,
    "interestExpense": 162724000,
    "depreciationAndAmortization": 153858000,
    "ebitda": 830173000,
    "ebitdaratio": 0.1467928988,
    "operatingIncome": 737312000,
    "operatingIncomeRatio": 0.1303730256,
    "totalOtherIncomeExpensesNet": -223721000,
    "incomeBeforeTax": 513591000,
    "incomeBeforeTaxRatio": 0.0908142178,
    "incomeTaxExpense": 122420000,
    "netIncome": 390725000,
    "netIncomeRatio": 0.0690887988,
    "eps": 0.87,
    "epsdiluted": 0.87,
    "weightedAverageShsOut": 447000000,
    "weightedAverageShsOutDil": 448404000,
    "link": "https://www.sec.gov/Archives/edgar/data/1039684/000103968422000034/0001039684-22-000034-index.htm",
    "finalLink": "https://www.sec.gov/Archives/edgar/data/1039684/000103968422000034/oke-20220331.htm"
  },
  {
    "date": "2021-12-31",
    "symbol": "OKE",
    "reportedCurrency": "USD",
    "cik": "0001039684",
    "fillingDate": "2022-03-01",
    "acceptedDate": "2022-03-01 16:06:09",
    "calendarYear": "2021",
    "period": "Q4",
    "revenue": 5712863000,
    "costOfRevenue": 4918195000,
    "grossProfit": 794668000,
    "grossProfitRatio": 0.1391015328,
    "researchAndDevelopmentExpenses": 0,
    "generalAndAdministrativeExpenses": 0,
    "sellingAndMarketingExpenses": 0,
    "sellingGeneralAndAdministrativeExpenses": 0,
    "otherExpenses": 40536000,
    "operatingExpenses": 40536000,
    "costAndExpenses": 4958731000,
    "interestIncome": 0,
    "interestExpense": 167926000,
    "depreciationAndAmortization": 153118000,
    "ebitda": 830815000,
    "ebitdaratio": 0.1454288331,
    "operatingIncome": 754132000,
    "operatingIncomeRatio": 0.1320059662,
    "totalOtherIncomeExpensesNet": -244361000,
    "incomeBeforeTax": 509771000,
    "incomeBeforeTaxRatio": 0.0892321416,
    "incomeTaxExpense": 130398000,
    "netIncome": 379098000,
    "netIncomeRatio": 0.0663586717,
    "eps": 0.85,
    "epsdiluted": 0.85,
    "weightedAverageShsOut": 446634000,
    "weightedAverageShsOutDil": 447635000,
    "link": "https://www.sec.gov/Archives/edgar/data/1039684/000103968422000015/0001039684-22-000015-index.htm",
    "finalLink": "https://www.sec.gov/Archives/edgar/data/1039684/000103968422000015/oke-20211231.htm"
  },
  {
    "date": "2021-09-30",
    "symbol": "OKE",
    "reportedCurrency": "USD",
    "cik": "0001039684",
    "fillingDate": "2021-11-03",
    "acceptedDate": "2021-11-03 16:11:48",
    "calendarYear": "2021",
    "period": "Q3",
    "revenue": 4759916000,
    "costOfRevenue": 3976393000,
    "grossProfit": 783523000,
    "grossProfitRatio": 0.1646085771,
    "researchAndDevelopmentExpenses": 0,
    "generalAndAdministrativeExpenses": 0,
    "sellingAndMarketingExpenses": 0,
    "sellingGeneralAndAdministrativeExpenses": 0,
    "otherExpenses": 39753000,
    "operatingExpenses": 39753000,
    "costAndExpenses": 4016146000,
    "interestIncome": 0,
    "interestExpense": 174147000,
    "depreciationAndAmortization": 154542000,
    "ebitda": 842606000,
    "ebitdaratio": 0.1770211911,
    "operatingIncome": 743770000,
    "operatingIncomeRatio": 0.1562569592,
    "totalOtherIncomeExpensesNet": -229852999,
    "incomeBeforeTax": 513917000,
    "incomeBeforeTaxRatio": 0.1079676616,
    "incomeTaxExpense": 121899000,
    "netIncome": 391743000,
    "netIncomeRatio": 0.0823004019,
    "eps": 0.88,
    "epsdiluted": 0.88,
    "weightedAverageShsOut": 446634000,
    "weightedAverageShsOutDil": 447635000,
    "link": "https://www.sec.gov/Archives/edgar/data/1039684/000103968421000072/0001039684-21-000072-index.htm",
    "finalLink": "https://www.sec.gov/Archives/edgar/data/1039684/000103968421000072/oke-20210930.htm"
  },
  {
    "date": "2021-06-30",
    "symbol": "OKE",
    "reportedCurrency": "USD",
    "cik": "0001039684",
    "fillingDate": "2021-08-04",
    "acceptedDate": "2021-08-04 16:16:09",
    "calendarYear": "2021",
    "period": "Q2",
    "revenue": 3474126000,
    "costOfRevenue": 2785576000,
    "grossProfit": 688550000,
    "grossProfitRatio": 0.1981937328,
    "researchAndDevelopmentExpenses": 0,
    "generalAndAdministrativeExpenses": 0,
    "sellingAndMarketingExpenses": 0,
    "sellingGeneralAndAdministrativeExpenses": 0,
    "otherExpenses": 41940000,
    "operatingExpenses": 41940000,
    "costAndExpenses": 2827516000,
    "interestIncome": 0,
    "interestExpense": 175042000,
    "depreciationAndAmortization": 156921000,
    "ebitda": 784171000,
    "ebitdaratio": 0.2257174898,
    "operatingIncome": 646610000,
    "operatingIncomeRatio": 0.1861216317,
    "totalOtherIncomeExpensesNet": -194402000,
    "incomeBeforeTax": 452208000,
    "incomeBeforeTaxRatio": 0.1301645363,
    "incomeTaxExpense": 110069000,
    "netIncome": 341864000,
    "netIncomeRatio": 0.0984028789,
    "eps": 0.77,
    "epsdiluted": 0.77,
    "weightedAverageShsOut": 446337000,
    "weightedAverageShsOutDil": 446903000,
    "link": "https://www.sec.gov/Archives/edgar/data/1039684/000103968421000056/0001039684-21-000056-index.htm",
    "finalLink": "https://www.sec.gov/Archives/edgar/data/1039684/000103968421000056/oke-20210630.htm"
  },
  {
    "date": "2021-03-31",
    "symbol": "OKE",
    "reportedCurrency": "USD",
    "cik": "0001039684",
    "fillingDate": "2021-04-28",
    "acceptedDate": "2021-04-28 16:09:22",
    "calendarYear": "2021",
    "period": "Q1",
    "revenue": 3325197000,
    "costOfRevenue": 2572224000,
    "grossProfit": 752973000,
    "grossProfitRatio": 0.2264446287,
    "researchAndDevelopmentExpenses": 0,
    "generalAndAdministrativeExpenses": 0,
    "sellingAndMarketingExpenses": 0,
    "sellingGeneralAndAdministrativeExpenses": 0,
    "otherExpenses": 44439000,
    "operatingExpenses": 44439000,
    "costAndExpenses": 2616663000,
    "interestIncome": 0,
    "interestExpense": 175857000,
    "depreciationAndAmortization": 157120000,
    "ebitda": 841285000,
    "ebitdaratio": 0.2530030552,
    "operatingIncome": 708534000,
    "operatingIncomeRatio": 0.2130803077,
    "totalOtherIncomeExpensesNet": -200226000,
    "incomeBeforeTax": 508308000,
    "incomeBeforeTaxRatio": 0.1528655295,
    "incomeTaxExpense": 122132000,
    "netIncome": 385901000,
    "netIncomeRatio": 0.1160535752,
    "eps": 0.87,
    "epsdiluted": 0.86,
    "weightedAverageShsOut": 445894000,
    "weightedAverageShsOutDil": 446885000,
    "link": "https://www.sec.gov/Archives/edgar/data/1039684/000103968421000035/0001039684-21-000035-index.htm",
    "finalLink": "https://www.sec.gov/Archives/edgar/data/1039684/000103968421000035/oke-20210331.htm"
  },
  {
    "date": "2020-12-31",
    "symbol": "OKE",
    "reportedCurrency": "USD",
    "cik": "0001039684",
    "fillingDate": "2021-02-23",
    "acceptedDate": "2021-02-23 16:08:22",
    "calendarYear": "2020",
    "period": "Q4",
    "revenue": 2690051000,
    "costOfRevenue": 2014015000,
    "grossProfit": 676036000,
    "grossProfitRatio": 0.2513097335,
    "researchAndDevelopmentExpenses": 0,
    "generalAndAdministrativeExpenses": 0,
    "sellingAndMarketingExpenses": 0,
    "sellingGeneralAndAdministrativeExpenses": 0,
    "otherExpenses": 27377000,
    "operatingExpenses": 27377000,
    "costAndExpenses": 2041392000,
    "interestIncome": 0,
    "interestExpense": 167072000,
    "depreciationAndAmortization": 152648000,
    "ebitda": 722956000,
    "ebitdaratio": 0.268751782,
    "operatingIncome": 648659000,
    "operatingIncomeRatio": 0.2411326031,
    "totalOtherIncomeExpensesNet": -245423000,
    "incomeBeforeTax": 403236000,
    "incomeBeforeTaxRatio": 0.1498990168,
    "incomeTaxExpense": 95207000,
    "netIncome": 307754000,
    "netIncomeRatio": 0.1144045224,
    "eps": 0.69,
    "epsdiluted": 0.69,
    "weightedAverageShsOut": 445103000,
    "weightedAverageShsOutDil": 445103000,
    "link": "https://www.sec.gov/Archives/edgar/data/1039684/000103968421000015/0001039684-21-000015-index.htm",
    "finalLink": "https://www.sec.gov/Archives/edgar/data/1039684/000103968421000015/oke-20201231.htm"
  },
  {
    "date": "2020-09-30",
    "symbol": "OKE",
    "reportedCurrency": "USD",
    "cik": "0001039684",
    "fillingDate": "2020-10-28",
    "acceptedDate": "2020-10-28 16:09:21",
    "calendarYear": "2020",
    "period": "Q3",
    "revenue": 2172097000,
    "costOfRevenue": 1590899000,
    "grossProfit": 581198000,
    "grossProfitRatio": 0.2675746065,
    "researchAndDevelopmentExpenses": 0,
    "generalAndAdministrativeExpenses": 0,
    "sellingAndMarketingExpenses": 0,
    "sellingGeneralAndAdministrativeExpenses": 0,
    "otherExpenses": 31381000,
    "operatingExpenses": 31381000,
    "costAndExpenses": 1622280000,
    "interestIncome": 0,
    "interestExpense": 167373000,
    "depreciationAndAmortization": 153245000,
    "ebitda": 739489000,
    "ebitdaratio": 0.3404493446,
    "operatingIncome": 549817000,
    "operatingIncomeRatio": 0.2531272775,
    "totalOtherIncomeExpensesNet": -130946000,
    "incomeBeforeTax": 418871000,
    "incomeBeforeTaxRatio": 0.1928417561,
    "incomeTaxExpense": 106555000,
    "netIncome": 312041000,
    "netIncomeRatio": 0.1436588697,
    "eps": 0.7,
    "epsdiluted": 0.7,
    "weightedAverageShsOut": 445103000,
    "weightedAverageShsOutDil": 445510000,
    "link": "https://www.sec.gov/Archives/edgar/data/1039684/000103968420000076/0001039684-20-000076-index.htm",
    "finalLink": "https://www.sec.gov/Archives/edgar/data/1039684/000103968420000076/oke-20200930.htm"
  },
  {
    "date": "2020-06-30",
    "symbol": "OKE",
    "reportedCurrency": "USD",
    "cik": "0001039684",
    "fillingDate": "2020-07-29",
    "acceptedDate": "2020-07-29 16:08:39",
    "calendarYear": "2020",
    "period": "Q2",
    "revenue": 1607591000,
    "costOfRevenue": 1256562000,
    "grossProfit": 351029000,
    "grossProfitRatio": 0.2183571568,
    "researchAndDevelopmentExpenses": 0,
    "generalAndAdministrativeExpenses": 0,
    "sellingAndMarketingExpenses": 0,
    "sellingGeneralAndAdministrativeExpenses": 0,
    "otherExpenses": 34326000,
    "operatingExpenses": 34326000,
    "costAndExpenses": 1290888000,
    "interestIncome": 0,
    "interestExpense": 154427000,
    "depreciationAndAmortization": 140416000,
    "ebitda": 472304000,
    "ebitdaratio": 0.293796121,
    "operatingIncome": 316703000,
    "operatingIncomeRatio": 0.1970047108,
    "totalOtherIncomeExpensesNet": -139242000,
    "incomeBeforeTax": 177461000,
    "incomeBeforeTaxRatio": 0.1103893963,
    "incomeTaxExpense": 43140000,
    "netIncome": 134046000,
    "netIncomeRatio": 0.0833831491,
    "eps": 0.32,
    "epsdiluted": 0.32,
    "weightedAverageShsOut": 419722000,
    "weightedAverageShsOutDil": 420116000,
    "link": "https://www.sec.gov/Archives/edgar/data/1039684/000103968420000057/0001039684-20-000057-index.htm",
    "finalLink": "https://www.sec.gov/Archives/edgar/data/1039684/000103968420000057/oke-2020630x10q.htm"
  },
  {
    "date": "2020-03-31",
    "symbol": "OKE",
    "reportedCurrency": "USD",
    "cik": "0001039684",
    "fillingDate": "2020-04-29",
    "acceptedDate": "2020-04-29 16:09:30",
    "calendarYear": "2020",
    "period": "Q1",
    "revenue": 2091672999,
    "costOfRevenue": 1569338000,
    "grossProfit": 522335000,
    "grossProfitRatio": 0.2497211563,
    "researchAndDevelopmentExpenses": 0,
    "generalAndAdministrativeExpenses": 0,
    "sellingAndMarketingExpenses": 0,
    "sellingGeneralAndAdministrativeExpenses": 0,
    "otherExpenses": 31944000,
    "operatingExpenses": 31944000,
    "costAndExpenses": 1601282000,
    "interestIncome": 0,
    "interestExpense": 130338000,
    "depreciationAndAmortization": 132353000,
    "ebitda": 65439000,
    "ebitdaratio": 0.031285483,
    "operatingIncome": 490391000,
    "operatingIncomeRatio": 0.2344491707,
    "totalOtherIncomeExpensesNet": -687643000,
    "incomeBeforeTax": -197252000,
    "incomeBeforeTaxRatio": -0.0943034595,
    "incomeTaxExpense": -55395000,
    "netIncome": -141857000,
    "netIncomeRatio": -0.0678198744,
    "eps": -0.34,
    "epsdiluted": -0.34,
    "weightedAverageShsOut": 414282000,
    "weightedAverageShsOutDil": 414282000,
    "link": "https://www.sec.gov/Archives/edgar/data/1039684/000103968420000036/0001039684-20-000036-index.htm",
    "finalLink": "https://www.sec.gov/Archives/edgar/data/1039684/000103968420000036/oke-2020331x10q.htm"
  },
  {
    "date": "2019-12-31",
    "symbol": "OKE",
    "reportedCurrency": "USD",
    "cik": "0001039684",
    "fillingDate": "2020-02-25",
    "acceptedDate": "2020-02-25 16:08:55",
    "calendarYear": "2019",
    "period": "Q4",
    "revenue": 2665885000,
    "costOfRevenue": 2148700000,
    "grossProfit": 517184999,
    "grossProfitRatio": 0.1940012412,
    "researchAndDevelopmentExpenses": 0,
    "generalAndAdministrativeExpenses": 0,
    "sellingAndMarketingExpenses": 0,
    "sellingGeneralAndAdministrativeExpenses": 0,
    "otherExpenses": -27899000,
    "operatingExpenses": 27899000,
    "costAndExpenses": 2176599000,
    "interestIncome": 0,
    "interestExpense": 120275000,
    "depreciationAndAmortization": 125983000,
    "ebitda": 664689000,
    "ebitdaratio": 0.2493314603,
    "operatingIncome": 489286000,
    "operatingIncomeRatio": 0.183536049,
    "totalOtherIncomeExpensesNet": -70855000,
    "incomeBeforeTax": 418431000,
    "incomeBeforeTaxRatio": 0.1569576332,
    "incomeTaxExpense": 98180000,
    "netIncome": 319976000,
    "netIncomeRatio": 0.1200261827,
    "eps": 0.77,
    "epsdiluted": 0.77,
    "weightedAverageShsOut": 413911000,
    "weightedAverageShsOutDil": 414282000,
    "link": "https://www.sec.gov/Archives/edgar/data/1039684/000103968420000012/0001039684-20-000012-index.htm",
    "finalLink": "https://www.sec.gov/Archives/edgar/data/1039684/000103968420000012/oke10-k2019.htm"
  },
  {
    "date": "2019-09-30",
    "symbol": "OKE",
    "reportedCurrency": "USD",
    "cik": "0001039684",
    "fillingDate": "2019-10-30",
    "acceptedDate": "2019-10-30 16:05:42",
    "calendarYear": "2019",
    "period": "Q3",
    "revenue": 2244700000,
    "costOfRevenue": 1754263000,
    "grossProfit": 490437000,
    "grossProfitRatio": 0.2184866575,
    "researchAndDevelopmentExpenses": 0,
    "generalAndAdministrativeExpenses": 0,
    "sellingAndMarketingExpenses": 0,
    "sellingGeneralAndAdministrativeExpenses": 0,
    "otherExpenses": -26830000,
    "operatingExpenses": 26830000,
    "costAndExpenses": 1781093000,
    "interestIncome": 0,
    "interestExpense": 122674000,
    "depreciationAndAmortization": 121430000,
    "ebitda": 650624000,
    "ebitdaratio": 0.2898489776,
    "operatingIncome": 463607000,
    "operatingIncomeRatio": 0.206534058,
    "totalOtherIncomeExpensesNet": -57087000,
    "incomeBeforeTax": 406520000,
    "incomeBeforeTaxRatio": 0.1811021517,
    "incomeTaxExpense": 97365000,
    "netIncome": 308880000,
    "netIncomeRatio": 0.1376041342,
    "eps": 0.75,
    "epsdiluted": 0.74,
    "weightedAverageShsOut": 413816000,
    "weightedAverageShsOutDil": 415578000,
    "link": "https://www.sec.gov/Archives/edgar/data/1039684/000103968419000076/0001039684-19-000076-index.htm",
    "finalLink": "https://www.sec.gov/Archives/edgar/data/1039684/000103968419000076/oke-2019930x10q.htm"
  },
  {
    "date": "2019-06-30",
    "symbol": "OKE",
    "reportedCurrency": "USD",
    "cik": "0001039684",
    "fillingDate": "2019-07-31",
    "acceptedDate": "2019-07-31 16:08:49",
    "calendarYear": "2019",
    "period": "Q2",
    "revenue": 2442331000,
    "costOfRevenue": 1947534000,
    "grossProfit": 494797000,
    "grossProfitRatio": 0.2025921138,
    "researchAndDevelopmentExpenses": 0,
    "generalAndAdministrativeExpenses": 0,
    "sellingAndMarketingExpenses": 0,
    "sellingGeneralAndAdministrativeExpenses": 0,
    "otherExpenses": -30937000,
    "operatingExpenses": 30937000,
    "costAndExpenses": 1978471000,
    "interestIncome": 0,
    "interestExpense": 112678000,
    "depreciationAndAmortization": 114964000,
    "ebitda": 638540000,
    "ebitdaratio": 0.2614469538,
    "operatingIncome": 463860000,
    "operatingIncomeRatio": 0.1899251166,
    "totalOtherIncomeExpensesNet": -52962000,
    "incomeBeforeTax": 410898000,
    "incomeBeforeTaxRatio": 0.1682400952,
    "incomeTaxExpense": 98935000,
    "netIncome": 311688000,
    "netIncomeRatio": 0.1276190656,
    "eps": 0.75,
    "epsdiluted": 0.75,
    "weightedAverageShsOut": 413606000,
    "weightedAverageShsOutDil": 415049000,
    "link": "https://www.sec.gov/Archives/edgar/data/1039684/000103968419000056/0001039684-19-000056-index.htm",
    "finalLink": "https://www.sec.gov/Archives/edgar/data/1039684/000103968419000056/oke-2019630x10q.htm"
  },
  {
    "date": "2019-03-31",
    "symbol": "OKE",
    "reportedCurrency": "USD",
    "cik": "0001039684",
    "fillingDate": "2019-05-01",
    "acceptedDate": "2019-05-01 16:07:57",
    "calendarYear": "2019",
    "period": "Q1",
    "revenue": 2761106000,
    "costOfRevenue": 2277786000,
    "grossProfit": 483320000,
    "grossProfitRatio": 0.1750457969,
    "researchAndDevelopmentExpenses": 0,
    "generalAndAdministrativeExpenses": 0,
    "sellingAndMarketingExpenses": 0,
    "sellingGeneralAndAdministrativeExpenses": 0,
    "otherExpenses": -33490000,
    "operatingExpenses": 33490000,
    "costAndExpenses": 2311276000,
    "interestIncome": 0,
    "interestExpense": 112916000,
    "depreciationAndAmortization": 114158000,
    "ebitda": 642216000,
    "ebitdaratio": 0.2325937505,
    "operatingIncome": 449830000,
    "operatingIncomeRatio": 0.1629165994,
    "totalOtherIncomeExpensesNet": -34688000,
    "incomeBeforeTax": 415142000,
    "incomeBeforeTaxRatio": 0.1503535178,
    "incomeTaxExpense": 77934000,
    "netIncome": 336933000,
    "netIncomeRatio": 0.1220282742,
    "eps": 0.82,
    "epsdiluted": 0.81,
    "weightedAverageShsOut": 412908000,
    "weightedAverageShsOutDil": 415233000,
    "link": "https://www.sec.gov/Archives/edgar/data/1039684/000103968419000030/0001039684-19-000030-index.htm",
    "finalLink": "https://www.sec.gov/Archives/edgar/data/1039684/000103968419000030/oke-2019331x10q.htm"
  },
  {
    "date": "2018-12-31",
    "symbol": "OKE",
    "reportedCurrency": "USD",
    "cik": "0001039684",
    "fillingDate": "2019-02-26",
    "acceptedDate": "2019-02-26 16:06:41",
    "calendarYear": "2018",
    "period": "Q4",
    "revenue": 3123884000,
    "costOfRevenue": 2642429000,
    "grossProfit": 481455000,
    "grossProfitRatio": 0.1541206396,
    "researchAndDevelopmentExpenses": 0,
    "generalAndAdministrativeExpenses": 0,
    "sellingAndMarketingExpenses": 0,
    "sellingGeneralAndAdministrativeExpenses": 0,
    "otherExpenses": -22659000,
    "operatingExpenses": 22659000,
    "costAndExpenses": 2665088000,
    "interestIncome": 0,
    "interestExpense": 114131000,
    "depreciationAndAmortization": 110649000,
    "ebitda": 614286000,
    "ebitdaratio": 0.1966417447,
    "operatingIncome": 458796000,
    "operatingIncomeRatio": 0.1468671692,
    "totalOtherIncomeExpensesNet": -69290000,
    "incomeBeforeTax": 389506000,
    "incomeBeforeTaxRatio": 0.124686448,
    "incomeTaxExpense": 96618000,
    "netIncome": 292613000,
    "netIncomeRatio": 0.0936696113,
    "eps": 0.71,
    "epsdiluted": 0.71,
    "weightedAverageShsOut": 411740000,
    "weightedAverageShsOutDil": 412908000,
    "link": "https://www.sec.gov/Archives/edgar/data/1039684/000103968419000016/0001039684-19-000016-index.htm",
    "finalLink": "https://www.sec.gov/Archives/edgar/data/1039684/000103968419000016/oke10-k2018.htm"
  },
  {
    "date": "2018-09-30",
    "symbol": "OKE",
    "reportedCurrency": "USD",
    "cik": "0001039684",
    "fillingDate": "2018-10-31",
    "acceptedDate": "2018-10-31 16:14:04",
    "calendarYear": "2018",
    "period": "Q3",
    "revenue": 3414520000,
    "costOfRevenue": 2874395000,
    "grossProfit": 540125000,
    "grossProfitRatio": 0.1581847522,
    "researchAndDevelopmentExpenses": 0,
    "generalAndAdministrativeExpenses": 0,
    "sellingAndMarketingExpenses": 0,
    "sellingGeneralAndAdministrativeExpenses": 0,
    "otherExpenses": -24124000,
    "operatingExpenses": 24124000,
    "costAndExpenses": 2898519000,
    "interestIncome": 0,
    "interestExpense": 117527000,
    "depreciationAndAmortization": 107383000,
    "ebitda": 641809000,
    "ebitdaratio": 0.1879646334,
    "operatingIncome": 516001000,
    "operatingIncomeRatio": 0.1511196303,
    "totalOtherIncomeExpensesNet": -99102000,
    "incomeBeforeTax": 416899000,
    "incomeBeforeTaxRatio": 0.1220959315,
    "incomeTaxExpense": 102983000,
    "netIncome": 312984000,
    "netIncomeRatio": 0.0916626642,
    "eps": 0.76,
    "epsdiluted": 0.75,
    "weightedAverageShsOut": 412117000,
    "weightedAverageShsOutDil": 414847000,
    "link": "https://www.sec.gov/Archives/edgar/data/1039684/000103968418000078/0001039684-18-000078-index.htm",
    "finalLink": "https://www.sec.gov/Archives/edgar/data/1039684/000103968418000078/oke-2018930x10q.htm"
  },
  {
    "date": "2018-06-30",
    "symbol": "OKE",
    "reportedCurrency": "USD",
    "cik": "0001039684",
    "fillingDate": "2018-08-01",
    "acceptedDate": "2018-08-01 16:02:19",
    "calendarYear": "2018",
    "period": "Q2",
    "revenue": 2970733000,
    "costOfRevenue": 2484143000,
    "grossProfit": 486590000,
    "grossProfitRatio": 0.1637945921,
    "researchAndDevelopmentExpenses": 0,
    "generalAndAdministrativeExpenses": 0,
    "sellingAndMarketingExpenses": 0,
    "sellingGeneralAndAdministrativeExpenses": 0,
    "otherExpenses": -28116000,
    "operatingExpenses": 28116000,
    "costAndExpenses": 2512259000,
    "interestIncome": 0,
    "interestExpense": 107894000,
    "depreciationAndAmortization": 106288000,
    "ebitda": 583892000,
    "ebitdaratio": 0.1965481247,
    "operatingIncome": 458474000,
    "operatingIncomeRatio": 0.1543302613,
    "totalOtherIncomeExpensesNet": -88764000,
    "incomeBeforeTax": 369710000,
    "incomeBeforeTaxRatio": 0.1244507669,
    "incomeTaxExpense": 87531000,
    "netIncome": 280773000,
    "netIncomeRatio": 0.0945130377,
    "eps": 0.68,
    "epsdiluted": 0.68,
    "weightedAverageShsOut": 411946000,
    "weightedAverageShsOutDil": 414641000,
    "link": "https://www.sec.gov/Archives/edgar/data/1039684/000103968418000056/0001039684-18-000056-index.htm",
    "finalLink": "https://www.sec.gov/Archives/edgar/data/1039684/000103968418000056/oke-2018630x10q.htm"
  },
  {
    "date": "2018-03-31",
    "symbol": "OKE",
    "reportedCurrency": "USD",
    "cik": "0001039684",
    "fillingDate": "2018-05-02",
    "acceptedDate": "2018-05-02 16:04:33",
    "calendarYear": "2018",
    "period": "Q1",
    "revenue": 3198688000,
    "costOfRevenue": 2653444000,
    "grossProfit": 545244000,
    "grossProfitRatio": 0.170458638,
    "researchAndDevelopmentExpenses": 0,
    "generalAndAdministrativeExpenses": 0,
    "sellingAndMarketingExpenses": 0,
    "sellingGeneralAndAdministrativeExpenses": 0,
    "otherExpenses": -29023000,
    "operatingExpenses": 29023000,
    "costAndExpenses": 2682467000,
    "interestIncome": 0,
    "interestExpense": 111782000,
    "depreciationAndAmortization": 104237000,
    "ebitda": 557839000,
    "ebitdaratio": 0.1743961899,
    "operatingIncome": 516221000,
    "operatingIncomeRatio": 0.1613852304,
    "totalOtherIncomeExpensesNet": -174401000,
    "incomeBeforeTax": 341820000,
    "incomeBeforeTaxRatio": 0.1068625637,
    "incomeTaxExpense": 75771000,
    "netIncome": 264233000,
    "netIncomeRatio": 0.0826066812,
    "eps": 0.65,
    "epsdiluted": 0.64,
    "weightedAverageShsOut": 409676000,
    "weightedAverageShsOutDil": 412173000,
    "link": "https://www.sec.gov/Archives/edgar/data/1039684/000103968418000034/0001039684-18-000034-index.htm",
    "finalLink": "https://www.sec.gov/Archives/edgar/data/1039684/000103968418000034/oke-2018331x10q.htm"
  },
  {
    "date": "2017-12-31",
    "symbol": "OKE",
    "reportedCurrency": "USD",
    "cik": "0001039684",
    "fillingDate": "2018-02-27",
    "acceptedDate": "2018-02-27 16:35:36",
    "calendarYear": "2017",
    "period": "Q4",
    "revenue": 3823062000,
    "costOfRevenue": 3369318000,
    "grossProfit": 453744000,
    "grossProfitRatio": 0.1186860166,
    "researchAndDevelopmentExpenses": 0,
    "generalAndAdministrativeExpenses": 0,
    "sellingAndMarketingExpenses": 0,
    "sellingGeneralAndAdministrativeExpenses": 0,
    "otherExpenses": -22298000,
    "operatingExpenses": 22298000,
    "costAndExpenses": 3391616000,
    "interestIncome": 0,
    "interestExpense": 118486000,
    "depreciationAndAmortization": 103769000,
    "ebitda": 537936000,
    "ebitdaratio": 0.1407081549,
    "operatingIncome": 431446000,
    "operatingIncomeRatio": 0.112853519,
    "totalOtherIncomeExpensesNet": -115265000,
    "incomeBeforeTax": 316181000,
    "incomeBeforeTaxRatio": 0.0827036025,
    "incomeTaxExpense": 251369000,
    "netIncome": 62771000,
    "netIncomeRatio": 0.0164190379,
    "eps": 0.15,
    "epsdiluted": 0.15,
    "weightedAverageShsOut": 391023484,
    "weightedAverageShsOutDil": 409676000,
    "link": "https://www.sec.gov/Archives/edgar/data/1039684/000103968418000021/0001039684-18-000021-index.htm",
    "finalLink": "https://www.sec.gov/Archives/edgar/data/1039684/000103968418000021/oke10-k2017.htm"
  },
  {
    "date": "2017-09-30",
    "symbol": "OKE",
    "reportedCurrency": "USD",
    "cik": "0001039684",
    "fillingDate": "2017-11-01",
    "acceptedDate": "2017-11-01 16:23:29",
    "calendarYear": "2017",
    "period": "Q3",
    "revenue": 2922954000,
    "costOfRevenue": 2511407000,
    "grossProfit": 411547000,
    "grossProfitRatio": 0.1407983157,
    "researchAndDevelopmentExpenses": 0,
    "generalAndAdministrativeExpenses": 0,
    "sellingAndMarketingExpenses": 0,
    "sellingGeneralAndAdministrativeExpenses": 0,
    "otherExpenses": -24641000,
    "operatingExpenses": 24641000,
    "costAndExpenses": 2536048000,
    "interestIncome": 0,
    "interestExpense": 121713000,
    "depreciationAndAmortization": 102298000,
    "ebitda": 487670000,
    "ebitdaratio": 0.1668414898,
    "operatingIncome": 386906000,
    "operatingIncomeRatio": 0.1323681454,
    "totalOtherIncomeExpensesNet": -123247000,
    "incomeBeforeTax": 263659000,
    "incomeBeforeTaxRatio": 0.0902029248,
    "incomeTaxExpense": 97128000,
    "netIncome": 165466000,
    "netIncomeRatio": 0.05660917,
    "eps": 0.43,
    "epsdiluted": 0.43,
    "weightedAverageShsOut": 380907000,
    "weightedAverageShsOutDil": 383419000,
    "link": "https://www.sec.gov/Archives/edgar/data/1039684/000103968417000117/0001039684-17-000117-index.htm",
    "finalLink": "https://www.sec.gov/Archives/edgar/data/1039684/000103968417000117/oke-2017930x10q.htm"
  },
  {
    "date": "2017-06-30",
    "symbol": "OKE",
    "reportedCurrency": "USD",
    "cik": "0001039684",
    "fillingDate": "2017-08-02",
    "acceptedDate": "2017-08-02 16:07:44",
    "calendarYear": "2017",
    "period": "Q2",
    "revenue": 2732250000,
    "costOfRevenue": 2382655000,
    "grossProfit": 349595000,
    "grossProfitRatio": 0.1279513222,
    "researchAndDevelopmentExpenses": 0,
    "generalAndAdministrativeExpenses": 0,
    "sellingAndMarketingExpenses": 0,
    "sellingGeneralAndAdministrativeExpenses": 0,
    "otherExpenses": -24304000,
    "operatingExpenses": 24304000,
    "costAndExpenses": 2406959000,
    "interestIncome": 0,
    "interestExpense": 118473000,
    "depreciationAndAmortization": 100849000,
    "ebitda": 416357000,
    "ebitdaratio": 0.1523861286,
    "operatingIncome": 325291000,
    "operatingIncomeRatio": 0.1190560893,
    "totalOtherIncomeExpensesNet": -105456000,
    "incomeBeforeTax": 219835000,
    "incomeBeforeTaxRatio": 0.0804593284,
    "incomeTaxExpense": 43844000,
    "netIncome": 71476000,
    "netIncomeRatio": 0.0261601244,
    "eps": 0.34,
    "epsdiluted": 0.33,
    "weightedAverageShsOut": 211785000,
    "weightedAverageShsOutDil": 214012000,
    "link": "https://www.sec.gov/Archives/edgar/data/1039684/000103968417000099/0001039684-17-000099-index.htm",
    "finalLink": "https://www.sec.gov/Archives/edgar/data/1039684/000103968417000099/oke-2017630x10qxmerger.htm"
  },
  {
    "date": "2017-03-31",
    "symbol": "OKE",
    "reportedCurrency": "USD",
    "cik": "0001039684",
    "fillingDate": "2017-05-03",
    "acceptedDate": "2017-05-03 16:19:44",
    "calendarYear": "2017",
    "period": "Q1",
    "revenue": 2764017000,
    "costOfRevenue": 2408031000,
    "grossProfit": 355986000,
    "grossProfitRatio": 0.128792985,
    "researchAndDevelopmentExpenses": 0,
    "generalAndAdministrativeExpenses": 0,
    "sellingAndMarketingExpenses": 0,
    "sellingGeneralAndAdministrativeExpenses": 0,
    "otherExpenses": -27153000,
    "operatingExpenses": 27153000,
    "costAndExpenses": 2435184000,
    "interestIncome": 0,
    "interestExpense": 111133000,
    "depreciationAndAmortization": 99419000,
    "ebitda": 451678000,
    "ebitdaratio": 0.1634136114,
    "operatingIncome": 328833000,
    "operatingIncomeRatio": 0.1189692393,
    "totalOtherIncomeExpensesNet": -87707000,
    "incomeBeforeTax": 241126000,
    "incomeBeforeTaxRatio": 0.0872375242,
    "incomeTaxExpense": 54941000,
    "netIncome": 87361000,
    "netIncomeRatio": 0.031606535,
    "eps": 0.41,
    "epsdiluted": 0.41,
    "weightedAverageShsOut": 211619000,
    "weightedAverageShsOutDil": 213602000,
    "link": "https://www.sec.gov/Archives/edgar/data/1039684/000103968417000045/0001039684-17-000045-index.htm",
    "finalLink": "https://www.sec.gov/Archives/edgar/data/1039684/000103968417000045/oke-2017331x10q.htm"
  },
  {
    "date": "2016-12-31",
    "symbol": "OKE",
    "reportedCurrency": "USD",
    "cik": "0001039684",
    "fillingDate": "2017-02-28",
    "acceptedDate": "2017-02-28 16:16:30",
    "calendarYear": "2016",
    "period": "Q4",
    "revenue": 2658307000,
    "costOfRevenue": 2300639000,
    "grossProfit": 357668000,
    "grossProfitRatio": 0.1345472889,
    "researchAndDevelopmentExpenses": 0,
    "generalAndAdministrativeExpenses": 0,
    "sellingAndMarketingExpenses": 0,
    "sellingGeneralAndAdministrativeExpenses": 0,
    "otherExpenses": -24320000,
    "operatingExpenses": 24320000,
    "costAndExpenses": 2324959000,
    "interestIncome": 0,
    "interestExpense": 109275000,
    "depreciationAndAmortization": 99310000,
    "ebitda": 458216000,
    "ebitdaratio": 0.1723713627,
    "operatingIncome": 333348000,
    "operatingIncomeRatio": 0.125398609,
    "totalOtherIncomeExpensesNet": -83717000,
    "incomeBeforeTax": 249631000,
    "incomeBeforeTaxRatio": 0.0939060086,
    "incomeTaxExpense": 54870000,
    "netIncome": 90505000,
    "netIncomeRatio": 0.0340461053,
    "eps": 0.43,
    "epsdiluted": 0.43,
    "weightedAverageShsOut": 211398000,
    "weightedAverageShsOutDil": 213157000,
    "link": "https://www.sec.gov/Archives/edgar/data/1039684/000103968417000019/0001039684-17-000019-index.htm",
    "finalLink": "https://www.sec.gov/Archives/edgar/data/1039684/000103968417000019/oke10-k2016.htm"
  },
  {
    "date": "2016-09-30",
    "symbol": "OKE",
    "reportedCurrency": "USD",
    "cik": "0001039684",
    "fillingDate": "2016-11-02",
    "acceptedDate": "2016-11-02 16:12:00",
    "calendarYear": "2016",
    "period": "Q3",
    "revenue": 2356079000,
    "costOfRevenue": 2015807000,
    "grossProfit": 340272000,
    "grossProfitRatio": 0.1444230011,
    "researchAndDevelopmentExpenses": 0,
    "generalAndAdministrativeExpenses": 0,
    "sellingAndMarketingExpenses": 0,
    "sellingGeneralAndAdministrativeExpenses": 0,
    "otherExpenses": -18487000,
    "operatingExpenses": 18487000,
    "costAndExpenses": 2034294000,
    "interestIncome": 0,
    "interestExpense": 113438000,
    "depreciationAndAmortization": 98550000,
    "ebitda": 461792000,
    "ebitdaratio": 0.196000219,
    "operatingIncome": 321785000,
    "operatingIncomeRatio": 0.13657649,
    "totalOtherIncomeExpensesNet": -71981000,
    "incomeBeforeTax": 249804000,
    "incomeBeforeTaxRatio": 0.1060253073,
    "incomeTaxExpense": 55012000,
    "netIncome": 92144000,
    "netIncomeRatio": 0.0391090452,
    "eps": 0.44,
    "epsdiluted": 0.43,
    "weightedAverageShsOut": 211309000,
    "weightedAverageShsOutDil": 212870000,
    "link": "https://www.sec.gov/Archives/edgar/data/1039684/000103968416000159/0001039684-16-000159-index.htm",
    "finalLink": "https://www.sec.gov/Archives/edgar/data/1039684/000103968416000159/oke-2016930x10q.htm"
  },
  {
    "date": "2016-06-30",
    "symbol": "OKE",
    "reportedCurrency": "USD",
    "cik": "0001039684",
    "fillingDate": "2016-08-03",
    "acceptedDate": "2016-08-03 16:34:15",
    "calendarYear": "2016",
    "period": "Q2",
    "revenue": 2134107000,
    "costOfRevenue": 1626570000,
    "grossProfit": 507537000,
    "grossProfitRatio": 0.2378217212,
    "researchAndDevelopmentExpenses": 0,
    "generalAndAdministrativeExpenses": 0,
    "sellingAndMarketingExpenses": 0,
    "sellingGeneralAndAdministrativeExpenses": 167667000,
    "otherExpenses": 3863000,
    "operatingExpenses": 191839000,
    "costAndExpenses": 1818409000,
    "interestIncome": 0,
    "interestExpense": 118976000,
    "depreciationAndAmortization": 99247000,
    "ebitda": 414945000,
    "ebitdaratio": 0.1944349557,
    "operatingIncome": 315285000,
    "operatingIncomeRatio": 0.1477362663,
    "totalOtherIncomeExpensesNet": -82741000,
    "incomeBeforeTax": 232544000,
    "incomeBeforeTaxRatio": 0.108965483,
    "incomeTaxExpense": 52458000,
    "netIncome": 85944000,
    "netIncomeRatio": 0.0402716452,
    "eps": 0.41,
    "epsdiluted": 0.4,
    "weightedAverageShsOut": 211075000,
    "weightedAverageShsOutDil": 212618000,
    "link": "https://www.sec.gov/Archives/edgar/data/1039684/000103968416000145/0001039684-16-000145-index.htm",
    "finalLink": "https://www.sec.gov/Archives/edgar/data/1039684/000103968416000145/oke-2016630x10q.htm"
  },
  {
    "date": "2016-03-31",
    "symbol": "OKE",
    "reportedCurrency": "USD",
    "cik": "0001039684",
    "fillingDate": "2016-05-04",
    "acceptedDate": "2016-05-04 16:18:53",
    "calendarYear": "2016",
    "period": "Q1",
    "revenue": 1774459000,
    "costOfRevenue": 1290216000,
    "grossProfit": 484243000,
    "grossProfitRatio": 0.2728961334,
    "researchAndDevelopmentExpenses": 0,
    "generalAndAdministrativeExpenses": 0,
    "sellingAndMarketingExpenses": 0,
    "sellingGeneralAndAdministrativeExpenses": 155145000,
    "otherExpenses": -332000,
    "operatingExpenses": 177015000,
    "costAndExpenses": 1467231000,
    "interestIncome": 0,
    "interestExpense": 118247000,
    "depreciationAndAmortization": 94478000,
    "ebitda": 401706000,
    "ebitdaratio": 0.2263822382,
    "operatingIncome": 311434000,
    "operatingIncomeRatio": 0.1755092679,
    "totalOtherIncomeExpensesNet": -85457000,
    "incomeBeforeTax": 225977000,
    "incomeBeforeTaxRatio": 0.1273498007,
    "incomeTaxExpense": 50066000,
    "netIncome": 83446000,
    "netIncomeRatio": 0.047026164,
    "eps": 0.4,
    "epsdiluted": 0.4,
    "weightedAverageShsOut": 210781000,
    "weightedAverageShsOutDil": 211071000,
    "link": "https://www.sec.gov/Archives/edgar/data/1039684/000103968416000126/0001039684-16-000126-index.htm",
    "finalLink": "https://www.sec.gov/Archives/edgar/data/1039684/000103968416000126/oke-2016331x10q.htm"
  },
  {
    "date": "2015-12-31",
    "symbol": "OKE",
    "reportedCurrency": "USD",
    "cik": "0001039684",
    "fillingDate": "2016-02-23",
    "acceptedDate": "2016-02-23 16:46:06",
    "calendarYear": "2015",
    "period": "Q4",
    "revenue": 1930902000,
    "costOfRevenue": 1426665000,
    "grossProfit": 504237000,
    "grossProfitRatio": 0.2611406483,
    "researchAndDevelopmentExpenses": 0,
    "generalAndAdministrativeExpenses": 0,
    "sellingAndMarketingExpenses": 0,
    "sellingGeneralAndAdministrativeExpenses": 163569000,
    "otherExpenses": 3113000,
    "operatingExpenses": 184786000,
    "costAndExpenses": 1611451000,
    "interestIncome": 0,
    "interestExpense": 110730000,
    "depreciationAndAmortization": 93379000,
    "ebitda": 412830000,
    "ebitdaratio": 0.2138016326,
    "operatingIncome": 242017000,
    "operatingIncomeRatio": 0.1253388313,
    "totalOtherIncomeExpensesNet": -255644000,
    "incomeBeforeTax": -13627000,
    "incomeBeforeTaxRatio": -0.0070573235,
    "incomeTaxExpense": 12652000,
    "netIncome": 25515000,
    "netIncomeRatio": 0.0132140316,
    "eps": 0.13,
    "epsdiluted": 0.12,
    "weightedAverageShsOut": 210417000,
    "weightedAverageShsOutDil": 210683000,
    "link": "https://www.sec.gov/Archives/edgar/data/1039684/000103968416000113/0001039684-16-000113-index.htm",
    "finalLink": "https://www.sec.gov/Archives/edgar/data/1039684/000103968416000113/oke10-k2015.htm"
  },
  {
    "date": "2015-09-30",
    "symbol": "OKE",
    "reportedCurrency": "USD",
    "cik": "0001039684",
    "fillingDate": "2015-11-05",
    "acceptedDate": "2015-11-04 19:29:24",
    "calendarYear": "2015",
    "period": "Q3",
    "revenue": 1898946000,
    "costOfRevenue": 1449108000,
    "grossProfit": 449838000,
    "grossProfitRatio": 0.2368882527,
    "researchAndDevelopmentExpenses": 0,
    "generalAndAdministrativeExpenses": 0,
    "sellingAndMarketingExpenses": 0,
    "sellingGeneralAndAdministrativeExpenses": 146979000,
    "otherExpenses": -7437000,
    "operatingExpenses": 164177000,
    "costAndExpenses": 1613285000,
    "interestIncome": 0,
    "interestExpense": 106923000,
    "depreciationAndAmortization": 88299000,
    "ebitda": 373960000,
    "ebitdaratio": 0.1969302971,
    "operatingIncome": 284935000,
    "operatingIncomeRatio": 0.1500490272,
    "totalOtherIncomeExpensesNet": -81939000,
    "incomeBeforeTax": 202996000,
    "incomeBeforeTaxRatio": 0.106899301,
    "incomeTaxExpense": 38298000,
    "netIncome": 82157000,
    "netIncomeRatio": 0.0432645267,
    "eps": 0.39,
    "epsdiluted": 0.39,
    "weightedAverageShsOut": 210296000,
    "weightedAverageShsOutDil": 210524000,
    "link": "https://www.sec.gov/Archives/edgar/data/1039684/000103968415000076/0001039684-15-000076-index.htm",
    "finalLink": "https://www.sec.gov/Archives/edgar/data/1039684/000103968415000076/oke-2015930x10q.htm"
  },
  {
    "date": "2015-06-30",
    "symbol": "OKE",
    "reportedCurrency": "USD",
    "cik": "0001039684",
    "fillingDate": "2015-08-05",
    "acceptedDate": "2015-08-05 16:58:12",
    "calendarYear": "2015",
    "period": "Q2",
    "revenue": 2128052000,
    "costOfRevenue": 1690080000,
    "grossProfit": 437972000,
    "grossProfitRatio": 0.2058088806,
    "researchAndDevelopmentExpenses": 0,
    "generalAndAdministrativeExpenses": 0,
    "sellingAndMarketingExpenses": 0,
    "sellingGeneralAndAdministrativeExpenses": 140869000,
    "otherExpenses": -1900000,
    "operatingExpenses": 165350000,
    "costAndExpenses": 1855430000,
    "interestIncome": 0,
    "interestExpense": 102384000,
    "depreciationAndAmortization": 86987000,
    "ebitda": 359609000,
    "ebitdaratio": 0.1689850624,
    "operatingIncome": 272744000,
    "operatingIncomeRatio": 0.1281660411,
    "totalOtherIncomeExpensesNet": -73502000,
    "incomeBeforeTax": 199242000,
    "incomeBeforeTaxRatio": 0.0936264715,
    "incomeTaxExpense": 48222000,
    "netIncome": 76505000,
    "netIncomeRatio": 0.0359507192,
    "eps": 0.36,
    "epsdiluted": 0.36,
    "weightedAverageShsOut": 210204000,
    "weightedAverageShsOutDil": 210477000,
    "link": "https://www.sec.gov/Archives/edgar/data/1039684/000103968415000060/0001039684-15-000060-index.htm",
    "finalLink": "https://www.sec.gov/Archives/edgar/data/1039684/000103968415000060/oke-2015630x10q.htm"
  },
  {
    "date": "2015-03-31",
    "symbol": "OKE",
    "reportedCurrency": "USD",
    "cik": "0001039684",
    "fillingDate": "2015-05-06",
    "acceptedDate": "2015-05-06 16:19:50",
    "calendarYear": "2015",
    "period": "Q1",
    "revenue": 1805306000,
    "costOfRevenue": 1429819000,
    "grossProfit": 375487000,
    "grossProfitRatio": 0.2079907783,
    "researchAndDevelopmentExpenses": 0,
    "generalAndAdministrativeExpenses": 0,
    "sellingAndMarketingExpenses": 0,
    "sellingGeneralAndAdministrativeExpenses": 154331000,
    "otherExpenses": 1832000,
    "operatingExpenses": 179018000,
    "costAndExpenses": 1608837000,
    "interestIncome": 0,
    "interestExpense": 96750000,
    "depreciationAndAmortization": 85955000,
    "ebitda": 282424000,
    "ebitdaratio": 0.1564410687,
    "operatingIncome": 196463000,
    "operatingIncomeRatio": 0.1088253183,
    "totalOtherIncomeExpensesNet": -63198000,
    "incomeBeforeTax": 133265000,
    "incomeBeforeTaxRatio": 0.0738185105,
    "incomeTaxExpense": 37428000,
    "netIncome": 60800000,
    "netIncomeRatio": 0.033678501,
    "eps": 0.29,
    "epsdiluted": 0.29,
    "weightedAverageShsOut": 209874000,
    "weightedAverageShsOutDil": 210467000,
    "link": "https://www.sec.gov/Archives/edgar/data/1039684/000103968415000034/0001039684-15-000034-index.htm",
    "finalLink": "https://www.sec.gov/Archives/edgar/data/1039684/000103968415000034/oke-2015331x10q.htm"
  },
  {
    "date": "2014-12-31",
    "symbol": "OKE",
    "reportedCurrency": "USD",
    "cik": "0001039684",
    "fillingDate": "2015-02-25",
    "acceptedDate": "2015-02-25 08:44:27",
    "calendarYear": "2014",
    "period": "Q4",
    "revenue": 2844768000,
    "costOfRevenue": 2361828000,
    "grossProfit": 482940000,
    "grossProfitRatio": 0.1697642831,
    "researchAndDevelopmentExpenses": 0,
    "generalAndAdministrativeExpenses": 0,
    "sellingAndMarketingExpenses": 0,
    "sellingGeneralAndAdministrativeExpenses": 165686000,
    "otherExpenses": 1235000,
    "operatingExpenses": 181259000,
    "costAndExpenses": 2543087000,
    "interestIncome": 0,
    "interestExpense": 86459000,
    "depreciationAndAmortization": 80555000,
    "ebitda": 382236000,
    "ebitdaratio": 0.1343645598,
    "operatingIncome": 306747000,
    "operatingIncomeRatio": 0.1078284767,
    "totalOtherIncomeExpensesNet": -49978000,
    "incomeBeforeTax": 256769000,
    "incomeBeforeTaxRatio": 0.0902600845,
    "incomeTaxExpense": 56003000,
    "netIncome": 94544000,
    "netIncomeRatio": 0.0332343446,
    "eps": 0.45,
    "epsdiluted": 0.45,
    "weightedAverageShsOut": 209541000,
    "weightedAverageShsOutDil": 210285000,
    "link": "https://www.sec.gov/Archives/edgar/data/1039684/000103968415000017/0001039684-15-000017-index.htm",
    "finalLink": "https://www.sec.gov/Archives/edgar/data/1039684/000103968415000017/oke10-k2014.htm"
  },
  {
    "date": "2014-09-30",
    "symbol": "OKE",
    "reportedCurrency": "USD",
    "cik": "0001039684",
    "fillingDate": "2014-11-05",
    "acceptedDate": "2014-11-05 16:27:11",
    "calendarYear": "2014",
    "period": "Q3",
    "revenue": 3120145000,
    "costOfRevenue": 2657792000,
    "grossProfit": 462353000,
    "grossProfitRatio": 0.1481831774,
    "researchAndDevelopmentExpenses": 0,
    "generalAndAdministrativeExpenses": 0,
    "sellingAndMarketingExpenses": 0,
    "sellingGeneralAndAdministrativeExpenses": 153408000,
    "otherExpenses": -2406000,
    "operatingExpenses": 172495000,
    "costAndExpenses": 2830287000,
    "interestIncome": 0,
    "interestExpense": 86052000,
    "depreciationAndAmortization": 74588000,
    "ebitda": 364446000,
    "ebitdaratio": 0.116804187,
    "operatingIncome": 291392000,
    "operatingIncomeRatio": 0.0933905315,
    "totalOtherIncomeExpensesNet": -139082000,
    "incomeBeforeTax": 152310000,
    "incomeBeforeTaxRatio": 0.048815039,
    "incomeTaxExpense": 37858000,
    "netIncome": 64458000,
    "netIncomeRatio": 0.0206586553,
    "eps": 0.31,
    "epsdiluted": 0.31,
    "weightedAverageShsOut": 209489000,
    "weightedAverageShsOutDil": 210759000,
    "link": "https://www.sec.gov/Archives/edgar/data/1039684/000103968414000086/0001039684-14-000086-index.htm",
    "finalLink": "https://www.sec.gov/Archives/edgar/data/1039684/000103968414000086/oke-2014930x10q.htm"
  },
  {
    "date": "2014-06-30",
    "symbol": "OKE",
    "reportedCurrency": "USD",
    "cik": "0001039684",
    "fillingDate": "2014-08-06",
    "acceptedDate": "2014-08-06 16:18:35",
    "calendarYear": "2014",
    "period": "Q2",
    "revenue": 3066882000,
    "costOfRevenue": 2643529000,
    "grossProfit": 423353000,
    "grossProfitRatio": 0.1380401985,
    "researchAndDevelopmentExpenses": 0,
    "generalAndAdministrativeExpenses": 0,
    "sellingAndMarketingExpenses": 0,
    "sellingGeneralAndAdministrativeExpenses": 153323000,
    "otherExpenses": 1821000,
    "operatingExpenses": 172022000,
    "costAndExpenses": 2815551000,
    "interestIncome": 0,
    "interestExpense": 88751000,
    "depreciationAndAmortization": 72127000,
    "ebitda": 323458000,
    "ebitdaratio": 0.1054680291,
    "operatingIncome": 251315000,
    "operatingIncomeRatio": 0.0819447895,
    "totalOtherIncomeExpensesNet": -60242000,
    "incomeBeforeTax": 191073000,
    "incomeBeforeTaxRatio": 0.0623020384,
    "incomeTaxExpense": 42313000,
    "netIncome": 61590000,
    "netIncomeRatio": 0.0200822855,
    "eps": 0.29,
    "epsdiluted": 0.29,
    "weightedAverageShsOut": 209403000,
    "weightedAverageShsOutDil": 210516000,
    "link": "https://www.sec.gov/Archives/edgar/data/1039684/000103968414000065/0001039684-14-000065-index.htm",
    "finalLink": "https://www.sec.gov/Archives/edgar/data/1039684/000103968414000065/oke-2014630x10q.htm"
  },
  {
    "date": "2014-03-31",
    "symbol": "OKE",
    "reportedCurrency": "USD",
    "cik": "0001039684",
    "fillingDate": "2014-05-07",
    "acceptedDate": "2014-05-07 17:06:34",
    "calendarYear": "2014",
    "period": "Q1",
    "revenue": 3163296000,
    "costOfRevenue": 2720083000,
    "grossProfit": 443213000,
    "grossProfitRatio": 0.1401111372,
    "researchAndDevelopmentExpenses": 0,
    "generalAndAdministrativeExpenses": 0,
    "sellingAndMarketingExpenses": 0,
    "sellingGeneralAndAdministrativeExpenses": 126726000,
    "otherExpenses": -24125000,
    "operatingExpenses": 149111000,
    "costAndExpenses": 2869194000,
    "interestIncome": 0,
    "interestExpense": 94901000,
    "depreciationAndAmortization": 78768000,
    "ebitda": 393390000,
    "ebitdaratio": 0.1243607933,
    "operatingIncome": 294117000,
    "operatingIncomeRatio": 0.0929780204,
    "totalOtherIncomeExpensesNet": -74396000,
    "incomeBeforeTax": 219721000,
    "incomeBeforeTaxRatio": 0.0694595131,
    "incomeTaxExpense": 14984000,
    "netIncome": 93515000,
    "netIncomeRatio": 0.0295625196,
    "eps": 0.45,
    "epsdiluted": 0.45,
    "weightedAverageShsOut": 209130000,
    "weightedAverageShsOutDil": 210166000,
    "link": "https://www.sec.gov/Archives/edgar/data/1039684/000103968414000034/0001039684-14-000034-index.htm",
    "finalLink": "https://www.sec.gov/Archives/edgar/data/1039684/000103968414000034/oke-2014331x10q.htm"
  },
  {
    "date": "2013-12-31",
    "symbol": "OKE",
    "reportedCurrency": "USD",
    "cik": "0001039684",
    "fillingDate": "2014-02-25",
    "acceptedDate": "2014-02-25 17:04:24",
    "calendarYear": "2013",
    "period": "Q4",
    "revenue": 4140111000,
    "costOfRevenue": 3596491000,
    "grossProfit": 543620000,
    "grossProfitRatio": 0.1313056582,
    "researchAndDevelopmentExpenses": 0,
    "generalAndAdministrativeExpenses": 0,
    "sellingAndMarketingExpenses": 0,
    "sellingGeneralAndAdministrativeExpenses": 132176000,
    "otherExpenses": -5397000,
    "operatingExpenses": 260538000,
    "costAndExpenses": 3857029000,
    "interestIncome": 0,
    "interestExpense": 90130000,
    "depreciationAndAmortization": 108034000,
    "ebitda": 437381000,
    "ebitdaratio": 0.105644752,
    "operatingIncome": 294621000,
    "operatingIncomeRatio": 0.0711625848,
    "totalOtherIncomeExpensesNet": -55404000,
    "incomeBeforeTax": 239217000,
    "incomeBeforeTaxRatio": 0.0577803349,
    "incomeTaxExpense": 55154000,
    "netIncome": 90737000,
    "netIncomeRatio": 0.0219165621,
    "eps": 0.44,
    "epsdiluted": 0.43,
    "weightedAverageShsOut": 206319000,
    "weightedAverageShsOutDil": 210552000,
    "link": "https://www.sec.gov/Archives/edgar/data/1039684/000103968414000019/0001039684-14-000019-index.htm",
    "finalLink": "https://www.sec.gov/Archives/edgar/data/1039684/000103968414000019/oke10-k2013.htm"
  },
  {
    "date": "2013-09-30",
    "symbol": "OKE",
    "reportedCurrency": "USD",
    "cik": "0001039684",
    "fillingDate": "2013-11-06",
    "acceptedDate": "2013-11-06 16:25:45",
    "calendarYear": "2013",
    "period": "Q3",
    "revenue": 3571925000,
    "costOfRevenue": 3105004000,
    "grossProfit": 466921000,
    "grossProfitRatio": 0.13071971,
    "researchAndDevelopmentExpenses": 0,
    "generalAndAdministrativeExpenses": 0,
    "sellingAndMarketingExpenses": 0,
    "sellingGeneralAndAdministrativeExpenses": 116678000,
    "otherExpenses": 5077000,
    "operatingExpenses": 236862000,
    "costAndExpenses": 3341866000,
    "interestIncome": 0,
    "interestExpense": 81908000,
    "depreciationAndAmortization": 94267000,
    "ebitda": 363239000,
    "ebitdaratio": 0.1016927847,
    "operatingIncome": 230081000,
    "operatingIncomeRatio": 0.0644137265,
    "totalOtherIncomeExpensesNet": -28607000,
    "incomeBeforeTax": 187147000,
    "incomeBeforeTaxRatio": 0.0523938773,
    "incomeTaxExpense": 39449000,
    "netIncome": 62356000,
    "netIncomeRatio": 0.0174572534,
    "eps": 0.3,
    "epsdiluted": 0.3,
    "weightedAverageShsOut": 206235000,
    "weightedAverageShsOutDil": 209893000,
    "link": "https://www.sec.gov/Archives/edgar/data/1039684/000103968413000100/0001039684-13-000100-index.htm",
    "finalLink": "https://www.sec.gov/Archives/edgar/data/1039684/000103968413000100/oke-2013930x10q.htm"
  },
  {
    "date": "2013-06-30",
    "symbol": "OKE",
    "reportedCurrency": "USD",
    "cik": "0001039684",
    "fillingDate": "2013-07-31",
    "acceptedDate": "2013-07-31 17:21:05",
    "calendarYear": "2013",
    "period": "Q2",
    "revenue": 3349236000,
    "costOfRevenue": 2987702000,
    "grossProfit": 361534000,
    "grossProfitRatio": 0.107945215,
    "researchAndDevelopmentExpenses": 0,
    "generalAndAdministrativeExpenses": 0,
    "sellingAndMarketingExpenses": 0,
    "sellingGeneralAndAdministrativeExpenses": 108906000,
    "otherExpenses": 2328000,
    "operatingExpenses": 233630000,
    "costAndExpenses": 3221332000,
    "interestIncome": 0,
    "interestExpense": 81731000,
    "depreciationAndAmortization": 91855000,
    "ebitda": 248508000,
    "ebitdaratio": 0.0741984142,
    "operatingIncome": 128183000,
    "operatingIncomeRatio": 0.0382723105,
    "totalOtherIncomeExpensesNet": -31689000,
    "incomeBeforeTax": 80857000,
    "incomeBeforeTaxRatio": 0.0241419237,
    "incomeTaxExpense": 1362000,
    "netIncome": 919000,
    "netIncomeRatio": 0.0002743909,
    "eps": 0.0045,
    "epsdiluted": 0.0044,
    "weightedAverageShsOut": 206143000,
    "weightedAverageShsOutDil": 208874000,
    "link": "https://www.sec.gov/Archives/edgar/data/1039684/000103968413000082/0001039684-13-000082-index.htm",
    "finalLink": "https://www.sec.gov/Archives/edgar/data/1039684/000103968413000082/oke-2013630x10q.htm"
  },
  {
    "date": "2013-03-31",
    "symbol": "OKE",
    "reportedCurrency": "USD",
    "cik": "0001039684",
    "fillingDate": "2013-05-01",
    "acceptedDate": "2013-05-01 15:34:18",
    "calendarYear": "2013",
    "period": "Q1",
    "revenue": 3541445000,
    "costOfRevenue": 3008214000,
    "grossProfit": 533231000,
    "grossProfitRatio": 0.150568765,
    "researchAndDevelopmentExpenses": 0,
    "generalAndAdministrativeExpenses": 0,
    "sellingAndMarketingExpenses": 0,
    "sellingGeneralAndAdministrativeExpenses": 121405000,
    "otherExpenses": 4768000,
    "operatingExpenses": 259423000,
    "costAndExpenses": 3267637000,
    "interestIncome": 0,
    "interestExpense": 80437000,
    "depreciationAndAmortization": 90221000,
    "ebitda": 304014000,
    "ebitdaratio": 0.0858446199,
    "operatingIncome": 273849000,
    "operatingIncomeRatio": 0.0773269103,
    "totalOtherIncomeExpensesNet": 58433000,
    "incomeBeforeTax": 233122000,
    "incomeBeforeTaxRatio": 0.0658268023,
    "incomeTaxExpense": 67417000,
    "netIncome": 112521000,
    "netIncomeRatio": 0.0317726239,
    "eps": 0.55,
    "epsdiluted": 0.54,
    "weightedAverageShsOut": 205479000,
    "weightedAverageShsOutDil": 209458000,
    "link": "https://www.sec.gov/Archives/edgar/data/1039684/000103968413000042/0001039684-13-000042-index.htm",
    "finalLink": "https://www.sec.gov/Archives/edgar/data/1039684/000103968413000042/oke-2013331x10q.htm"
  },
  {
    "date": "2012-12-31",
    "symbol": "OKE",
    "reportedCurrency": "USD",
    "cik": "0001039684",
    "fillingDate": "2013-02-26",
    "acceptedDate": "2013-02-26 16:58:41",
    "calendarYear": "2012",
    "period": "Q4",
    "revenue": 3659924000,
    "costOfRevenue": 3142019000,
    "grossProfit": 517905000,
    "grossProfitRatio": 0.1415070368,
    "researchAndDevelopmentExpenses": 0,
    "generalAndAdministrativeExpenses": 0,
    "sellingAndMarketingExpenses": 0,
    "sellingGeneralAndAdministrativeExpenses": 203032000,
    "otherExpenses": 74000,
    "operatingExpenses": 224452000,
    "costAndExpenses": 3366471000,
    "interestIncome": 0,
    "interestExpense": 83591000,
    "depreciationAndAmortization": 86415000,
    "ebitda": 324171000,
    "ebitdaratio": 0.0885731507,
    "operatingIncome": 299586000,
    "operatingIncomeRatio": 0.0818557981,
    "totalOtherIncomeExpensesNet": -45954000,
    "incomeBeforeTax": 254235000,
    "incomeBeforeTaxRatio": 0.0694645572,
    "incomeTaxExpense": 58360000,
    "netIncome": 111542000,
    "netIncomeRatio": 0.0304765891,
    "eps": 0.55,
    "epsdiluted": 0.53,
    "weightedAverageShsOut": 204648000,
    "weightedAverageShsOutDil": 209243000,
    "link": "https://www.sec.gov/Archives/edgar/data/1039684/000103968413000024/0001039684-13-000024-index.htm",
    "finalLink": "https://www.sec.gov/Archives/edgar/data/1039684/000103968413000024/oke10-k2012.htm"
  },
  {
    "date": "2012-09-30",
    "symbol": "OKE",
    "reportedCurrency": "USD",
    "cik": "0001039684",
    "fillingDate": "2012-10-31",
    "acceptedDate": "2012-10-31 16:22:32",
    "calendarYear": "2012",
    "period": "Q3",
    "revenue": 3028775000,
    "costOfRevenue": 2474803000,
    "grossProfit": 553972000,
    "grossProfitRatio": 0.1829029888,
    "researchAndDevelopmentExpenses": 0,
    "generalAndAdministrativeExpenses": 0,
    "sellingAndMarketingExpenses": 0,
    "sellingGeneralAndAdministrativeExpenses": 0,
    "otherExpenses": 310639000,
    "operatingExpenses": 310639000,
    "costAndExpenses": 2785442000,
    "interestIncome": 0,
    "interestExpense": 71364000,
    "depreciationAndAmortization": 81434000,
    "ebitda": 360370000,
    "ebitdaratio": 0.1189820967,
    "operatingIncome": 243333000,
    "operatingIncomeRatio": 0.0803404016,
    "totalOtherIncomeExpensesNet": -35341000,
    "incomeBeforeTax": 207572000,
    "incomeBeforeTaxRatio": 0.0685333179,
    "incomeTaxExpense": 42584000,
    "netIncome": 65219000,
    "netIncomeRatio": 0.0215331281,
    "eps": 0.32,
    "epsdiluted": 0.31,
    "weightedAverageShsOut": 205005000,
    "weightedAverageShsOutDil": 209960000,
    "link": "https://www.sec.gov/Archives/edgar/data/1039684/000103968412000108/0001039684-12-000108-index.htm",
    "finalLink": "https://www.sec.gov/Archives/edgar/data/1039684/000103968412000108/oke-2012930x10q.htm"
  },
  {
    "date": "2012-06-30",
    "symbol": "OKE",
    "reportedCurrency": "USD",
    "cik": "0001039684",
    "fillingDate": "2012-08-01",
    "acceptedDate": "2012-08-01 15:52:56",
    "calendarYear": "2012",
    "period": "Q2",
    "revenue": 2529260000,
    "costOfRevenue": 1980298000,
    "grossProfit": 548962000,
    "grossProfitRatio": 0.217044511,
    "researchAndDevelopmentExpenses": 0,
    "generalAndAdministrativeExpenses": 0,
    "sellingAndMarketingExpenses": 0,
    "sellingGeneralAndAdministrativeExpenses": 0,
    "otherExpenses": 315849000,
    "operatingExpenses": 314883000,
    "costAndExpenses": 2295181000,
    "interestIncome": 0,
    "interestExpense": 71535000,
    "depreciationAndAmortization": 84586000,
    "ebitda": 345471000,
    "ebitdaratio": 0.1365897535,
    "operatingIncome": 234079000,
    "operatingIncomeRatio": 0.0925484134,
    "totalOtherIncomeExpensesNet": -44729000,
    "incomeBeforeTax": 189350000,
    "incomeBeforeTaxRatio": 0.0748637942,
    "incomeTaxExpense": 40412000,
    "netIncome": 60993000,
    "netIncomeRatio": 0.0241149585,
    "eps": 0.29,
    "epsdiluted": 0.29,
    "weightedAverageShsOut": 207292000,
    "weightedAverageShsOutDil": 211784000,
    "link": "https://www.sec.gov/Archives/edgar/data/1039684/000103968412000084/0001039684-12-000084-index.htm",
    "finalLink": "https://www.sec.gov/Archives/edgar/data/1039684/000103968412000084/form_10-q.htm"
  },
  {
    "date": "2012-03-31",
    "symbol": "OKE",
    "reportedCurrency": "USD",
    "cik": "0001039684",
    "fillingDate": "2012-05-02",
    "acceptedDate": "2012-05-02 16:01:25",
    "calendarYear": "2012",
    "period": "Q1",
    "revenue": 3414600000,
    "costOfRevenue": 2771013000,
    "grossProfit": 643587000,
    "grossProfitRatio": 0.1884809348,
    "researchAndDevelopmentExpenses": 0,
    "generalAndAdministrativeExpenses": 0,
    "sellingAndMarketingExpenses": 0,
    "sellingGeneralAndAdministrativeExpenses": 0,
    "otherExpenses": 307467000,
    "operatingExpenses": 307410000,
    "costAndExpenses": 3078423000,
    "interestIncome": 0,
    "interestExpense": 75815000,
    "depreciationAndAmortization": 83417000,
    "ebitda": 452521000,
    "ebitdaratio": 0.1325253324,
    "operatingIncome": 325922000,
    "operatingIncomeRatio": 0.0954495402,
    "totalOtherIncomeExpensesNet": -32633000,
    "incomeBeforeTax": 293289000,
    "incomeBeforeTaxRatio": 0.0858926375,
    "incomeTaxExpense": 73839000,
    "netIncome": 122865000,
    "netIncomeRatio": 0.0359822527,
    "eps": 0.59,
    "epsdiluted": 0.58,
    "weightedAverageShsOut": 207618000,
    "weightedAverageShsOutDil": 211852000,
    "link": "https://www.sec.gov/Archives/edgar/data/1039684/000103968412000046/0001039684-12-000046-index.htm",
    "finalLink": "https://www.sec.gov/Archives/edgar/data/1039684/000103968412000046/form_10-q.htm"
  },
  {
    "date": "2011-12-31",
    "symbol": "OKE",
    "reportedCurrency": "USD",
    "cik": "0001039684",
    "fillingDate": "2012-02-21",
    "acceptedDate": "2012-02-21 16:08:31",
    "calendarYear": "2011",
    "period": "Q4",
    "revenue": 3829239000,
    "costOfRevenue": 3138070000,
    "grossProfit": 691169000,
    "grossProfitRatio": 0.1804977438,
    "researchAndDevelopmentExpenses": 0,
    "generalAndAdministrativeExpenses": 0,
    "sellingAndMarketingExpenses": 0,
    "sellingGeneralAndAdministrativeExpenses": 0,
    "otherExpenses": 328881000,
    "operatingExpenses": 328881000,
    "costAndExpenses": 3466951000,
    "interestIncome": 0,
    "interestExpense": 68318000,
    "depreciationAndAmortization": 78087000,
    "ebitda": 480075000,
    "ebitdaratio": 0.1253708635,
    "operatingIncome": 363079000,
    "operatingIncomeRatio": 0.0948175342,
    "totalOtherIncomeExpensesNet": -29409000,
    "incomeBeforeTax": 333670000,
    "incomeBeforeTaxRatio": 0.0871374182,
    "incomeTaxExpense": 71148000,
    "netIncome": 115001000,
    "netIncomeRatio": 0.030032338,
    "eps": 1.27,
    "epsdiluted": 1.27,
    "weightedAverageShsOut": 206056000,
    "weightedAverageShsOutDil": 206606000,
    "link": "https://www.sec.gov/Archives/edgar/data/1039684/000103968412000027/0001039684-12-000027-index.htm",
    "finalLink": "https://www.sec.gov/Archives/edgar/data/1039684/000103968412000027/form_10-k.htm"
  },
  {
    "date": "2011-09-30",
    "symbol": "OKE",
    "reportedCurrency": "USD",
    "cik": "0001039684",
    "fillingDate": "2011-11-02",
    "acceptedDate": "2011-11-02 15:03:44",
    "calendarYear": "2011",
    "period": "Q3",
    "revenue": 3595191000,
    "costOfRevenue": 3061198000,
    "grossProfit": 533993000,
    "grossProfitRatio": 0.1485297999,
    "researchAndDevelopmentExpenses": 0,
    "generalAndAdministrativeExpenses": 0,
    "sellingAndMarketingExpenses": 0,
    "sellingGeneralAndAdministrativeExpenses": 0,
    "otherExpenses": 285043000,
    "operatingExpenses": 285043000,
    "costAndExpenses": 3346241000,
    "interestIncome": 0,
    "interestExpense": 73841000,
    "depreciationAndAmortization": 75986000,
    "ebitda": 345014000,
    "ebitdaratio": 0.095965416,
    "operatingIncome": 248881000,
    "operatingIncomeRatio": 0.0692260856,
    "totalOtherIncomeExpensesNet": -54223000,
    "incomeBeforeTax": 194634000,
    "incomeBeforeTaxRatio": 0.0541373184,
    "incomeTaxExpense": 33754000,
    "netIncome": 60321000,
    "netIncomeRatio": 0.0167782463,
    "eps": 0.29,
    "epsdiluted": 0.28,
    "weightedAverageShsOut": 206606000,
    "weightedAverageShsOutDil": 211940000,
    "link": "https://www.sec.gov/Archives/edgar/data/1039684/000103968411000125/0001039684-11-000125-index.htm",
    "finalLink": "https://www.sec.gov/Archives/edgar/data/1039684/000103968411000125/form_10-q.htm"
  },
  {
    "date": "2011-06-30",
    "symbol": "OKE",
    "reportedCurrency": "USD",
    "cik": "0001039684",
    "fillingDate": "2011-08-03",
    "acceptedDate": "2011-08-03 15:13:54",
    "calendarYear": "2011",
    "period": "Q2",
    "revenue": 3514476000,
    "costOfRevenue": 2992828000,
    "grossProfit": 521648000,
    "grossProfitRatio": 0.1484283859,
    "researchAndDevelopmentExpenses": 0,
    "generalAndAdministrativeExpenses": 0,
    "sellingAndMarketingExpenses": 0,
    "sellingGeneralAndAdministrativeExpenses": 0,
    "otherExpenses": 304519000,
    "operatingExpenses": 304519000,
    "costAndExpenses": 3297347000,
    "interestIncome": 0,
    "interestExpense": 75498000,
    "depreciationAndAmortization": 78824000,
    "ebitda": 324555000,
    "ebitdaratio": 0.0923480485,
    "operatingIncome": 216917000,
    "operatingIncomeRatio": 0.0617210076,
    "totalOtherIncomeExpensesNet": -46198000,
    "incomeBeforeTax": 170931000,
    "incomeBeforeTaxRatio": 0.048636269,
    "incomeTaxExpense": 36165000,
    "netIncome": 55142000,
    "netIncomeRatio": 0.0156899635,
    "eps": 0.26,
    "epsdiluted": 0.25,
    "weightedAverageShsOut": 210674000,
    "weightedAverageShsOutDil": 216060000,
    "link": "https://www.sec.gov/Archives/edgar/data/1039684/000103968411000097/0001039684-11-000097-index.htm",
    "finalLink": "https://www.sec.gov/Archives/edgar/data/1039684/000103968411000097/form_10-q.htm"
  },
  {
    "date": "2011-03-31",
    "symbol": "OKE",
    "reportedCurrency": "USD",
    "cik": "0001039684",
    "fillingDate": "2011-04-07",
    "acceptedDate": "2011-04-07 12:35:30",
    "calendarYear": "2011",
    "period": "Q1",
    "revenue": 3866888000,
    "costOfRevenue": 3233339000,
    "grossProfit": 633549000,
    "grossProfitRatio": 0.1638395009,
    "researchAndDevelopmentExpenses": 0,
    "generalAndAdministrativeExpenses": 0,
    "sellingAndMarketingExpenses": 0,
    "sellingGeneralAndAdministrativeExpenses": 0,
    "otherExpenses": 303003000,
    "operatingExpenses": 303003000,
    "costAndExpenses": 3536342000,
    "interestIncome": 0,
    "interestExpense": 79349000,
    "depreciationAndAmortization": 79391000,
    "ebitda": 441345000,
    "ebitdaratio": 0.1141344151,
    "operatingIncome": 330546000,
    "operatingIncomeRatio": 0.0854811414,
    "totalOtherIncomeExpensesNet": -46234000,
    "incomeBeforeTax": 284327000,
    "incomeBeforeTaxRatio": 0.0735286359,
    "incomeTaxExpense": 84981000,
    "netIncome": 130130000,
    "netIncomeRatio": 0.033652384,
    "eps": 0.61,
    "epsdiluted": 0.6,
    "weightedAverageShsOut": 214040000,
    "weightedAverageShsOutDil": 218358000,
    "link": "https://www.sec.gov/Archives/edgar/data/1039684/000119312511091047/0001193125-11-091047-index.htm",
    "finalLink": "https://www.sec.gov/Archives/edgar/data/1039684/000119312511091047/dex991.htm"
  },
  {
    "date": "2010-12-31",
    "symbol": "OKE",
    "reportedCurrency": "USD",
    "cik": "0001039684",
    "fillingDate": "2010-12-31",
    "acceptedDate": "2010-12-31 00:00:00",
    "calendarYear": "2010",
    "period": "Q4",
    "revenue": 3356249000,
    "costOfRevenue": 2812474000,
    "grossProfit": 543775000,
    "grossProfitRatio": 0.1620186702,
    "researchAndDevelopmentExpenses": 0,
    "generalAndAdministrativeExpenses": 0,
    "sellingAndMarketingExpenses": 0,
    "sellingGeneralAndAdministrativeExpenses": 0,
    "otherExpenses": 306258000,
    "operatingExpenses": 306258000,
    "costAndExpenses": 3118732000,
    "interestIncome": 0,
    "interestExpense": 69451000,
    "depreciationAndAmortization": 76717000,
    "ebitda": 349613000,
    "ebitdaratio": 0.1041677778,
    "operatingIncome": 241068000,
    "operatingIncomeRatio": 0.0718266136,
    "totalOtherIncomeExpensesNet": -37623000,
    "incomeBeforeTax": 203445000,
    "incomeBeforeTaxRatio": 0.0606167778,
    "incomeTaxExpense": 55510000,
    "netIncome": 83074000,
    "netIncomeRatio": 0.0247520372,
    "eps": 0.69,
    "epsdiluted": 0.69,
    "weightedAverageShsOut": 212886000,
    "weightedAverageShsOutDil": 212886000,
    "link": null,
    "finalLink": null
  },
  {
    "date": "2010-09-30",
    "symbol": "OKE",
    "reportedCurrency": "USD",
    "cik": "0001039684",
    "fillingDate": "2010-11-03",
    "acceptedDate": "2010-11-03 15:34:56",
    "calendarYear": "2010",
    "period": "Q3",
    "revenue": 2942703000,
    "costOfRevenue": 2491333000,
    "grossProfit": 451370000,
    "grossProfitRatio": 0.1533861895,
    "researchAndDevelopmentExpenses": 0,
    "generalAndAdministrativeExpenses": 0,
    "sellingAndMarketingExpenses": 0,
    "sellingGeneralAndAdministrativeExpenses": 0,
    "otherExpenses": 280592000,
    "operatingExpenses": 264466000,
    "costAndExpenses": 2755799000,
    "interestIncome": 0,
    "interestExpense": 70907000,
    "depreciationAndAmortization": 77233000,
    "ebitda": 156593000,
    "ebitdaratio": 0.0532140009,
    "operatingIncome": 186904000,
    "operatingIncomeRatio": 0.0635143948,
    "totalOtherIncomeExpensesNet": -36638000,
    "incomeBeforeTax": 150266000,
    "incomeBeforeTaxRatio": 0.0510639368,
    "incomeTaxExpense": 29965000,
    "netIncome": 55295000,
    "netIncomeRatio": 0.0187905473,
    "eps": 0.26,
    "epsdiluted": 0.26,
    "weightedAverageShsOut": 212886000,
    "weightedAverageShsOutDil": 215302000,
    "link": "https://www.sec.gov/Archives/edgar/data/1039684/000103968410000043/0001039684-10-000043-index.htm",
    "finalLink": "https://www.sec.gov/Archives/edgar/data/1039684/000103968410000043/form_10-q.htm"
  },
  {
    "date": "2010-06-30",
    "symbol": "OKE",
    "reportedCurrency": "USD",
    "cik": "0001039684",
    "fillingDate": "2010-08-05",
    "acceptedDate": "2010-08-05 13:18:11",
    "calendarYear": "2010",
    "period": "Q2",
    "revenue": 2807131000,
    "costOfRevenue": 2349054000,
    "grossProfit": 458077000,
    "grossProfitRatio": 0.1631833356,
    "researchAndDevelopmentExpenses": 0,
    "generalAndAdministrativeExpenses": 0,
    "sellingAndMarketingExpenses": 0,
    "sellingGeneralAndAdministrativeExpenses": 0,
    "otherExpenses": 279091000,
    "operatingExpenses": 279091000,
    "costAndExpenses": 2628145000,
    "interestIncome": 0,
    "interestExpense": 75361000,
    "depreciationAndAmortization": 75511000,
    "ebitda": 268294000,
    "ebitdaratio": 0.0955758744,
    "operatingIncome": 178713000,
    "operatingIncomeRatio": 0.063663933,
    "totalOtherIncomeExpensesNet": -61291000,
    "incomeBeforeTax": 117422000,
    "incomeBeforeTaxRatio": 0.0418298968,
    "incomeTaxExpense": 31048000,
    "netIncome": 41724000,
    "netIncomeRatio": 0.0148635742,
    "eps": 0.2,
    "epsdiluted": 0.2,
    "weightedAverageShsOut": 212712000,
    "weightedAverageShsOutDil": 215676000,
    "link": "https://www.sec.gov/Archives/edgar/data/1039684/000090928110000134/0000909281-10-000134-index.htm",
    "finalLink": "https://www.sec.gov/Archives/edgar/data/1039684/000090928110000134/form_10-qa.htm"
  },
  {
    "date": "2010-03-12",
    "symbol": "OKE",
    "reportedCurrency": "USD",
    "cik": "0001039684",
    "fillingDate": "2010-04-29",
    "acceptedDate": "2010-04-29 12:23:18",
    "calendarYear": "2010",
    "period": "Q1",
    "revenue": 3923967000,
    "costOfRevenue": 3304648000,
    "grossProfit": 619319000,
    "grossProfitRatio": 0.1578298187,
    "researchAndDevelopmentExpenses": 0,
    "generalAndAdministrativeExpenses": 0,
    "sellingAndMarketingExpenses": 0,
    "sellingGeneralAndAdministrativeExpenses": 0,
    "otherExpenses": 281201000,
    "operatingExpenses": 281201000,
    "costAndExpenses": 3585849000,
    "interestIncome": 0,
    "interestExpense": 76520000,
    "depreciationAndAmortization": 77856000,
    "ebitda": 438407000,
    "ebitdaratio": 0.1117254554,
    "operatingIncome": 337332000,
    "operatingIncomeRatio": 0.0859670838,
    "totalOtherIncomeExpensesNet": -54087000,
    "incomeBeforeTax": 284031000,
    "incomeBeforeTaxRatio": 0.0723836363,
    "incomeTaxExpense": 97311000,
    "netIncome": 154539000,
    "netIncomeRatio": 0.0393833587,
    "eps": 0.73,
    "epsdiluted": 0.72,
    "weightedAverageShsOut": 212264000,
    "weightedAverageShsOutDil": 214820000,
    "link": "https://www.sec.gov/Archives/edgar/data/1039684/000090928110000066/0000909281-10-000066-index.htm",
    "finalLink": "https://www.sec.gov/Archives/edgar/data/1039684/000090928110000066/form_10-q.htm"
  },
  {
    "date": "2009-12-31",
    "symbol": "OKE",
    "reportedCurrency": "USD",
    "cik": "0001039684",
    "fillingDate": "2010-02-23",
    "acceptedDate": "2010-02-23 14:04:49",
    "calendarYear": "2009",
    "period": "Q4",
    "revenue": 3729461000,
    "costOfRevenue": 3149206000,
    "grossProfit": 580255000,
    "grossProfitRatio": 0.1555868261,
    "researchAndDevelopmentExpenses": 0,
    "generalAndAdministrativeExpenses": 0,
    "sellingAndMarketingExpenses": 0,
    "sellingGeneralAndAdministrativeExpenses": 0,
    "otherExpenses": 308760000,
    "operatingExpenses": 308760000,
    "costAndExpenses": 3457966000,
    "interestIncome": 0,
    "interestExpense": 76780000,
    "depreciationAndAmortization": 73298000,
    "ebitda": 357619000,
    "ebitdaratio": 0.095890264,
    "operatingIncome": 273055000,
    "operatingIncomeRatio": 0.0732156738,
    "totalOtherIncomeExpensesNet": -65514000,
    "incomeBeforeTax": 207541000,
    "incomeBeforeTaxRatio": 0.0556490603,
    "incomeTaxExpense": 63544000,
    "netIncome": 93445000,
    "netIncomeRatio": 0.0250558995,
    "eps": 0.68,
    "epsdiluted": 0.68,
    "weightedAverageShsOut": 210840000,
    "weightedAverageShsOutDil": 210840000,
    "link": "https://www.sec.gov/Archives/edgar/data/1039684/000090928110000030/0000909281-10-000030-index.htm",
    "finalLink": "https://www.sec.gov/Archives/edgar/data/1039684/000090928110000030/form_10-k.htm"
  },
  {
    "date": "2009-09-30",
    "symbol": "OKE",
    "reportedCurrency": "USD",
    "cik": "0001039684",
    "fillingDate": "2009-09-30",
    "acceptedDate": "2009-09-30 00:00:00",
    "calendarYear": "2009",
    "period": "Q3",
    "revenue": 2364736000,
    "costOfRevenue": 1912882000,
    "grossProfit": 451854000,
    "grossProfitRatio": 0.1910801037,
    "researchAndDevelopmentExpenses": 0,
    "generalAndAdministrativeExpenses": 0,
    "sellingAndMarketingExpenses": 0,
    "sellingGeneralAndAdministrativeExpenses": 0,
    "otherExpenses": 276896000,
    "operatingExpenses": 276896000,
    "costAndExpenses": 2189778000,
    "interestIncome": 0,
    "interestExpense": 72689000,
    "depreciationAndAmortization": 72318000,
    "ebitda": 281395000,
    "ebitdaratio": 0.11899637,
    "operatingIncome": 173778000,
    "operatingIncomeRatio": 0.073487273,
    "totalOtherIncomeExpensesNet": -37390000,
    "incomeBeforeTax": 136388000,
    "incomeBeforeTaxRatio": 0.0576757828,
    "incomeTaxExpense": 34080000,
    "netIncome": 48042000,
    "netIncomeRatio": 0.0203160099,
    "eps": 0.23,
    "epsdiluted": 0.23,
    "weightedAverageShsOut": 210840000,
    "weightedAverageShsOutDil": 212976000,
    "link": null,
    "finalLink": null
  },
  {
    "date": "2009-07-23",
    "symbol": "OKE",
    "reportedCurrency": "USD",
    "cik": "0001039684",
    "fillingDate": "2009-08-06",
    "acceptedDate": "2009-08-06 13:54:37",
    "calendarYear": "2009",
    "period": "Q2",
    "revenue": 2227627000,
    "costOfRevenue": 1795201000,
    "grossProfit": 432426000,
    "grossProfitRatio": 0.1941195721,
    "researchAndDevelopmentExpenses": 0,
    "generalAndAdministrativeExpenses": 0,
    "sellingAndMarketingExpenses": 0,
    "sellingGeneralAndAdministrativeExpenses": 0,
    "otherExpenses": 281384000,
    "operatingExpenses": 281384000,
    "costAndExpenses": 2076585000,
    "interestIncome": 0,
    "interestExpense": 73392000,
    "depreciationAndAmortization": 71249000,
    "ebitda": 256249000,
    "ebitdaratio": 0.1150322743,
    "operatingIncome": 154804000,
    "operatingIncomeRatio": 0.0694927831,
    "totalOtherIncomeExpensesNet": -43196000,
    "incomeBeforeTax": 111608000,
    "incomeBeforeTaxRatio": 0.050101745,
    "incomeTaxExpense": 30258000,
    "netIncome": 81350000,
    "netIncomeRatio": 0.0365186811,
    "eps": 0.39,
    "epsdiluted": 0.38,
    "weightedAverageShsOut": 210670000,
    "weightedAverageShsOutDil": 211900000,
    "link": "https://www.sec.gov/Archives/edgar/data/1039684/000103968409000053/0001039684-09-000053-index.htm",
    "finalLink": "https://www.sec.gov/Archives/edgar/data/1039684/000103968409000053/form_10-q.htm"
  },
  {
    "date": "2009-03-31",
    "symbol": "OKE",
    "reportedCurrency": "USD",
    "cik": "0001039684",
    "fillingDate": "2009-04-30",
    "acceptedDate": "2009-04-30 17:32:43",
    "calendarYear": "2009",
    "period": "Q1",
    "revenue": 2789827000,
    "costOfRevenue": 2238416000,
    "grossProfit": 551411000,
    "grossProfitRatio": 0.197650607,
    "researchAndDevelopmentExpenses": 0,
    "generalAndAdministrativeExpenses": 0,
    "sellingAndMarketingExpenses": 0,
    "sellingGeneralAndAdministrativeExpenses": 0,
    "otherExpenses": 259072000,
    "operatingExpenses": 259072000,
    "costAndExpenses": 2497488000,
    "interestIncome": 0,
    "interestExpense": 77961000,
    "depreciationAndAmortization": 72126000,
    "ebitda": 393075000,
    "ebitdaratio": 0.1408958333,
    "operatingIncome": 293003000,
    "operatingIncomeRatio": 0.1050255088,
    "totalOtherIncomeExpensesNet": -50015000,
    "incomeBeforeTax": 242988000,
    "incomeBeforeTaxRatio": 0.0870978738,
    "incomeTaxExpense": 79439000,
    "netIncome": 163549000,
    "netIncomeRatio": 0.0586233483,
    "eps": 0.78,
    "epsdiluted": 0.77,
    "weightedAverageShsOut": 210324000,
    "weightedAverageShsOutDil": 211466000,
    "link": "",
    "finalLink": ""
  },
  {
    "date": "2008-12-31",
    "symbol": "OKE",
    "reportedCurrency": "USD",
    "cik": "0001039684",
    "fillingDate": "2009-02-25",
    "acceptedDate": "2009-02-24 17:34:00",
    "calendarYear": "2008",
    "period": "Q4",
    "revenue": 2843245000,
    "costOfRevenue": 2369484000,
    "grossProfit": 473761000,
    "grossProfitRatio": 0.1666268647,
    "researchAndDevelopmentExpenses": 0,
    "generalAndAdministrativeExpenses": 0,
    "sellingAndMarketingExpenses": 0,
    "sellingGeneralAndAdministrativeExpenses": 0,
    "otherExpenses": 256068000,
    "operatingExpenses": 256068000,
    "costAndExpenses": 2625552000,
    "interestIncome": 0,
    "interestExpense": 121534000,
    "depreciationAndAmortization": 64498000,
    "ebitda": 282191000,
    "ebitdaratio": 0.099249625,
    "operatingIncome": 217693000,
    "operatingIncomeRatio": 0.0765649812,
    "totalOtherIncomeExpensesNet": -102421000,
    "incomeBeforeTax": 115272000,
    "incomeBeforeTaxRatio": 0.0405424084,
    "incomeTaxExpense": 47098000,
    "netIncome": 68174000,
    "netIncomeRatio": 0.0239775327,
    "eps": 0.32,
    "epsdiluted": 0.32,
    "weightedAverageShsOut": 209038000,
    "weightedAverageShsOutDil": 210324000,
    "link": "https://www.sec.gov/Archives/edgar/data/1039684/000103968409000010/0001039684-09-000010-index.htm",
    "finalLink": "https://www.sec.gov/Archives/edgar/data/1039684/000103968409000010/form_10-k.htm"
  },
  {
    "date": "2008-09-30",
    "symbol": "OKE",
    "reportedCurrency": "USD",
    "cik": "0001039684",
    "fillingDate": "2008-11-06",
    "acceptedDate": "2008-11-06 16:13:26",
    "calendarYear": "2008",
    "period": "Q3",
    "revenue": 4239246000,
    "costOfRevenue": 3784220000,
    "grossProfit": 455026000,
    "grossProfitRatio": 0.1073365405,
    "researchAndDevelopmentExpenses": 0,
    "generalAndAdministrativeExpenses": 0,
    "sellingAndMarketingExpenses": 0,
    "sellingGeneralAndAdministrativeExpenses": 0,
    "otherExpenses": 264157000,
    "operatingExpenses": 264157000,
    "costAndExpenses": 4048377000,
    "interestIncome": 0,
    "interestExpense": 61076000,
    "depreciationAndAmortization": 60249000,
    "ebitda": 252428000,
    "ebitdaratio": 0.0595454946,
    "operatingIncome": 190869000,
    "operatingIncomeRatio": 0.0450242803,
    "totalOtherIncomeExpensesNet": -108805000,
    "incomeBeforeTax": 82064000,
    "incomeBeforeTaxRatio": 0.0193581594,
    "incomeTaxExpense": 24031000,
    "netIncome": 58033000,
    "netIncomeRatio": 0.0136894627,
    "eps": 0.28,
    "epsdiluted": 0.28,
    "weightedAverageShsOut": 208892000,
    "weightedAverageShsOutDil": 211272000,
    "link": "https://www.sec.gov/Archives/edgar/data/1039684/000119312508227937/0001193125-08-227937-index.htm",
    "finalLink": "https://www.sec.gov/Archives/edgar/data/1039684/000119312508227937/d10q.htm"
  },
  {
    "date": "2008-06-30",
    "symbol": "OKE",
    "reportedCurrency": "USD",
    "cik": "0001039684",
    "fillingDate": "2008-08-06",
    "acceptedDate": "2008-08-06 17:01:31",
    "calendarYear": "2008",
    "period": "Q2",
    "revenue": 4172866000,
    "costOfRevenue": 3752038000,
    "grossProfit": 420828000,
    "grossProfitRatio": 0.1008486733,
    "researchAndDevelopmentExpenses": 0,
    "generalAndAdministrativeExpenses": 0,
    "sellingAndMarketingExpenses": 0,
    "sellingGeneralAndAdministrativeExpenses": 0,
    "otherExpenses": 247812000,
    "operatingExpenses": 247812000,
    "costAndExpenses": 3999850000,
    "interestIncome": 0,
    "interestExpense": 82674000,
    "depreciationAndAmortization": 59701000,
    "ebitda": 232713000,
    "ebitdaratio": 0.0557681459,
    "operatingIncome": 173016000,
    "operatingIncomeRatio": 0.041462151,
    "totalOtherIncomeExpensesNet": -100577000,
    "incomeBeforeTax": 72439000,
    "incomeBeforeTaxRatio": 0.0173595318,
    "incomeTaxExpense": 30574000,
    "netIncome": 41865000,
    "netIncomeRatio": 0.010032673,
    "eps": 0.2,
    "epsdiluted": 0.2,
    "weightedAverageShsOut": 208680000,
    "weightedAverageShsOutDil": 212144000,
    "link": "https://www.sec.gov/Archives/edgar/data/1039684/000119312508168400/0001193125-08-168400-index.htm",
    "finalLink": "https://www.sec.gov/Archives/edgar/data/1039684/000119312508168400/d10q.htm"
  },
  {
    "date": "2008-03-31",
    "symbol": "OKE",
    "reportedCurrency": "USD",
    "cik": "0001039684",
    "fillingDate": "2008-05-02",
    "acceptedDate": "2008-05-02 13:00:16",
    "calendarYear": "2008",
    "period": "Q1",
    "revenue": 4902076000,
    "costOfRevenue": 4316164000,
    "grossProfit": 585912000,
    "grossProfitRatio": 0.1195232387,
    "researchAndDevelopmentExpenses": 0,
    "generalAndAdministrativeExpenses": 0,
    "sellingAndMarketingExpenses": 0,
    "sellingGeneralAndAdministrativeExpenses": 0,
    "otherExpenses": 252802000,
    "operatingExpenses": 252802000,
    "costAndExpenses": 4568966000,
    "interestIncome": 0,
    "interestExpense": 70485000,
    "depreciationAndAmortization": 59479000,
    "ebitda": 392602000,
    "ebitdaratio": 0.0800889256,
    "operatingIncome": 333110000,
    "operatingIncomeRatio": 0.0679528428,
    "totalOtherIncomeExpensesNet": -96905000,
    "incomeBeforeTax": 236205000,
    "incomeBeforeTaxRatio": 0.0481846875,
    "incomeTaxExpense": 92368000,
    "netIncome": 143837000,
    "netIncomeRatio": 0.0293420583,
    "eps": 0.69,
    "epsdiluted": 0.68,
    "weightedAverageShsOut": 208340000,
    "weightedAverageShsOutDil": 211642000,
    "link": "https://www.sec.gov/Archives/edgar/data/1039684/000119312508100403/0001193125-08-100403-index.htm",
    "finalLink": "https://www.sec.gov/Archives/edgar/data/1039684/000119312508100403/d10q.htm"
  },
  {
    "date": "2007-12-31",
    "symbol": "OKE",
    "reportedCurrency": "USD",
    "cik": "0001039684",
    "fillingDate": "2008-02-27",
    "acceptedDate": "2008-02-27 15:45:44",
    "calendarYear": "2007",
    "period": "Q4",
    "revenue": 3984968000,
    "costOfRevenue": 3447569000,
    "grossProfit": 537399000,
    "grossProfitRatio": 0.1348565409,
    "researchAndDevelopmentExpenses": 0,
    "generalAndAdministrativeExpenses": 0,
    "sellingAndMarketingExpenses": 0,
    "sellingGeneralAndAdministrativeExpenses": 0,
    "otherExpenses": 281688000,
    "operatingExpenses": 281688000,
    "costAndExpenses": 3729257000,
    "interestIncome": 0,
    "interestExpense": 80300000,
    "depreciationAndAmortization": 59506000,
    "ebitda": 315217000,
    "ebitdaratio": 0.0791015135,
    "operatingIncome": 255711000,
    "operatingIncomeRatio": 0.0641688967,
    "totalOtherIncomeExpensesNet": -97385000,
    "incomeBeforeTax": 158326000,
    "incomeBeforeTaxRatio": 0.0397308084,
    "incomeTaxExpense": 55402000,
    "netIncome": 102924000,
    "netIncomeRatio": 0.0258280619,
    "eps": 0.49,
    "epsdiluted": 0.49,
    "weightedAverageShsOut": 207510000,
    "weightedAverageShsOutDil": 208340000,
    "link": "https://www.sec.gov/Archives/edgar/data/1039684/000119312508040037/0001193125-08-040037-index.htm",
    "finalLink": "https://www.sec.gov/Archives/edgar/data/1039684/000119312508040037/d10k.htm"
  },
  {
    "date": "2007-09-30",
    "symbol": "OKE",
    "reportedCurrency": "USD",
    "cik": "0001039684",
    "fillingDate": "2007-11-02",
    "acceptedDate": "2007-11-02 14:59:18",
    "calendarYear": "2007",
    "period": "Q3",
    "revenue": 2809997000,
    "costOfRevenue": 2469837000,
    "grossProfit": 340160000,
    "grossProfitRatio": 0.12105351,
    "researchAndDevelopmentExpenses": 0,
    "generalAndAdministrativeExpenses": 0,
    "sellingAndMarketingExpenses": 0,
    "sellingGeneralAndAdministrativeExpenses": 0,
    "otherExpenses": 237449000,
    "operatingExpenses": 237449000,
    "costAndExpenses": 2707286000,
    "interestIncome": 0,
    "interestExpense": 53645000,
    "depreciationAndAmortization": 56364000,
    "ebitda": 159134000,
    "ebitdaratio": 0.0566313772,
    "operatingIncome": 102711000,
    "operatingIncomeRatio": 0.0365519963,
    "totalOtherIncomeExpensesNet": -80659000,
    "incomeBeforeTax": 22052000,
    "incomeBeforeTaxRatio": 0.0078476952,
    "incomeTaxExpense": 8138000,
    "netIncome": 13914000,
    "netIncomeRatio": 0.0049516067,
    "eps": 0.065,
    "epsdiluted": 0.065,
    "weightedAverageShsOut": 207764000,
    "weightedAverageShsOutDil": 211862000,
    "link": "https://www.sec.gov/Archives/edgar/data/1039684/000119312507233697/0001193125-07-233697-index.htm",
    "finalLink": "https://www.sec.gov/Archives/edgar/data/1039684/000119312507233697/d10q.htm"
  },
  {
    "date": "2007-06-30",
    "symbol": "OKE",
    "reportedCurrency": "USD",
    "cik": "0001039684",
    "fillingDate": "2007-08-03",
    "acceptedDate": "2007-08-03 12:59:07",
    "calendarYear": "2007",
    "period": "Q2",
    "revenue": 2871304000,
    "costOfRevenue": 2504795000,
    "grossProfit": 366509000,
    "grossProfitRatio": 0.1276454879,
    "researchAndDevelopmentExpenses": 0,
    "generalAndAdministrativeExpenses": 0,
    "sellingAndMarketingExpenses": 0,
    "sellingGeneralAndAdministrativeExpenses": 0,
    "otherExpenses": 230395000,
    "operatingExpenses": 230395000,
    "costAndExpenses": 2735190000,
    "interestIncome": 0,
    "interestExpense": 47884000,
    "depreciationAndAmortization": 55644000,
    "ebitda": 191389000,
    "ebitdaratio": 0.0666557773,
    "operatingIncome": 136114000,
    "operatingIncomeRatio": 0.0474049421,
    "totalOtherIncomeExpensesNet": -77701000,
    "incomeBeforeTax": 58413000,
    "incomeBeforeTaxRatio": 0.0203437184,
    "incomeTaxExpense": 23210000,
    "netIncome": 35203000,
    "netIncomeRatio": 0.0122602831,
    "eps": 0.16,
    "epsdiluted": 0.16,
    "weightedAverageShsOut": 221758000,
    "weightedAverageShsOutDil": 225972000,
    "link": "https://www.sec.gov/Archives/edgar/data/1039684/000119312507170407/0001193125-07-170407-index.htm",
    "finalLink": "https://www.sec.gov/Archives/edgar/data/1039684/000119312507170407/d10q.htm"
  },
  {
    "date": "2007-03-31",
    "symbol": "OKE",
    "reportedCurrency": "USD",
    "cik": "0001039684",
    "fillingDate": "2007-05-02",
    "acceptedDate": "2007-05-02 17:07:31",
    "calendarYear": "2007",
    "period": "Q1",
    "revenue": 3799006000,
    "costOfRevenue": 3234379000,
    "grossProfit": 564627000,
    "grossProfitRatio": 0.1486249298,
    "researchAndDevelopmentExpenses": 0,
    "generalAndAdministrativeExpenses": 0,
    "sellingAndMarketingExpenses": 0,
    "sellingGeneralAndAdministrativeExpenses": 0,
    "otherExpenses": 238529000,
    "operatingExpenses": 238529000,
    "costAndExpenses": 3472908000,
    "interestIncome": 0,
    "interestExpense": 43417000,
    "depreciationAndAmortization": 56450000,
    "ebitda": 384751000,
    "ebitdaratio": 0.101276755,
    "operatingIncome": 326098000,
    "operatingIncomeRatio": 0.0858377165,
    "totalOtherIncomeExpensesNet": -75371000,
    "incomeBeforeTax": 250727000,
    "incomeBeforeTaxRatio": 0.0659980532,
    "incomeTaxExpense": 97847000,
    "netIncome": 152880000,
    "netIncomeRatio": 0.0402421054,
    "eps": 0.69,
    "epsdiluted": 0.68,
    "weightedAverageShsOut": 221736000,
    "weightedAverageShsOutDil": 225448000,
    "link": "https://www.sec.gov/Archives/edgar/data/1039684/000119312507099663/0001193125-07-099663-index.htm",
    "finalLink": "https://www.sec.gov/Archives/edgar/data/1039684/000119312507099663/d10q.htm"
  },
  {
    "date": "2006-12-31",
    "symbol": "OKE",
    "reportedCurrency": "USD",
    "cik": "0001039684",
    "fillingDate": "2007-03-01",
    "acceptedDate": "2007-02-28 18:36:04",
    "calendarYear": "2006",
    "period": "Q4",
    "revenue": 3067680000,
    "costOfRevenue": 2596571000,
    "grossProfit": 471109000,
    "grossProfitRatio": 0.1535717546,
    "researchAndDevelopmentExpenses": 0,
    "generalAndAdministrativeExpenses": 0,
    "sellingAndMarketingExpenses": 0,
    "sellingGeneralAndAdministrativeExpenses": 0,
    "otherExpenses": 268523000,
    "operatingExpenses": 268523000,
    "costAndExpenses": 2865094000,
    "interestIncome": 0,
    "interestExpense": 62992000,
    "depreciationAndAmortization": 56654000,
    "ebitda": 259240000,
    "ebitdaratio": 0.0845068586,
    "operatingIncome": 202586000,
    "operatingIncomeRatio": 0.0660388306,
    "totalOtherIncomeExpensesNet": -81747000,
    "incomeBeforeTax": 120839000,
    "incomeBeforeTaxRatio": 0.0393910056,
    "incomeTaxExpense": 46259000,
    "netIncome": 74625000,
    "netIncomeRatio": 0.0243262009,
    "eps": 0.34,
    "epsdiluted": 0.34,
    "weightedAverageShsOut": 220514000,
    "weightedAverageShsOutDil": 221736000,
    "link": "https://www.sec.gov/Archives/edgar/data/1039684/000119312507042960/0001193125-07-042960-index.htm",
    "finalLink": "https://www.sec.gov/Archives/edgar/data/1039684/000119312507042960/d10k.htm"
  },
  {
    "date": "2006-09-30",
    "symbol": "OKE",
    "reportedCurrency": "USD",
    "cik": "0001039684",
    "fillingDate": "2006-11-03",
    "acceptedDate": "2006-11-03 15:11:30",
    "calendarYear": "2006",
    "period": "Q3",
    "revenue": 2640877000,
    "costOfRevenue": 2291891000,
    "grossProfit": 348986000,
    "grossProfitRatio": 0.1321477676,
    "researchAndDevelopmentExpenses": 0,
    "generalAndAdministrativeExpenses": 0,
    "sellingAndMarketingExpenses": 0,
    "sellingGeneralAndAdministrativeExpenses": 0,
    "otherExpenses": 229451000,
    "operatingExpenses": 229451000,
    "costAndExpenses": 2521342000,
    "interestIncome": 0,
    "interestExpense": 49064000,
    "depreciationAndAmortization": 55469000,
    "ebitda": 175003000,
    "ebitdaratio": 0.0662670015,
    "operatingIncome": 119535000,
    "operatingIncomeRatio": 0.0452633727,
    "totalOtherIncomeExpensesNet": -79396000,
    "incomeBeforeTax": 40139000,
    "incomeBeforeTaxRatio": 0.0151991176,
    "incomeTaxExpense": 15726000,
    "netIncome": 24400000,
    "netIncomeRatio": 0.009239355,
    "eps": 0.11,
    "epsdiluted": 0.11,
    "weightedAverageShsOut": 226400000,
    "weightedAverageShsOutDil": 229840000,
    "link": "https://www.sec.gov/Archives/edgar/data/1039684/000119312506223563/0001193125-06-223563-index.htm",
    "finalLink": "https://www.sec.gov/Archives/edgar/data/1039684/000119312506223563/d10q.htm"
  },
  {
    "date": "2006-06-30",
    "symbol": "OKE",
    "reportedCurrency": "USD",
    "cik": "0001039684",
    "fillingDate": "2006-08-04",
    "acceptedDate": "2006-08-04 16:22:41",
    "calendarYear": "2006",
    "period": "Q2",
    "revenue": 2431907000,
    "costOfRevenue": 2030258000,
    "grossProfit": 401649000,
    "grossProfitRatio": 0.1651580426,
    "researchAndDevelopmentExpenses": 0,
    "generalAndAdministrativeExpenses": 0,
    "sellingAndMarketingExpenses": 0,
    "sellingGeneralAndAdministrativeExpenses": 0,
    "otherExpenses": 247168000,
    "operatingExpenses": 247168000,
    "costAndExpenses": 2277426000,
    "interestIncome": 0,
    "interestExpense": 0,
    "depreciationAndAmortization": 53994000,
    "ebitda": 221577000,
    "ebitdaratio": 0.091112448,
    "operatingIncome": 154481000,
    "operatingIncomeRatio": 0.0635225771,
    "totalOtherIncomeExpensesNet": -24898000,
    "incomeBeforeTax": 129583000,
    "incomeBeforeTaxRatio": 0.0532845212,
    "incomeTaxExpense": 51638000,
    "netIncome": 77795000,
    "netIncomeRatio": 0.0319892989,
    "eps": 0.33,
    "epsdiluted": 0.33,
    "weightedAverageShsOut": 234846000,
    "weightedAverageShsOutDil": 238052000,
    "link": "https://www.sec.gov/Archives/edgar/data/1039684/000119312506162422/0001193125-06-162422-index.htm",
    "finalLink": "https://www.sec.gov/Archives/edgar/data/1039684/000119312506162422/d10q.htm"
  },
  {
    "date": "2006-03-31",
    "symbol": "OKE",
    "reportedCurrency": "USD",
    "cik": "0001039684",
    "fillingDate": "2006-05-04",
    "acceptedDate": "2006-05-04 17:07:01",
    "calendarYear": "2006",
    "period": "Q1",
    "revenue": 3918322000,
    "costOfRevenue": 3343173000,
    "grossProfit": 575149000,
    "grossProfitRatio": 0.1467845164,
    "researchAndDevelopmentExpenses": 0,
    "generalAndAdministrativeExpenses": 0,
    "sellingAndMarketingExpenses": 0,
    "sellingGeneralAndAdministrativeExpenses": 0,
    "otherExpenses": 263601000,
    "operatingExpenses": 263601000,
    "costAndExpenses": 3606774000,
    "interestIncome": 0,
    "interestExpense": 95204000,
    "depreciationAndAmortization": 69426000,
    "ebitda": 325396000,
    "ebitdaratio": 0.0830447319,
    "operatingIncome": 311548000,
    "operatingIncomeRatio": 0.079510566,
    "totalOtherIncomeExpensesNet": -59191000,
    "incomeBeforeTax": 209872000,
    "incomeBeforeTaxRatio": 0.0535617032,
    "incomeTaxExpense": 80141000,
    "netIncome": 129492000,
    "netIncomeRatio": 0.03304782,
    "eps": 0.61,
    "epsdiluted": 0.59,
    "weightedAverageShsOut": 214286000,
    "weightedAverageShsOutDil": 221512000,
    "link": "https://www.sec.gov/Archives/edgar/data/1039684/000119312506100487/0001193125-06-100487-index.htm",
    "finalLink": "https://www.sec.gov/Archives/edgar/data/1039684/000119312506100487/d10q.htm"
  },
  {
    "date": "2005-12-31",
    "symbol": "OKE",
    "reportedCurrency": "USD",
    "cik": "0001039684",
    "fillingDate": "2006-03-13",
    "acceptedDate": "2006-03-10 17:44:27",
    "calendarYear": "2005",
    "period": "Q4",
    "revenue": 4696193000,
    "costOfRevenue": 4300915000,
    "grossProfit": 395278000,
    "grossProfitRatio": 0.0841698797,
    "researchAndDevelopmentExpenses": 0,
    "generalAndAdministrativeExpenses": 0,
    "sellingAndMarketingExpenses": 0,
    "sellingGeneralAndAdministrativeExpenses": 0,
    "otherExpenses": 222217000,
    "operatingExpenses": 222217000,
    "costAndExpenses": 4523132000,
    "interestIncome": 0,
    "interestExpense": 0,
    "depreciationAndAmortization": 48342000,
    "ebitda": 221403000,
    "ebitdaratio": 0.0471452089,
    "operatingIncome": 173061000,
    "operatingIncomeRatio": 0.0368513389,
    "totalOtherIncomeExpensesNet": 194187000,
    "incomeBeforeTax": 367248000,
    "incomeBeforeTaxRatio": 0.0782012153,
    "incomeTaxExpense": 135607000,
    "netIncome": 229495000,
    "netIncomeRatio": 0.0488683067,
    "eps": 1.07,
    "epsdiluted": 1.07,
    "weightedAverageShsOut": 214286000,
    "weightedAverageShsOutDil": 214286000,
    "link": "https://www.sec.gov/Archives/edgar/data/1039684/000119312506051266/0001193125-06-051266-index.htm",
    "finalLink": "https://www.sec.gov/Archives/edgar/data/1039684/000119312506051266/d10k.htm"
  },
  {
    "date": "2005-09-30",
    "symbol": "OKE",
    "reportedCurrency": "USD",
    "cik": "0001039684",
    "fillingDate": "2005-11-04",
    "acceptedDate": "2005-11-04 14:55:56",
    "calendarYear": "2005",
    "period": "Q3",
    "revenue": 3192206000,
    "costOfRevenue": 2849705000,
    "grossProfit": 342501000,
    "grossProfitRatio": 0.1072928877,
    "researchAndDevelopmentExpenses": 0,
    "generalAndAdministrativeExpenses": 0,
    "sellingAndMarketingExpenses": 0,
    "sellingGeneralAndAdministrativeExpenses": 0,
    "otherExpenses": 219287000,
    "operatingExpenses": 219287000,
    "costAndExpenses": 3068992000,
    "interestIncome": 0,
    "interestExpense": 0,
    "depreciationAndAmortization": 31391000,
    "ebitda": 158197000,
    "ebitdaratio": 0.0495572654,
    "operatingIncome": 123214000,
    "operatingIncomeRatio": 0.0385983862,
    "totalOtherIncomeExpensesNet": -37716000,
    "incomeBeforeTax": 85498000,
    "incomeBeforeTaxRatio": 0.0267833592,
    "incomeTaxExpense": 32800000,
    "netIncome": 176450000,
    "netIncomeRatio": 0.0552752548,
    "eps": 0.89,
    "epsdiluted": 0.81,
    "weightedAverageShsOut": 199788000,
    "weightedAverageShsOutDil": 217204000,
    "link": "https://www.sec.gov/Archives/edgar/data/1039684/000119312505216798/0001193125-05-216798-index.htm",
    "finalLink": "https://www.sec.gov/Archives/edgar/data/1039684/000119312505216798/d10q.htm"
  },
  {
    "date": "2005-06-30",
    "symbol": "OKE",
    "reportedCurrency": "USD",
    "cik": "0001039684",
    "fillingDate": "2005-08-03",
    "acceptedDate": "2005-08-03 15:11:27",
    "calendarYear": "2005",
    "period": "Q2",
    "revenue": 2121120000,
    "costOfRevenue": 1857789000,
    "grossProfit": 263331000,
    "grossProfitRatio": 0.1241471487,
    "researchAndDevelopmentExpenses": 0,
    "generalAndAdministrativeExpenses": 0,
    "sellingAndMarketingExpenses": 0,
    "sellingGeneralAndAdministrativeExpenses": 0,
    "otherExpenses": 194700000,
    "operatingExpenses": 194700000,
    "costAndExpenses": 2052489000,
    "interestIncome": 0,
    "interestExpense": 27895000,
    "depreciationAndAmortization": 52165000,
    "ebitda": 112626000,
    "ebitdaratio": 0.0530974202,
    "operatingIncome": 68631000,
    "operatingIncomeRatio": 0.0323560195,
    "totalOtherIncomeExpensesNet": -11449000,
    "incomeBeforeTax": 40733000,
    "incomeBeforeTaxRatio": 0.019203534,
    "incomeTaxExpense": 15881000,
    "netIncome": 24852000,
    "netIncomeRatio": 0.0117164517,
    "eps": 0.13,
    "epsdiluted": 0.12,
    "weightedAverageShsOut": 202286000,
    "weightedAverageShsOutDil": 218124000,
    "link": "https://www.sec.gov/Archives/edgar/data/1039684/000119312505156163/0001193125-05-156163-index.htm",
    "finalLink": "https://www.sec.gov/Archives/edgar/data/1039684/000119312505156163/d10q.htm"
  },
  {
    "date": "2005-03-31",
    "symbol": "OKE",
    "reportedCurrency": "USD",
    "cik": "0001039684",
    "fillingDate": "2005-05-05",
    "acceptedDate": "2005-05-05 09:47:02",
    "calendarYear": "2005",
    "period": "Q1",
    "revenue": 2752863000,
    "costOfRevenue": 2353298000,
    "grossProfit": 399565000,
    "grossProfitRatio": 0.1451452542,
    "researchAndDevelopmentExpenses": 0,
    "generalAndAdministrativeExpenses": 0,
    "sellingAndMarketingExpenses": 0,
    "sellingGeneralAndAdministrativeExpenses": 0,
    "otherExpenses": 199974000,
    "operatingExpenses": 199974000,
    "costAndExpenses": 2553272000,
    "interestIncome": 0,
    "interestExpense": 20782000,
    "depreciationAndAmortization": 51496000,
    "ebitda": 229595000,
    "ebitdaratio": 0.0834022616,
    "operatingIncome": 199591000,
    "operatingIncomeRatio": 0.0725030632,
    "totalOtherIncomeExpensesNet": -12079000,
    "incomeBeforeTax": 174299000,
    "incomeBeforeTaxRatio": 0.0633155373,
    "incomeTaxExpense": 66635000,
    "netIncome": 107664000,
    "netIncomeRatio": 0.0391098286,
    "eps": 0.52,
    "epsdiluted": 0.49,
    "weightedAverageShsOut": 207332000,
    "weightedAverageShsOutDil": 222002000,
    "link": "https://www.sec.gov/Archives/edgar/data/1039684/000119312505096716/0001193125-05-096716-index.htm",
    "finalLink": "https://www.sec.gov/Archives/edgar/data/1039684/000119312505096716/d10q.htm"
  },
  {
    "date": "2004-12-31",
    "symbol": "OKE",
    "reportedCurrency": "USD",
    "cik": "0001039684",
    "fillingDate": "2005-03-08",
    "acceptedDate": "2005-03-08 16:00:15",
    "calendarYear": "2004",
    "period": "Q4",
    "revenue": 2598604000,
    "costOfRevenue": 2223270000,
    "grossProfit": 375334000,
    "grossProfitRatio": 0.1444367822,
    "researchAndDevelopmentExpenses": 0,
    "generalAndAdministrativeExpenses": 0,
    "sellingAndMarketingExpenses": 0,
    "sellingGeneralAndAdministrativeExpenses": 0,
    "otherExpenses": 193541000,
    "operatingExpenses": 193541000,
    "costAndExpenses": 2416811000,
    "interestIncome": 0,
    "interestExpense": 20957000,
    "depreciationAndAmortization": 48452000,
    "ebitda": 230245000,
    "ebitdaratio": 0.0886033424,
    "operatingIncome": 181793000,
    "operatingIncomeRatio": 0.0699579467,
    "totalOtherIncomeExpensesNet": -25270000,
    "incomeBeforeTax": 156523000,
    "incomeBeforeTaxRatio": 0.0602334946,
    "incomeTaxExpense": 58126000,
    "netIncome": 98397000,
    "netIncomeRatio": 0.0378653308,
    "eps": 0.47,
    "epsdiluted": 0.47,
    "weightedAverageShsOut": 206540000,
    "weightedAverageShsOutDil": 207332000,
    "link": "https://www.sec.gov/Archives/edgar/data/1039684/000119312505044590/0001193125-05-044590-index.htm",
    "finalLink": "https://www.sec.gov/Archives/edgar/data/1039684/000119312505044590/d10k.htm"
  },
  {
    "date": "2004-09-30",
    "symbol": "OKE",
    "reportedCurrency": "USD",
    "cik": "0001039684",
    "fillingDate": "2004-11-03",
    "acceptedDate": "2004-11-03 12:07:57",
    "calendarYear": "2004",
    "period": "Q3",
    "revenue": 1726762000,
    "costOfRevenue": 1480662000,
    "grossProfit": 246100000,
    "grossProfitRatio": 0.1425210886,
    "researchAndDevelopmentExpenses": 0,
    "generalAndAdministrativeExpenses": 0,
    "sellingAndMarketingExpenses": 0,
    "sellingGeneralAndAdministrativeExpenses": 0,
    "otherExpenses": 186597000,
    "operatingExpenses": 186597000,
    "costAndExpenses": 1667259000,
    "interestIncome": 0,
    "interestExpense": 24660000,
    "depreciationAndAmortization": 47307000,
    "ebitda": 88113000,
    "ebitdaratio": 0.0510278776,
    "operatingIncome": 59503000,
    "operatingIncomeRatio": 0.0344592943,
    "totalOtherIncomeExpensesNet": -24954000,
    "incomeBeforeTax": 34549000,
    "incomeBeforeTaxRatio": 0.0200079687,
    "incomeTaxExpense": 13710000,
    "netIncome": 20839000,
    "netIncomeRatio": 0.0120682526,
    "eps": 0.1,
    "epsdiluted": 0.095,
    "weightedAverageShsOut": 205828000,
    "weightedAverageShsOutDil": 213884000,
    "link": "https://www.sec.gov/Archives/edgar/data/1039684/000119312504184529/0001193125-04-184529-index.htm",
    "finalLink": "https://www.sec.gov/Archives/edgar/data/1039684/000119312504184529/d10q.htm"
  },
  {
    "date": "2004-06-30",
    "symbol": "OKE",
    "reportedCurrency": "USD",
    "cik": "0001039684",
    "fillingDate": "2004-08-04",
    "acceptedDate": "2004-08-04 15:06:42",
    "calendarYear": "2004",
    "period": "Q2",
    "revenue": 632139000,
    "costOfRevenue": 402087000,
    "grossProfit": 230052000,
    "grossProfitRatio": 0.3639262884,
    "researchAndDevelopmentExpenses": 0,
    "generalAndAdministrativeExpenses": 0,
    "sellingAndMarketingExpenses": 0,
    "sellingGeneralAndAdministrativeExpenses": 0,
    "otherExpenses": 176446000,
    "operatingExpenses": 176446000,
    "costAndExpenses": 578533000,
    "interestIncome": 0,
    "interestExpense": 23405000,
    "depreciationAndAmortization": 46226000,
    "ebitda": 99832000,
    "ebitdaratio": 0.1579272913,
    "operatingIncome": 53606000,
    "operatingIncomeRatio": 0.0848009694,
    "totalOtherIncomeExpensesNet": -24177000,
    "incomeBeforeTax": 29429000,
    "incomeBeforeTaxRatio": 0.0465546343,
    "incomeTaxExpense": 11640000,
    "netIncome": 17789000,
    "netIncomeRatio": 0.0281409627,
    "eps": 0.085,
    "epsdiluted": 0.085,
    "weightedAverageShsOut": 205090000,
    "weightedAverageShsOutDil": 207942000,
    "link": "https://www.sec.gov/Archives/edgar/data/1039684/000119312504131223/0001193125-04-131223-index.htm",
    "finalLink": "https://www.sec.gov/Archives/edgar/data/1039684/000119312504131223/d10q.htm"
  },
  {
    "date": "2004-03-31",
    "symbol": "OKE",
    "reportedCurrency": "USD",
    "cik": "0001039684",
    "fillingDate": "2004-04-30",
    "acceptedDate": "2004-04-30 16:25:42",
    "calendarYear": "2004",
    "period": "Q1",
    "revenue": 1030575000,
    "costOfRevenue": 637816000,
    "grossProfit": 392759000,
    "grossProfitRatio": 0.3811066638,
    "researchAndDevelopmentExpenses": 0,
    "generalAndAdministrativeExpenses": 0,
    "sellingAndMarketingExpenses": 0,
    "sellingGeneralAndAdministrativeExpenses": 0,
    "otherExpenses": 197651000,
    "operatingExpenses": 197651000,
    "costAndExpenses": 835467000,
    "interestIncome": 0,
    "interestExpense": 23240000,
    "depreciationAndAmortization": 46740000,
    "ebitda": 241848000,
    "ebitdaratio": 0.2346728768,
    "operatingIncome": 195108000,
    "operatingIncomeRatio": 0.1893195546,
    "totalOtherIncomeExpensesNet": -23464000,
    "incomeBeforeTax": 171644000,
    "incomeBeforeTaxRatio": 0.1665516823,
    "incomeTaxExpense": 66491000,
    "netIncome": 105153000,
    "netIncomeRatio": 0.1020333309,
    "eps": 0.53,
    "epsdiluted": 0.52,
    "weightedAverageShsOut": 198232000,
    "weightedAverageShsOutDil": 202596000,
    "link": "https://www.sec.gov/Archives/edgar/data/1039684/000119312504075542/0001193125-04-075542-index.htm",
    "finalLink": "https://www.sec.gov/Archives/edgar/data/1039684/000119312504075542/d10q.htm"
  },
  {
    "date": "2003-12-31",
    "symbol": "OKE",
    "reportedCurrency": "USD",
    "cik": "0001039684",
    "fillingDate": "2004-03-03",
    "acceptedDate": "2004-03-03 13:10:43",
    "calendarYear": "2003",
    "period": "Q4",
    "revenue": 849028000,
    "costOfRevenue": 542320000,
    "grossProfit": 306708000,
    "grossProfitRatio": 0.3612460366,
    "researchAndDevelopmentExpenses": 0,
    "generalAndAdministrativeExpenses": 0,
    "sellingAndMarketingExpenses": 0,
    "sellingGeneralAndAdministrativeExpenses": 0,
    "otherExpenses": 186910000,
    "operatingExpenses": 186910000,
    "costAndExpenses": 729230000,
    "interestIncome": 0,
    "interestExpense": 23551000,
    "depreciationAndAmortization": 40620000,
    "ebitda": 160418000,
    "ebitdaratio": 0.1889431208,
    "operatingIncome": 119798000,
    "operatingIncomeRatio": 0.1411001757,
    "totalOtherIncomeExpensesNet": -25294000,
    "incomeBeforeTax": 94504000,
    "incomeBeforeTaxRatio": 0.111308461,
    "incomeTaxExpense": 32962000,
    "netIncome": 62912000,
    "netIncomeRatio": 0.0740988519,
    "eps": 0.32,
    "epsdiluted": 0.32,
    "weightedAverageShsOut": 198232000,
    "weightedAverageShsOutDil": 198232000,
    "link": "https://www.sec.gov/Archives/edgar/data/1039684/000119312504033606/0001193125-04-033606-index.htm",
    "finalLink": "https://www.sec.gov/Archives/edgar/data/1039684/000119312504033606/d10k.htm"
  },
  {
    "date": "2003-09-30",
    "symbol": "OKE",
    "reportedCurrency": "USD",
    "cik": "0001039684",
    "fillingDate": "2003-11-05",
    "acceptedDate": "2003-11-05 16:29:25",
    "calendarYear": "2003",
    "period": "Q3",
    "revenue": 568270000,
    "costOfRevenue": 373888000,
    "grossProfit": 194382000,
    "grossProfitRatio": 0.3420592324,
    "researchAndDevelopmentExpenses": 0,
    "generalAndAdministrativeExpenses": 0,
    "sellingAndMarketingExpenses": 0,
    "sellingGeneralAndAdministrativeExpenses": 0,
    "otherExpenses": 162562000,
    "operatingExpenses": 162562000,
    "costAndExpenses": 536450000,
    "interestIncome": 0,
    "interestExpense": 23412000,
    "depreciationAndAmortization": 40105000,
    "ebitda": 71925000,
    "ebitdaratio": 0.1265683566,
    "operatingIncome": 31820000,
    "operatingIncomeRatio": 0.0559945097,
    "totalOtherIncomeExpensesNet": -24192000,
    "incomeBeforeTax": 7628000,
    "incomeBeforeTaxRatio": 0.0134231967,
    "incomeTaxExpense": 3033000,
    "netIncome": 4595000,
    "netIncomeRatio": 0.0080859451,
    "eps": 0.0295,
    "epsdiluted": 0.0292,
    "weightedAverageShsOut": 155730000,
    "weightedAverageShsOutDil": 157402000,
    "link": "https://www.sec.gov/Archives/edgar/data/1039684/000119312503073448/0001193125-03-073448-index.htm",
    "finalLink": "https://www.sec.gov/Archives/edgar/data/1039684/000119312503073448/d10q.htm"
  },
  {
    "date": "2003-06-30",
    "symbol": "OKE",
    "reportedCurrency": "USD",
    "cik": "0001039684",
    "fillingDate": "2003-08-04",
    "acceptedDate": "2003-08-04 13:01:10",
    "calendarYear": "2003",
    "period": "Q2",
    "revenue": 466539000,
    "costOfRevenue": 234103000,
    "grossProfit": 232436000,
    "grossProfitRatio": 0.4982134398,
    "researchAndDevelopmentExpenses": 0,
    "generalAndAdministrativeExpenses": 0,
    "sellingAndMarketingExpenses": 0,
    "sellingGeneralAndAdministrativeExpenses": 0,
    "otherExpenses": 170427000,
    "operatingExpenses": 170427000,
    "costAndExpenses": 404530000,
    "interestIncome": 0,
    "interestExpense": 22877000,
    "depreciationAndAmortization": 39709000,
    "ebitda": 101718000,
    "ebitdaratio": 0.2180267888,
    "operatingIncome": 62009000,
    "operatingIncomeRatio": 0.1329127897,
    "totalOtherIncomeExpensesNet": -23923000,
    "incomeBeforeTax": 38086000,
    "incomeBeforeTaxRatio": 0.0816351902,
    "incomeTaxExpense": 15538000,
    "netIncome": 17503000,
    "netIncomeRatio": 0.0375166921,
    "eps": 0.12,
    "epsdiluted": 0.12,
    "weightedAverageShsOut": 148824000,
    "weightedAverageShsOutDil": 194050000,
    "link": "https://www.sec.gov/Archives/edgar/data/1039684/000119312503028330/0001193125-03-028330-index.htm",
    "finalLink": "https://www.sec.gov/Archives/edgar/data/1039684/000119312503028330/d10q.htm"
  },
  {
    "date": "2003-03-31",
    "symbol": "OKE",
    "reportedCurrency": "USD",
    "cik": "0001039684",
    "fillingDate": "2003-05-05",
    "acceptedDate": "2003-05-05 10:45:21",
    "calendarYear": "2003",
    "period": "Q1",
    "revenue": 1085221000,
    "costOfRevenue": 675563000,
    "grossProfit": 409658000,
    "grossProfitRatio": 0.3774880877,
    "researchAndDevelopmentExpenses": 0,
    "generalAndAdministrativeExpenses": 0,
    "sellingAndMarketingExpenses": 0,
    "sellingGeneralAndAdministrativeExpenses": 0,
    "otherExpenses": 177221000,
    "operatingExpenses": 177221000,
    "costAndExpenses": 852784000,
    "interestIncome": 0,
    "interestExpense": 130269000,
    "depreciationAndAmortization": 40427000,
    "ebitda": 272864000,
    "ebitdaratio": 0.2514363434,
    "operatingIncome": 232437000,
    "operatingIncomeRatio": 0.2141840233,
    "totalOtherIncomeExpensesNet": -27836000,
    "incomeBeforeTax": 204601000,
    "incomeBeforeTaxRatio": 0.1885339484,
    "incomeTaxExpense": 78994000,
    "netIncome": 22433000,
    "netIncomeRatio": 0.0206713656,
    "eps": 0.13,
    "epsdiluted": 0.11,
    "weightedAverageShsOut": 167466000,
    "weightedAverageShsOutDil": 197028000,
    "link": "https://www.sec.gov/Archives/edgar/data/1039684/000119312503003340/0001193125-03-003340-index.htm",
    "finalLink": "https://www.sec.gov/Archives/edgar/data/1039684/000119312503003340/d10q.htm"
  },
  {
    "date": "2002-12-31",
    "symbol": "OKE",
    "reportedCurrency": "USD",
    "cik": "0001039684",
    "fillingDate": "2003-03-10",
    "acceptedDate": "2003-03-07 18:15:57",
    "calendarYear": "2002",
    "period": "Q4",
    "revenue": 555611000,
    "costOfRevenue": 367640000,
    "grossProfit": 187971000,
    "grossProfitRatio": 0.3383140363,
    "researchAndDevelopmentExpenses": 0,
    "generalAndAdministrativeExpenses": 0,
    "sellingAndMarketingExpenses": 0,
    "sellingGeneralAndAdministrativeExpenses": 0,
    "otherExpenses": 113022000,
    "operatingExpenses": 113022000,
    "costAndExpenses": 480662000,
    "interestIncome": 0,
    "interestExpense": 20753000,
    "depreciationAndAmortization": 18373000,
    "ebitda": 93322000,
    "ebitdaratio": 0.1679628373,
    "operatingIncome": 74949000,
    "operatingIncomeRatio": 0.1348947375,
    "totalOtherIncomeExpensesNet": -27390000,
    "incomeBeforeTax": 47559000,
    "incomeBeforeTaxRatio": 0.0855976574,
    "incomeTaxExpense": 20283000,
    "netIncome": 28649000,
    "netIncomeRatio": 0.051563054,
    "eps": 0.16,
    "epsdiluted": 0.16,
    "weightedAverageShsOut": 167466000,
    "weightedAverageShsOutDil": 167466000,
    "link": "https://www.sec.gov/Archives/edgar/data/1039684/000093066103000949/0000930661-03-000949-index.htm",
    "finalLink": "https://www.sec.gov/Archives/edgar/data/1039684/000093066103000949/d10k.htm"
  },
  {
    "date": "2002-09-30",
    "symbol": "OKE",
    "reportedCurrency": "USD",
    "cik": "0001039684",
    "fillingDate": "2002-11-14",
    "acceptedDate": "2002-11-14 11:35:11",
    "calendarYear": "2002",
    "period": "Q3",
    "revenue": 465393000,
    "costOfRevenue": 240195000,
    "grossProfit": 225198000,
    "grossProfitRatio": 0.4838878109,
    "researchAndDevelopmentExpenses": 0,
    "generalAndAdministrativeExpenses": 0,
    "sellingAndMarketingExpenses": 0,
    "sellingGeneralAndAdministrativeExpenses": 0,
    "otherExpenses": 155934000,
    "operatingExpenses": 155934000,
    "costAndExpenses": 396129000,
    "interestIncome": 0,
    "interestExpense": 43015000,
    "depreciationAndAmortization": 45321000,
    "ebitda": 102301000,
    "ebitdaratio": 0.2198163703,
    "operatingIncome": 69264000,
    "operatingIncomeRatio": 0.1488290542,
    "totalOtherIncomeExpensesNet": -36003000,
    "incomeBeforeTax": 33261000,
    "incomeBeforeTaxRatio": 0.0714686297,
    "incomeTaxExpense": 12542000,
    "netIncome": 20719000,
    "netIncomeRatio": 0.0445193632,
    "eps": 0.1,
    "epsdiluted": 0.1,
    "weightedAverageShsOut": 199914000,
    "weightedAverageShsOutDil": 201146000,
    "link": "https://www.sec.gov/Archives/edgar/data/1039684/000093066102003990/0000930661-02-003990-index.htm",
    "finalLink": "https://www.sec.gov/Archives/edgar/data/1039684/000093066102003990/d10q.htm"
  },
  {
    "date": "2002-06-30",
    "symbol": "OKE",
    "reportedCurrency": "USD",
    "cik": "0001039684",
    "fillingDate": "2002-08-12",
    "acceptedDate": "2002-08-12 17:16:01",
    "calendarYear": "2002",
    "period": "Q2",
    "revenue": 1171444000,
    "costOfRevenue": 916525000,
    "grossProfit": 254919000,
    "grossProfitRatio": 0.2176109144,
    "researchAndDevelopmentExpenses": 0,
    "generalAndAdministrativeExpenses": 0,
    "sellingAndMarketingExpenses": 0,
    "sellingGeneralAndAdministrativeExpenses": 0,
    "otherExpenses": 170602000,
    "operatingExpenses": 170602000,
    "costAndExpenses": 1087127000,
    "interestIncome": 0,
    "interestExpense": 17591000,
    "depreciationAndAmortization": 45547000,
    "ebitda": 129293000,
    "ebitdaratio": 0.1103706195,
    "operatingIncome": 84317000,
    "operatingIncomeRatio": 0.0719769788,
    "totalOtherIncomeExpensesNet": -22722000,
    "incomeBeforeTax": 61595000,
    "incomeBeforeTaxRatio": 0.052580405,
    "incomeTaxExpense": 26212000,
    "netIncome": 35383000,
    "netIncomeRatio": 0.0302046022,
    "eps": 0.18,
    "epsdiluted": 0.18,
    "weightedAverageShsOut": 199754000,
    "weightedAverageShsOutDil": 201414000,
    "link": "https://www.sec.gov/Archives/edgar/data/1039684/000093066102002780/0000930661-02-002780-index.htm",
    "finalLink": "https://www.sec.gov/Archives/edgar/data/1039684/000093066102002780/d10q.txt"
  },
  {
    "date": "2002-03-31",
    "symbol": "OKE",
    "reportedCurrency": "USD",
    "cik": "0001039684",
    "fillingDate": "2002-05-10",
    "acceptedDate": "2002-05-10 16:59:27",
    "calendarYear": "2002",
    "period": "Q1",
    "revenue": 1465658000,
    "costOfRevenue": 1158086000,
    "grossProfit": 307572000,
    "grossProfitRatio": 0.2098525031,
    "researchAndDevelopmentExpenses": 0,
    "generalAndAdministrativeExpenses": 0,
    "sellingAndMarketingExpenses": 0,
    "sellingGeneralAndAdministrativeExpenses": 0,
    "otherExpenses": 164624000,
    "operatingExpenses": 164624000,
    "costAndExpenses": 1322710000,
    "interestIncome": 0,
    "interestExpense": 27622000,
    "depreciationAndAmortization": 40723000,
    "ebitda": 175565000,
    "ebitdaratio": 0.119785789,
    "operatingIncome": 142948000,
    "operatingIncomeRatio": 0.0975316206,
    "totalOtherIncomeExpensesNet": -26902000,
    "incomeBeforeTax": 116046000,
    "incomeBeforeTaxRatio": 0.0791767247,
    "incomeTaxExpense": 43448000,
    "netIncome": 63323000,
    "netIncomeRatio": 0.0432044856,
    "eps": 0.31,
    "epsdiluted": 0.3,
    "weightedAverageShsOut": 200140000,
    "weightedAverageShsOutDil": 200552000,
    "link": "https://www.sec.gov/Archives/edgar/data/1039684/000093066102001577/0000930661-02-001577-index.htm",
    "finalLink": "https://www.sec.gov/Archives/edgar/data/1039684/000093066102001577/d10q.txt"
  },
  {
    "date": "2001-12-31",
    "symbol": "OKE",
    "reportedCurrency": "USD",
    "cik": "0001039684",
    "fillingDate": "2002-03-14",
    "acceptedDate": "2002-03-14 00:00:00",
    "calendarYear": "2001",
    "period": "Q4",
    "revenue": 1317127000,
    "costOfRevenue": 1122914000,
    "grossProfit": 194213000,
    "grossProfitRatio": 0.1474519921,
    "researchAndDevelopmentExpenses": 0,
    "generalAndAdministrativeExpenses": 0,
    "sellingAndMarketingExpenses": 0,
    "sellingGeneralAndAdministrativeExpenses": 0,
    "otherExpenses": 169702000,
    "operatingExpenses": 169702000,
    "costAndExpenses": 1292616000,
    "interestIncome": 0,
    "interestExpense": 33793000,
    "depreciationAndAmortization": 43443000,
    "ebitda": 67954000,
    "ebitdaratio": 0.0515925951,
    "operatingIncome": 24511000,
    "operatingIncomeRatio": 0.0186094431,
    "totalOtherIncomeExpensesNet": -32718000,
    "incomeBeforeTax": -8207000,
    "incomeBeforeTaxRatio": -0.0062309861,
    "incomeTaxExpense": -2518000,
    "netIncome": -5689000,
    "netIncomeRatio": -0.0043192494,
    "eps": -0.0285,
    "epsdiluted": -0.0284,
    "weightedAverageShsOut": 199300000,
    "weightedAverageShsOutDil": 200140000,
    "link": "https://www.sec.gov/Archives/edgar/data/1039684/000093066102000717/0000930661-02-000717-index.htm",
    "finalLink": "https://www.sec.gov/Archives/edgar/data/1039684/000093066102000717/d10k405.txt"
  },
  {
    "date": "2001-09-30",
    "symbol": "OKE",
    "reportedCurrency": "USD",
    "cik": "0001039684",
    "fillingDate": "2001-11-07",
    "acceptedDate": "2001-11-07 00:00:00",
    "calendarYear": "2001",
    "period": "Q3",
    "revenue": 1127189000,
    "costOfRevenue": 923940000,
    "grossProfit": 203249000,
    "grossProfitRatio": 0.180314925,
    "researchAndDevelopmentExpenses": 0,
    "generalAndAdministrativeExpenses": 0,
    "sellingAndMarketingExpenses": 0,
    "sellingGeneralAndAdministrativeExpenses": 0,
    "otherExpenses": 147024000,
    "operatingExpenses": 147024000,
    "costAndExpenses": 1070964000,
    "interestIncome": 0,
    "interestExpense": 39543000,
    "depreciationAndAmortization": 40166000,
    "ebitda": 96391000,
    "ebitdaratio": 0.0855144967,
    "operatingIncome": 56225000,
    "operatingIncomeRatio": 0.049880721,
    "totalOtherIncomeExpensesNet": -37137000,
    "incomeBeforeTax": 19088000,
    "incomeBeforeTaxRatio": 0.016934161,
    "incomeTaxExpense": 301000,
    "netIncome": 18787000,
    "netIncomeRatio": 0.016667125,
    "eps": 0.0944,
    "epsdiluted": 0.0943,
    "weightedAverageShsOut": 199042000,
    "weightedAverageShsOutDil": 199266000,
    "link": "https://www.sec.gov/Archives/edgar/data/1039684/000093066101502216/0000930661-01-502216-index.htm",
    "finalLink": "https://www.sec.gov/Archives/edgar/data/1039684/000093066101502216/d10q.txt"
  },
  {
    "date": "2001-06-30",
    "symbol": "OKE",
    "reportedCurrency": "USD",
    "cik": "0001039684",
    "fillingDate": "2001-08-13",
    "acceptedDate": "2001-08-13 00:00:00",
    "calendarYear": "2001",
    "period": "Q2",
    "revenue": 1402399000,
    "costOfRevenue": 1208355000,
    "grossProfit": 194044000,
    "grossProfitRatio": 0.1383657575,
    "researchAndDevelopmentExpenses": 0,
    "generalAndAdministrativeExpenses": 0,
    "sellingAndMarketingExpenses": 0,
    "sellingGeneralAndAdministrativeExpenses": 0,
    "otherExpenses": 122102000,
    "operatingExpenses": 122102000,
    "costAndExpenses": 1330457000,
    "interestIncome": 0,
    "interestExpense": 35449000,
    "depreciationAndAmortization": 37524000,
    "ebitda": 109232000,
    "ebitdaratio": 0.0778893881,
    "operatingIncome": 71942000,
    "operatingIncomeRatio": 0.0512992379,
    "totalOtherIncomeExpensesNet": -35683000,
    "incomeBeforeTax": 36259000,
    "incomeBeforeTaxRatio": 0.0258549814,
    "incomeTaxExpense": 12651000,
    "netIncome": 23608000,
    "netIncomeRatio": 0.0168340109,
    "eps": 0.12,
    "epsdiluted": 0.12,
    "weightedAverageShsOut": 198814000,
    "weightedAverageShsOutDil": 199466000,
    "link": "https://www.sec.gov/Archives/edgar/data/1039684/000093066101501586/0000930661-01-501586-index.htm",
    "finalLink": "https://www.sec.gov/Archives/edgar/data/1039684/000093066101501586/d10q.txt"
  },
  {
    "date": "2001-03-31",
    "symbol": "OKE",
    "reportedCurrency": "USD",
    "cik": "0001039684",
    "fillingDate": "2001-05-15",
    "acceptedDate": "2001-05-15 00:00:00",
    "calendarYear": "2001",
    "period": "Q1",
    "revenue": 2956256000,
    "costOfRevenue": 2688661000,
    "grossProfit": 267595000,
    "grossProfitRatio": 0.0905182095,
    "researchAndDevelopmentExpenses": 0,
    "generalAndAdministrativeExpenses": 0,
    "sellingAndMarketingExpenses": 0,
    "sellingGeneralAndAdministrativeExpenses": 0,
    "otherExpenses": 125217000,
    "operatingExpenses": 125217000,
    "costAndExpenses": 2813878000,
    "interestIncome": 0,
    "interestExpense": 31752000,
    "depreciationAndAmortization": 37287000,
    "ebitda": 180333000,
    "ebitdaratio": 0.0610004682,
    "operatingIncome": 142378000,
    "operatingIncomeRatio": 0.0481615936,
    "totalOtherIncomeExpensesNet": -34236000,
    "incomeBeforeTax": 108810000,
    "incomeBeforeTaxRatio": 0.0368066906,
    "incomeTaxExpense": 41800000,
    "netIncome": 55584000,
    "netIncomeRatio": 0.0188021606,
    "eps": 0.25,
    "epsdiluted": 0.28,
    "weightedAverageShsOut": 99214000,
    "weightedAverageShsOutDil": 198059000,
    "link": "https://www.sec.gov/Archives/edgar/data/1039684/000093066101500662/0000930661-01-500662-index.htm",
    "finalLink": "https://www.sec.gov/Archives/edgar/data/1039684/000093066101500662/d10q.txt"
  },
  {
    "date": "2000-12-31",
    "symbol": "OKE",
    "reportedCurrency": "USD",
    "cik": "0001039684",
    "fillingDate": "2001-03-26",
    "acceptedDate": "2001-03-26 00:00:00",
    "calendarYear": "2000",
    "period": "Q4",
    "revenue": 2672468000,
    "costOfRevenue": 2466454000,
    "grossProfit": 206014000,
    "grossProfitRatio": 0.077087546,
    "researchAndDevelopmentExpenses": 0,
    "generalAndAdministrativeExpenses": 0,
    "sellingAndMarketingExpenses": 0,
    "sellingGeneralAndAdministrativeExpenses": 0,
    "otherExpenses": 105851000,
    "operatingExpenses": 105851000,
    "costAndExpenses": 2572305000,
    "interestIncome": 0,
    "interestExpense": 19285000,
    "depreciationAndAmortization": 36427000,
    "ebitda": 136590000,
    "ebitdaratio": 0.0511100601,
    "operatingIncome": 100163000,
    "operatingIncomeRatio": 0.0374795882,
    "totalOtherIncomeExpensesNet": -27625000,
    "incomeBeforeTax": 72538000,
    "incomeBeforeTaxRatio": 0.0271427011,
    "incomeTaxExpense": 27201000,
    "netIncome": 36062000,
    "netIncomeRatio": 0.013493894,
    "eps": 0.31,
    "epsdiluted": 0.23,
    "weightedAverageShsOut": 116828000,
    "weightedAverageShsOutDil": 198428000,
    "link": "https://www.sec.gov/Archives/edgar/data/1039684/000093066101000672/0000930661-01-000672-index.htm",
    "finalLink": "https://www.sec.gov/Archives/edgar/data/1039684/000093066101000672/0000930661-01-000672-0001.txt"
  },
  {
    "date": "2000-09-30",
    "symbol": "OKE",
    "reportedCurrency": "USD",
    "cik": "0001039684",
    "fillingDate": "2000-11-13",
    "acceptedDate": "2000-11-13 00:00:00",
    "calendarYear": "2000",
    "period": "Q3",
    "revenue": 1754790000,
    "costOfRevenue": 1578981000,
    "grossProfit": 175809000,
    "grossProfitRatio": 0.1001880567,
    "researchAndDevelopmentExpenses": 0,
    "generalAndAdministrativeExpenses": 0,
    "sellingAndMarketingExpenses": 0,
    "sellingGeneralAndAdministrativeExpenses": 0,
    "otherExpenses": 126728000,
    "operatingExpenses": 126728000,
    "costAndExpenses": 1705709000,
    "interestIncome": 0,
    "interestExpense": 35595000,
    "depreciationAndAmortization": 36068000,
    "ebitda": 85149000,
    "ebitdaratio": 0.048523755,
    "operatingIncome": 49081000,
    "operatingIncomeRatio": 0.0279697286,
    "totalOtherIncomeExpensesNet": -33966000,
    "incomeBeforeTax": 15115000,
    "incomeBeforeTaxRatio": 0.0086135663,
    "incomeTaxExpense": 5029000,
    "netIncome": 10086000,
    "netIncomeRatio": 0.0057476963,
    "eps": 0.0864,
    "epsdiluted": 0.0511,
    "weightedAverageShsOut": 116800000,
    "weightedAverageShsOutDil": 197506000,
    "link": "https://www.sec.gov/Archives/edgar/data/1039684/000093066100002900/0000930661-00-002900-index.htm",
    "finalLink": "https://www.sec.gov/Archives/edgar/data/1039684/000093066100002900/0000930661-00-002900-0001.txt"
  },
  {
    "date": "2000-06-30",
    "symbol": "OKE",
    "reportedCurrency": "USD",
    "cik": "0001039684",
    "fillingDate": "2000-08-14",
    "acceptedDate": "2000-08-14 00:00:00",
    "calendarYear": "2000",
    "period": "Q2",
    "revenue": 1387130000,
    "costOfRevenue": 1020233000,
    "grossProfit": 366897000,
    "grossProfitRatio": 0.2645008038,
    "researchAndDevelopmentExpenses": 0,
    "generalAndAdministrativeExpenses": 0,
    "sellingAndMarketingExpenses": 0,
    "sellingGeneralAndAdministrativeExpenses": 0,
    "otherExpenses": 289265000,
    "operatingExpenses": 289265000,
    "costAndExpenses": 1309498000,
    "interestIncome": 0,
    "interestExpense": 33377000,
    "depreciationAndAmortization": 37161000,
    "ebitda": 114793000,
    "ebitdaratio": 0.0827557619,
    "operatingIncome": 77632000,
    "operatingIncomeRatio": 0.0559659152,
    "totalOtherIncomeExpensesNet": -30860000,
    "incomeBeforeTax": 46772000,
    "incomeBeforeTaxRatio": 0.0337185412,
    "incomeTaxExpense": 19610000,
    "netIncome": 27162000,
    "netIncomeRatio": 0.0195814379,
    "eps": 0.23,
    "epsdiluted": 0.14,
    "weightedAverageShsOut": 116784000,
    "weightedAverageShsOutDil": 196584000,
    "link": "https://www.sec.gov/Archives/edgar/data/1039684/000093066100001987/0000930661-00-001987-index.htm",
    "finalLink": "https://www.sec.gov/Archives/edgar/data/1039684/000093066100001987/0000930661-00-001987-0001.txt"
  },
  {
    "date": "2000-03-31",
    "symbol": "OKE",
    "reportedCurrency": "USD",
    "cik": "0001039684",
    "fillingDate": "2000-05-11",
    "acceptedDate": "2000-05-11 00:00:00",
    "calendarYear": "2000",
    "period": "Q1",
    "revenue": 823949000,
    "costOfRevenue": 558296000,
    "grossProfit": 265653000,
    "grossProfitRatio": 0.3224143727,
    "researchAndDevelopmentExpenses": 0,
    "generalAndAdministrativeExpenses": 0,
    "sellingAndMarketingExpenses": 0,
    "sellingGeneralAndAdministrativeExpenses": 0,
    "otherExpenses": 158596000,
    "operatingExpenses": 158596000,
    "costAndExpenses": 716892000,
    "interestIncome": 0,
    "interestExpense": 0,
    "depreciationAndAmortization": 34327000,
    "ebitda": 139414000,
    "ebitdaratio": 0.16920222,
    "operatingIncome": 107057000,
    "operatingIncomeRatio": 0.1299315856,
    "totalOtherIncomeExpensesNet": -5573000,
    "incomeBeforeTax": 99353000,
    "incomeBeforeTaxRatio": 0.1205814923,
    "incomeTaxExpense": 38446000,
    "netIncome": 53747000,
    "netIncomeRatio": 0.0652309791,
    "eps": 0.28,
    "epsdiluted": 0.28,
    "weightedAverageShsOut": 116968000,
    "weightedAverageShsOutDil": 196756000,
    "link": "https://www.sec.gov/Archives/edgar/data/1039684/000093066100001192/0000930661-00-001192-index.html",
    "finalLink": "https://www.sec.gov/Archives/edgar/data/1039684/000093066100001192/"
  },
  {
    "date": "1999-12-31",
    "symbol": "OKE",
    "reportedCurrency": "USD",
    "cik": "0001039684",
    "fillingDate": "2000-02-11",
    "acceptedDate": "2000-02-11 00:00:00",
    "calendarYear": "1999",
    "period": "Q4",
    "revenue": 533482000,
    "costOfRevenue": 338994000,
    "grossProfit": 194488000,
    "grossProfitRatio": 0.364563378,
    "researchAndDevelopmentExpenses": 0,
    "generalAndAdministrativeExpenses": 0,
    "sellingAndMarketingExpenses": 0,
    "sellingGeneralAndAdministrativeExpenses": 0,
    "otherExpenses": 148411000,
    "operatingExpenses": 148411000,
    "costAndExpenses": 487405000,
    "interestIncome": 0,
    "interestExpense": 20357000,
    "depreciationAndAmortization": 32547000,
    "ebitda": 78624000,
    "ebitdaratio": 0.1473789181,
    "operatingIncome": 46077000,
    "operatingIncomeRatio": 0.0863702993,
    "totalOtherIncomeExpensesNet": -20357000,
    "incomeBeforeTax": 25720000,
    "incomeBeforeTaxRatio": 0.048211561,
    "incomeTaxExpense": 9990000,
    "netIncome": 15730000,
    "netIncomeRatio": 0.0294855309,
    "eps": 0.13,
    "epsdiluted": 0.13,
    "weightedAverageShsOut": 122664000,
    "weightedAverageShsOutDil": 122724000,
    "link": "https://www.sec.gov/Archives/edgar/data/1039684/000093066100000242/0000930661-00-000242-index.html",
    "finalLink": "https://www.sec.gov/Archives/edgar/data/1039684/000093066100000242/"
  },
  {
    "date": "1999-08-31",
    "symbol": "OKE",
    "reportedCurrency": "USD",
    "cik": "0001039684",
    "fillingDate": "1999-11-23",
    "acceptedDate": "1999-11-23 00:00:00",
    "calendarYear": "1999",
    "period": "Q3",
    "revenue": 457092000,
    "costOfRevenue": 293627000,
    "grossProfit": 163465000,
    "grossProfitRatio": 0.3576194727,
    "researchAndDevelopmentExpenses": 0,
    "generalAndAdministrativeExpenses": 0,
    "sellingAndMarketingExpenses": 0,
    "sellingGeneralAndAdministrativeExpenses": 0,
    "otherExpenses": 144184000,
    "operatingExpenses": 144184000,
    "costAndExpenses": 437811000,
    "interestIncome": 0,
    "interestExpense": 13168000,
    "depreciationAndAmortization": 33162000,
    "ebitda": 52443000,
    "ebitdaratio": 0.1147318264,
    "operatingIncome": 19281000,
    "operatingIncomeRatio": 0.0421818802,
    "totalOtherIncomeExpensesNet": -14814000,
    "incomeBeforeTax": 4467000,
    "incomeBeforeTaxRatio": 0.0097726497,
    "incomeTaxExpense": 2088000,
    "netIncome": 2379000,
    "netIncomeRatio": 0.0052046415,
    "eps": 0.0191,
    "epsdiluted": 0.021,
    "weightedAverageShsOut": 124402000,
    "weightedAverageShsOutDil": 113049000,
    "link": "https://www.sec.gov/Archives/edgar/data/1039684/000095013499010556/0000950134-99-010556-index.html",
    "finalLink": "https://www.sec.gov/Archives/edgar/data/1039684/000095013499010556/"
  },
  {
    "date": "1999-05-31",
    "symbol": "OKE",
    "reportedCurrency": "USD",
    "cik": "0001039684",
    "fillingDate": "1999-07-02",
    "acceptedDate": "1999-07-02 00:00:00",
    "calendarYear": "1999",
    "period": "Q2",
    "revenue": 418080000,
    "costOfRevenue": 259273000,
    "grossProfit": 158807000,
    "grossProfitRatio": 0.3798483544,
    "researchAndDevelopmentExpenses": 0,
    "generalAndAdministrativeExpenses": 0,
    "sellingAndMarketingExpenses": 0,
    "sellingGeneralAndAdministrativeExpenses": 0,
    "otherExpenses": 113641000,
    "operatingExpenses": 113641000,
    "costAndExpenses": 372914000,
    "interestIncome": 0,
    "interestExpense": 12985000,
    "depreciationAndAmortization": 33607000,
    "ebitda": 78773000,
    "ebitdaratio": 0.1884160926,
    "operatingIncome": 45166000,
    "operatingIncomeRatio": 0.1080319556,
    "totalOtherIncomeExpensesNet": -12985000,
    "incomeBeforeTax": 32181000,
    "incomeBeforeTaxRatio": 0.0769733065,
    "incomeTaxExpense": 10985000,
    "netIncome": 21196000,
    "netIncomeRatio": 0.0506984309,
    "eps": 0.17,
    "epsdiluted": 0.19,
    "weightedAverageShsOut": 124402000,
    "weightedAverageShsOutDil": 113049000,
    "link": "https://www.sec.gov/Archives/edgar/data/1039684/000095013499005946/0000950134-99-005946-index.html",
    "finalLink": "https://www.sec.gov/Archives/edgar/data/1039684/000095013499005946/"
  },
  {
    "date": "1999-02-28",
    "symbol": "OKE",
    "reportedCurrency": "USD",
    "cik": "0001039684",
    "fillingDate": "1999-04-14",
    "acceptedDate": "1999-04-14 00:00:00",
    "calendarYear": "1999",
    "period": "Q1",
    "revenue": 592664000,
    "costOfRevenue": 363288000,
    "grossProfit": 229376000,
    "grossProfitRatio": 0.3870253634,
    "researchAndDevelopmentExpenses": 0,
    "generalAndAdministrativeExpenses": 0,
    "sellingAndMarketingExpenses": 0,
    "sellingGeneralAndAdministrativeExpenses": 0,
    "otherExpenses": 104239000,
    "operatingExpenses": 104239000,
    "costAndExpenses": 467527000,
    "interestIncome": 0,
    "interestExpense": 12009000,
    "depreciationAndAmortization": 31797000,
    "ebitda": 156934000,
    "ebitdaratio": 0.2647942173,
    "operatingIncome": 125137000,
    "operatingIncomeRatio": 0.2111432447,
    "totalOtherIncomeExpensesNet": -12009000,
    "incomeBeforeTax": 113128000,
    "incomeBeforeTaxRatio": 0.1908804989,
    "incomeTaxExpense": 44596000,
    "netIncome": 59208000,
    "netIncomeRatio": 0.0999014619,
    "eps": 0.48,
    "epsdiluted": 0.57,
    "weightedAverageShsOut": 124402000,
    "weightedAverageShsOutDil": 103374000,
    "link": "https://www.sec.gov/Archives/edgar/data/1039684/000095013499002934/0000950134-99-002934-index.html",
    "finalLink": "https://www.sec.gov/Archives/edgar/data/1039684/"
  },
  {
    "date": "1998-11-30",
    "symbol": "OKE",
    "reportedCurrency": "USD",
    "cik": "0001039684",
    "fillingDate": "1999-01-13",
    "acceptedDate": "1999-01-13 00:00:00",
    "calendarYear": "1998",
    "period": "Q4",
    "revenue": 387471000,
    "costOfRevenue": 239836000,
    "grossProfit": 147635000,
    "grossProfitRatio": 0.3810220636,
    "researchAndDevelopmentExpenses": 0,
    "generalAndAdministrativeExpenses": 0,
    "sellingAndMarketingExpenses": 0,
    "sellingGeneralAndAdministrativeExpenses": 0,
    "otherExpenses": 112643000,
    "operatingExpenses": 112643000,
    "costAndExpenses": 352479000,
    "interestIncome": 0,
    "interestExpense": 11355000,
    "depreciationAndAmortization": 31138000,
    "ebitda": 66130000,
    "ebitdaratio": 0.1706708373,
    "operatingIncome": 34992000,
    "operatingIncomeRatio": 0.0903086941,
    "totalOtherIncomeExpensesNet": -6362000,
    "incomeBeforeTax": 23637000,
    "incomeBeforeTaxRatio": 0.0610032751,
    "incomeTaxExpense": 9387000,
    "netIncome": 14250000,
    "netIncomeRatio": 0.0367769459,
    "eps": 0.11,
    "epsdiluted": 0.11,
    "weightedAverageShsOut": 126140000,
    "weightedAverageShsOutDil": 126312000,
    "link": "https://www.sec.gov/Archives/edgar/data/1039684/000095013499000162/0000950134-99-000162-index.html",
    "finalLink": "https://www.sec.gov/Archives/edgar/data/1039684/"
  },
  {
    "date": "1998-08-31",
    "symbol": "OKE",
    "reportedCurrency": "USD",
    "cik": "0001039684",
    "fillingDate": "1998-09-22",
    "acceptedDate": "1998-09-22 00:00:00",
    "calendarYear": "1998",
    "period": "Q3",
    "revenue": 355140000,
    "costOfRevenue": 248399000,
    "grossProfit": 106741000,
    "grossProfitRatio": 0.3005603424,
    "researchAndDevelopmentExpenses": 0,
    "generalAndAdministrativeExpenses": 0,
    "sellingAndMarketingExpenses": 0,
    "sellingGeneralAndAdministrativeExpenses": 0,
    "otherExpenses": 113577000,
    "operatingExpenses": 113577000,
    "costAndExpenses": 361976000,
    "interestIncome": 0,
    "interestExpense": 13996000,
    "depreciationAndAmortization": 26300000,
    "ebitda": 24065000,
    "ebitdaratio": 0.0677620093,
    "operatingIncome": -6836000,
    "operatingIncomeRatio": -0.019248747,
    "totalOtherIncomeExpensesNet": -9395000,
    "incomeBeforeTax": -16231000,
    "incomeBeforeTaxRatio": -0.045703103,
    "incomeTaxExpense": -4734000,
    "netIncome": -11497000,
    "netIncomeRatio": -0.0323731486,
    "eps": -0.0915,
    "epsdiluted": -0.0911,
    "weightedAverageShsOut": 125703600,
    "weightedAverageShsOutDil": 126140000,
    "link": "https://www.sec.gov/Archives/edgar/data/1039684/000095013498007714/0000950134-98-007714-index.html",
    "finalLink": "https://www.sec.gov/Archives/edgar/data/1039684/"
  },
  {
    "date": "1998-05-31",
    "symbol": "OKE",
    "reportedCurrency": "USD",
    "cik": "0001039684",
    "fillingDate": "1998-06-26",
    "acceptedDate": "1998-06-26 00:00:00",
    "calendarYear": "1998",
    "period": "Q2",
    "revenue": 444048000,
    "costOfRevenue": 287633000,
    "grossProfit": 156415000,
    "grossProfitRatio": 0.3522479552,
    "researchAndDevelopmentExpenses": 0,
    "generalAndAdministrativeExpenses": 0,
    "sellingAndMarketingExpenses": 0,
    "sellingGeneralAndAdministrativeExpenses": 0,
    "otherExpenses": 106365000,
    "operatingExpenses": 106365000,
    "costAndExpenses": 393998000,
    "interestIncome": 0,
    "interestExpense": 5844000,
    "depreciationAndAmortization": 28301000,
    "ebitda": 78351000,
    "ebitdaratio": 0.1764471408,
    "operatingIncome": 50050000,
    "operatingIncomeRatio": 0.11271304,
    "totalOtherIncomeExpensesNet": -5844000,
    "incomeBeforeTax": 44206000,
    "incomeBeforeTaxRatio": 0.0995523007,
    "incomeTaxExpense": 17270000,
    "netIncome": 26936000,
    "netIncomeRatio": 0.0606601088,
    "eps": 0.21,
    "epsdiluted": 0.13,
    "weightedAverageShsOut": 126144000,
    "weightedAverageShsOutDil": 121798000,
    "link": "https://www.sec.gov/Archives/edgar/data/1039684/000095013498005519/0000950134-98-005519-index.html",
    "finalLink": "https://www.sec.gov/Archives/edgar/data/1039684/"
  },
  {
    "date": "1998-02-28",
    "symbol": "OKE",
    "reportedCurrency": "USD",
    "cik": "0001039684",
    "fillingDate": "1998-04-06",
    "acceptedDate": "1998-04-06 00:00:00",
    "calendarYear": "1998",
    "period": "Q1",
    "revenue": 722054000,
    "costOfRevenue": 474704000,
    "grossProfit": 247350000,
    "grossProfitRatio": 0.3425644065,
    "researchAndDevelopmentExpenses": 0,
    "generalAndAdministrativeExpenses": 0,
    "sellingAndMarketingExpenses": 0,
    "sellingGeneralAndAdministrativeExpenses": 0,
    "otherExpenses": 116101000,
    "operatingExpenses": 116101000,
    "costAndExpenses": 590805000,
    "interestIncome": 0,
    "interestExpense": 10802000,
    "depreciationAndAmortization": 29539000,
    "ebitda": 160788000,
    "ebitdaratio": 0.2226814061,
    "operatingIncome": 131249000,
    "operatingIncomeRatio": 0.1817717234,
    "totalOtherIncomeExpensesNet": -10802000,
    "incomeBeforeTax": 120447000,
    "incomeBeforeTaxRatio": 0.1668116235,
    "incomeTaxExpense": 46611000,
    "netIncome": 64860000,
    "netIncomeRatio": 0.0898270766,
    "eps": 0.52,
    "epsdiluted": 0.36,
    "weightedAverageShsOut": 125864000,
    "weightedAverageShsOutDil": 121798000,
    "link": "https://www.sec.gov/Archives/edgar/data/1039684/000095013498002991/0000950134-98-002991-index.html",
    "finalLink": "https://www.sec.gov/Archives/edgar/data/1039684/"
  },
  {
    "date": "1997-11-30",
    "symbol": "OKE",
    "reportedCurrency": "USD",
    "cik": "0001039684",
    "fillingDate": "1998-01-14",
    "acceptedDate": "1998-01-14 00:00:00",
    "calendarYear": "1997",
    "period": "Q4",
    "revenue": 314160000,
    "costOfRevenue": 209273000,
    "grossProfit": 104887000,
    "grossProfitRatio": 0.3338649096,
    "researchAndDevelopmentExpenses": 0,
    "generalAndAdministrativeExpenses": 0,
    "sellingAndMarketingExpenses": 0,
    "sellingGeneralAndAdministrativeExpenses": 0,
    "otherExpenses": 76401000,
    "operatingExpenses": 76401000,
    "costAndExpenses": 285674000,
    "interestIncome": 0,
    "interestExpense": 8528000,
    "depreciationAndAmortization": 17513000,
    "ebitda": 45999000,
    "ebitdaratio": 0.1464190222,
    "operatingIncome": 28486000,
    "operatingIncomeRatio": 0.0906735421,
    "totalOtherIncomeExpensesNet": -8528000,
    "incomeBeforeTax": 19958000,
    "incomeBeforeTaxRatio": 0.0635281385,
    "incomeTaxExpense": 7438000,
    "netIncome": 12520000,
    "netIncomeRatio": 0.0398523046,
    "eps": 0.11,
    "epsdiluted": 0.11,
    "weightedAverageShsOut": 113072000,
    "weightedAverageShsOutDil": 117456000,
    "link": "https://www.sec.gov/Archives/edgar/data/1039684/000095013498000227/0000950134-98-000227-index.html",
    "finalLink": "https://www.sec.gov/Archives/edgar/data/1039684/"
  },
  {
    "date": "1997-08-31",
    "symbol": "OKE",
    "reportedCurrency": "USD",
    "cik": "0001039684",
    "fillingDate": "1997-08-31",
    "acceptedDate": "1997-08-31 00:00:00",
    "calendarYear": "1997",
    "period": "Q3",
    "revenue": 207900000,
    "costOfRevenue": 81300000,
    "grossProfit": 126600000,
    "grossProfitRatio": 0.6089466089,
    "researchAndDevelopmentExpenses": 0,
    "generalAndAdministrativeExpenses": 0,
    "sellingAndMarketingExpenses": 0,
    "sellingGeneralAndAdministrativeExpenses": 0,
    "otherExpenses": 128000000,
    "operatingExpenses": 128000000,
    "costAndExpenses": 209300000,
    "interestIncome": 0,
    "interestExpense": 8400000,
    "depreciationAndAmortization": 18800000,
    "ebitda": 17400000,
    "ebitdaratio": 0.0836940837,
    "operatingIncome": -1400000,
    "operatingIncomeRatio": -0.0067340067,
    "totalOtherIncomeExpensesNet": -8400000,
    "incomeBeforeTax": -9800000,
    "incomeBeforeTaxRatio": -0.0471380471,
    "incomeTaxExpense": -4900000,
    "netIncome": -4900000,
    "netIncomeRatio": -0.0235690236,
    "eps": -0.0438,
    "epsdiluted": -0.0438,
    "weightedAverageShsOut": 111789655,
    "weightedAverageShsOutDil": 111836735,
    "link": null,
    "finalLink": null
  },
  {
    "date": "1997-05-31",
    "symbol": "OKE",
    "reportedCurrency": "USD",
    "cik": "0001039684",
    "fillingDate": "1997-05-31",
    "acceptedDate": "1997-05-31 00:00:00",
    "calendarYear": "1997",
    "period": "Q2",
    "revenue": 231600000,
    "costOfRevenue": 138000000,
    "grossProfit": 93600000,
    "grossProfitRatio": 0.4041450777,
    "researchAndDevelopmentExpenses": 0,
    "generalAndAdministrativeExpenses": 0,
    "sellingAndMarketingExpenses": 0,
    "sellingGeneralAndAdministrativeExpenses": 0,
    "otherExpenses": 63700000,
    "operatingExpenses": 63700000,
    "costAndExpenses": 201700000,
    "interestIncome": 0,
    "interestExpense": 7900000,
    "depreciationAndAmortization": 19700000,
    "ebitda": 49600000,
    "ebitdaratio": 0.2141623489,
    "operatingIncome": 29900000,
    "operatingIncomeRatio": 0.1291018998,
    "totalOtherIncomeExpensesNet": -8100000,
    "incomeBeforeTax": 22000000,
    "incomeBeforeTaxRatio": 0.0949913644,
    "incomeTaxExpense": 8200000,
    "netIncome": 13700000,
    "netIncomeRatio": 0.0591537133,
    "eps": 0.12,
    "epsdiluted": 0.12,
    "weightedAverageShsOut": 111836735,
    "weightedAverageShsOutDil": 111836735,
    "link": null,
    "finalLink": null
  },
  {
    "date": "1997-02-28",
    "symbol": "OKE",
    "reportedCurrency": "USD",
    "cik": "0001039684",
    "fillingDate": "1997-02-28",
    "acceptedDate": "1997-02-28 00:00:00",
    "calendarYear": "1997",
    "period": "Q1",
    "revenue": 473700000,
    "costOfRevenue": 344100000,
    "grossProfit": 129600000,
    "grossProfitRatio": 0.2735908803,
    "researchAndDevelopmentExpenses": 0,
    "generalAndAdministrativeExpenses": 0,
    "sellingAndMarketingExpenses": 0,
    "sellingGeneralAndAdministrativeExpenses": 0,
    "otherExpenses": 58400000,
    "operatingExpenses": 58400000,
    "costAndExpenses": 402500000,
    "interestIncome": 0,
    "interestExpense": 9200000,
    "depreciationAndAmortization": 19000000,
    "ebitda": 90200000,
    "ebitdaratio": 0.190415875,
    "operatingIncome": 71200000,
    "operatingIncomeRatio": 0.1503061009,
    "totalOtherIncomeExpensesNet": -9100000,
    "incomeBeforeTax": 62000000,
    "incomeBeforeTaxRatio": 0.1308845261,
    "incomeTaxExpense": 23800000,
    "netIncome": 38100000,
    "netIncomeRatio": 0.0804306523,
    "eps": 0.35,
    "epsdiluted": 0.35,
    "weightedAverageShsOut": 109640288,
    "weightedAverageShsOutDil": 109640288,
    "link": null,
    "finalLink": null
  },
  {
    "date": "1996-11-30",
    "symbol": "OKE",
    "reportedCurrency": "USD",
    "cik": "0001039684",
    "fillingDate": "1996-11-30",
    "acceptedDate": "1996-11-30 00:00:00",
    "calendarYear": "1996",
    "period": "Q4",
    "revenue": 248800000,
    "costOfRevenue": 147400000,
    "grossProfit": 101400000,
    "grossProfitRatio": 0.4075562701,
    "researchAndDevelopmentExpenses": 0,
    "generalAndAdministrativeExpenses": 0,
    "sellingAndMarketingExpenses": 0,
    "sellingGeneralAndAdministrativeExpenses": 0,
    "otherExpenses": 72700000,
    "operatingExpenses": 72700000,
    "costAndExpenses": 220100000,
    "interestIncome": 0,
    "interestExpense": 8800000,
    "depreciationAndAmortization": 17000000,
    "ebitda": 45700000,
    "ebitdaratio": 0.183681672,
    "operatingIncome": 28700000,
    "operatingIncomeRatio": 0.1153536977,
    "totalOtherIncomeExpensesNet": -8800000,
    "incomeBeforeTax": 19900000,
    "incomeBeforeTaxRatio": 0.0799839228,
    "incomeTaxExpense": 7700000,
    "netIncome": 12100000,
    "netIncomeRatio": 0.0486334405,
    "eps": 0.11,
    "epsdiluted": 0.11,
    "weightedAverageShsOut": 110000000,
    "weightedAverageShsOutDil": 110000000,
    "link": null,
    "finalLink": null
  },
  {
    "date": "1996-08-31",
    "symbol": "OKE",
    "reportedCurrency": "USD",
    "cik": "0001039684",
    "fillingDate": "1996-08-31",
    "acceptedDate": "1996-08-31 00:00:00",
    "calendarYear": "1996",
    "period": "Q3",
    "revenue": 231400000,
    "costOfRevenue": 151200000,
    "grossProfit": 80200000,
    "grossProfitRatio": 0.3465859983,
    "researchAndDevelopmentExpenses": 0,
    "generalAndAdministrativeExpenses": 0,
    "sellingAndMarketingExpenses": 0,
    "sellingGeneralAndAdministrativeExpenses": 0,
    "otherExpenses": 82000000,
    "operatingExpenses": 82000000,
    "costAndExpenses": 233200000,
    "interestIncome": 0,
    "interestExpense": 8000000,
    "depreciationAndAmortization": 16500000,
    "ebitda": 14700000,
    "ebitdaratio": 0.0635263613,
    "operatingIncome": -1800000,
    "operatingIncomeRatio": -0.0077787381,
    "totalOtherIncomeExpensesNet": -8000000,
    "incomeBeforeTax": -9800000,
    "incomeBeforeTaxRatio": -0.0423509075,
    "incomeTaxExpense": -3900000,
    "netIncome": -5900000,
    "netIncomeRatio": -0.0254969749,
    "eps": -0.0544,
    "epsdiluted": -0.0534,
    "weightedAverageShsOut": 108450657,
    "weightedAverageShsOutDil": 110476190,
    "link": null,
    "finalLink": null
  },
  {
    "date": "1996-05-31",
    "symbol": "OKE",
    "reportedCurrency": "USD",
    "cik": "0001039684",
    "fillingDate": "1996-05-31",
    "acceptedDate": "1996-05-31 00:00:00",
    "calendarYear": "1996",
    "period": "Q2",
    "revenue": 289700000,
    "costOfRevenue": 181400000,
    "grossProfit": 108300000,
    "grossProfitRatio": 0.3738350017,
    "researchAndDevelopmentExpenses": 0,
    "generalAndAdministrativeExpenses": 0,
    "sellingAndMarketingExpenses": 0,
    "sellingGeneralAndAdministrativeExpenses": 0,
    "otherExpenses": 80400000,
    "operatingExpenses": 80400000,
    "costAndExpenses": 261800000,
    "interestIncome": 0,
    "interestExpense": 8500000,
    "depreciationAndAmortization": 29800000,
    "ebitda": 57700000,
    "ebitdaratio": 0.1991715568,
    "operatingIncome": 27900000,
    "operatingIncomeRatio": 0.096306524,
    "totalOtherIncomeExpensesNet": -8500000,
    "incomeBeforeTax": 19400000,
    "incomeBeforeTaxRatio": 0.0669658267,
    "incomeTaxExpense": 7700000,
    "netIncome": 11600000,
    "netIncomeRatio": 0.0400414222,
    "eps": 0.11,
    "epsdiluted": 0.11,
    "weightedAverageShsOut": 110476190,
    "weightedAverageShsOutDil": 110476190,
    "link": null,
    "finalLink": null
  },
  {
    "date": "1996-02-29",
    "symbol": "OKE",
    "reportedCurrency": "USD",
    "cik": "0001039684",
    "fillingDate": "1996-02-29",
    "acceptedDate": "1996-02-29 00:00:00",
    "calendarYear": "1996",
    "period": "Q1",
    "revenue": 464700000,
    "costOfRevenue": 323800000,
    "grossProfit": 140900000,
    "grossProfitRatio": 0.3032063697,
    "researchAndDevelopmentExpenses": 0,
    "generalAndAdministrativeExpenses": 0,
    "sellingAndMarketingExpenses": 0,
    "sellingGeneralAndAdministrativeExpenses": 0,
    "otherExpenses": 69400000,
    "operatingExpenses": 69400000,
    "costAndExpenses": 393200000,
    "interestIncome": 0,
    "interestExpense": 9200000,
    "depreciationAndAmortization": 13200000,
    "ebitda": 84700000,
    "ebitdaratio": 0.18226813,
    "operatingIncome": 71500000,
    "operatingIncomeRatio": 0.1538627071,
    "totalOtherIncomeExpensesNet": -9200000,
    "incomeBeforeTax": 62300000,
    "incomeBeforeTaxRatio": 0.1340649882,
    "incomeTaxExpense": 23800000,
    "netIncome": 38400000,
    "netIncomeRatio": 0.0826339574,
    "eps": 0.36,
    "epsdiluted": 0.36,
    "weightedAverageShsOut": 108169014,
    "weightedAverageShsOutDil": 108169014,
    "link": null,
    "finalLink": null
  },
  {
    "date": "1995-11-30",
    "symbol": "OKE",
    "reportedCurrency": "USD",
    "cik": "0001039684",
    "fillingDate": "1995-11-30",
    "acceptedDate": "1995-11-30 00:00:00",
    "calendarYear": "1995",
    "period": "Q4",
    "revenue": 238500000,
    "costOfRevenue": 151300000,
    "grossProfit": 87200000,
    "grossProfitRatio": 0.3656184486,
    "researchAndDevelopmentExpenses": 0,
    "generalAndAdministrativeExpenses": 0,
    "sellingAndMarketingExpenses": 0,
    "sellingGeneralAndAdministrativeExpenses": 0,
    "otherExpenses": 64400000,
    "operatingExpenses": 64400000,
    "costAndExpenses": 215700000,
    "interestIncome": 0,
    "interestExpense": 9100000,
    "depreciationAndAmortization": 13500000,
    "ebitda": 36300000,
    "ebitdaratio": 0.1522012579,
    "operatingIncome": 22800000,
    "operatingIncomeRatio": 0.0955974843,
    "totalOtherIncomeExpensesNet": -9100000,
    "incomeBeforeTax": 13700000,
    "incomeBeforeTaxRatio": 0.057442348,
    "incomeTaxExpense": 5300000,
    "netIncome": 8300000,
    "netIncomeRatio": 0.0348008386,
    "eps": 0.0775,
    "epsdiluted": 0.0775,
    "weightedAverageShsOut": 107096774,
    "weightedAverageShsOutDil": 107096774,
    "link": null,
    "finalLink": null
  },
  {
    "date": "1995-08-31",
    "symbol": "OKE",
    "reportedCurrency": "USD",
    "cik": "0001039684",
    "fillingDate": "1995-08-31",
    "acceptedDate": "1995-08-31 00:00:00",
    "calendarYear": "1995",
    "period": "Q3",
    "revenue": 191800000,
    "costOfRevenue": 112100000,
    "grossProfit": 79700000,
    "grossProfitRatio": 0.4155370177,
    "researchAndDevelopmentExpenses": 0,
    "generalAndAdministrativeExpenses": 0,
    "sellingAndMarketingExpenses": 0,
    "sellingGeneralAndAdministrativeExpenses": 0,
    "otherExpenses": 75700000,
    "operatingExpenses": 75700000,
    "costAndExpenses": 187800000,
    "interestIncome": 0,
    "interestExpense": 8500000,
    "depreciationAndAmortization": 9200000,
    "ebitda": 13200000,
    "ebitdaratio": 0.0688216893,
    "operatingIncome": 4000000,
    "operatingIncomeRatio": 0.0208550574,
    "totalOtherIncomeExpensesNet": -8500000,
    "incomeBeforeTax": -4500000,
    "incomeBeforeTaxRatio": -0.0234619395,
    "incomeTaxExpense": -2200000,
    "netIncome": -2300000,
    "netIncomeRatio": -0.011991658,
    "eps": -0.0214,
    "epsdiluted": -0.0213,
    "weightedAverageShsOut": 107450921,
    "weightedAverageShsOutDil": 107878788,
    "link": null,
    "finalLink": null
  }
]