[
  {
    "date": "2024-12-31",
    "symbol": "OKE",
    "reportedCurrency": "USD",
    "cik": "0001039684",
    "fillingDate": "2025-02-25",
    "acceptedDate": "2025-02-25 16:21:23",
    "calendarYear": "2024",
    "period": "FY",
    "revenue": 21638000000,
    "costOfRevenue": 16588000000,
    "grossProfit": 5050000000,
    "grossProfitRatio": 0.2333857103,
    "researchAndDevelopmentExpenses": 0,
    "generalAndAdministrativeExpenses": 0,
    "sellingAndMarketingExpenses": 0,
    "sellingGeneralAndAdministrativeExpenses": 0,
    "otherExpenses": 29000000,
    "operatingExpenses": 29000000,
    "costAndExpenses": 16617000000,
    "interestIncome": 0,
    "interestExpense": 1351000000,
    "depreciationAndAmortization": 1134000000,
    "ebitda": 6595000000,
    "ebitdaratio": 0.3047878732,
    "operatingIncome": 5021000000,
    "operatingIncomeRatio": 0.2320454756,
    "totalOtherIncomeExpensesNet": -911000000,
    "incomeBeforeTax": 4110000000,
    "incomeBeforeTaxRatio": 0.1899436177,
    "incomeTaxExpense": 998000000,
    "netIncome": 3035000000,
    "netIncomeRatio": 0.1402625012,
    "eps": 5.19,
    "epsdiluted": 5.17,
    "weightedAverageShsOut": 586500000,
    "weightedAverageShsOutDil": 586500000,
    "link": "https://www.sec.gov/Archives/edgar/data/1039684/000103968425000036/0001039684-25-000036-index.htm",
    "finalLink": "https://www.sec.gov/Archives/edgar/data/1039684/000103968425000036/oke-20241231.htm"
  },
  {
    "date": "2023-12-31",
    "symbol": "OKE",
    "reportedCurrency": "USD",
    "cik": "0001039684",
    "fillingDate": "2024-02-27",
    "acceptedDate": "2024-02-27 16:18:54",
    "calendarYear": "2023",
    "period": "FY",
    "revenue": 17677000000,
    "costOfRevenue": 11929000000,
    "grossProfit": 5748000000,
    "grossProfitRatio": 0.3251682978,
    "researchAndDevelopmentExpenses": 0,
    "generalAndAdministrativeExpenses": 0,
    "sellingAndMarketingExpenses": 0,
    "sellingGeneralAndAdministrativeExpenses": 0,
    "otherExpenses": 1676000000,
    "operatingExpenses": 1676000000,
    "costAndExpenses": 13605000000,
    "interestIncome": 0,
    "interestExpense": 845000000,
    "depreciationAndAmortization": 769000000,
    "ebitda": 5111000000,
    "ebitdaratio": 0.2891327714,
    "operatingIncome": 4072000000,
    "operatingIncomeRatio": 0.2303558296,
    "totalOtherIncomeExpensesNet": -575000000,
    "incomeBeforeTax": 3497000000,
    "incomeBeforeTaxRatio": 0.1978276857,
    "incomeTaxExpense": 838000000,
    "netIncome": 2659000000,
    "netIncomeRatio": 0.1504214516,
    "eps": 5.49,
    "epsdiluted": 5.48,
    "weightedAverageShsOut": 484300000,
    "weightedAverageShsOutDil": 485400000,
    "link": "https://www.sec.gov/Archives/edgar/data/1039684/000103968424000015/0001039684-24-000015-index.htm",
    "finalLink": "https://www.sec.gov/Archives/edgar/data/1039684/000103968424000015/oke-20231231.htm"
  },
  {
    "date": "2022-12-31",
    "symbol": "OKE",
    "reportedCurrency": "USD",
    "cik": "0001039684",
    "fillingDate": "2023-02-28",
    "acceptedDate": "2023-02-28 16:33:50",
    "calendarYear": "2022",
    "period": "FY",
    "revenue": 22870517000,
    "costOfRevenue": 19751132000,
    "grossProfit": 3119385000,
    "grossProfitRatio": 0.1363932875,
    "researchAndDevelopmentExpenses": 0,
    "generalAndAdministrativeExpenses": 0,
    "sellingAndMarketingExpenses": 0,
    "sellingGeneralAndAdministrativeExpenses": 0,
    "otherExpenses": 85229000,
    "operatingExpenses": 85229000,
    "costAndExpenses": 19836361000,
    "interestIncome": 0,
    "interestExpense": 641731000,
    "depreciationAndAmortization": 626132000,
    "ebitda": 3517508000,
    "ebitdaratio": 0.1538009832,
    "operatingIncome": 3034156000,
    "operatingIncomeRatio": 0.1326666992,
    "totalOtherIncomeExpensesNet": -784511000,
    "incomeBeforeTax": 2249645000,
    "incomeBeforeTaxRatio": 0.0983644139,
    "incomeTaxExpense": 527424000,
    "netIncome": 1722000000,
    "netIncomeRatio": 0.0752934444,
    "eps": 3.85,
    "epsdiluted": 3.84,
    "weightedAverageShsOut": 447507000,
    "weightedAverageShsOutDil": 448447000,
    "link": "https://www.sec.gov/Archives/edgar/data/1039684/000103968423000016/0001039684-23-000016-index.htm",
    "finalLink": "https://www.sec.gov/Archives/edgar/data/1039684/000103968423000016/oke-20221231.htm"
  },
  {
    "date": "2021-12-31",
    "symbol": "OKE",
    "reportedCurrency": "USD",
    "cik": "0001039684",
    "fillingDate": "2022-03-01",
    "acceptedDate": "2022-03-01 16:06:09",
    "calendarYear": "2021",
    "period": "FY",
    "revenue": 17272102000,
    "costOfRevenue": 14252388000,
    "grossProfit": 3019714000,
    "grossProfitRatio": 0.1748318763,
    "researchAndDevelopmentExpenses": 0,
    "generalAndAdministrativeExpenses": 0,
    "sellingAndMarketingExpenses": 0,
    "sellingGeneralAndAdministrativeExpenses": 0,
    "otherExpenses": 166668000,
    "operatingExpenses": 166668000,
    "costAndExpenses": 14419056000,
    "interestIncome": 0,
    "interestExpense": 692972000,
    "depreciationAndAmortization": 621701000,
    "ebitda": 3298877000,
    "ebitdaratio": 0.1909945298,
    "operatingIncome": 2853046000,
    "operatingIncomeRatio": 0.165182327,
    "totalOtherIncomeExpensesNet": -868842000,
    "incomeBeforeTax": 1984204000,
    "incomeBeforeTaxRatio": 0.114879127,
    "incomeTaxExpense": 484498000,
    "netIncome": 1500000000,
    "netIncomeRatio": 0.0868452491,
    "eps": 3.36,
    "epsdiluted": 3.35,
    "weightedAverageShsOut": 446403000,
    "weightedAverageShsOutDil": 447403000,
    "link": "https://www.sec.gov/Archives/edgar/data/1039684/000103968422000015/0001039684-22-000015-index.htm",
    "finalLink": "https://www.sec.gov/Archives/edgar/data/1039684/000103968422000015/oke-20211231.htm"
  },
  {
    "date": "2020-12-31",
    "symbol": "OKE",
    "reportedCurrency": "USD",
    "cik": "0001039684",
    "fillingDate": "2021-02-23",
    "acceptedDate": "2021-02-23 16:08:22",
    "calendarYear": "2020",
    "period": "FY",
    "revenue": 8456806000,
    "costOfRevenue": 6430814000,
    "grossProfit": 2025992000,
    "grossProfitRatio": 0.2395694072,
    "researchAndDevelopmentExpenses": 0,
    "generalAndAdministrativeExpenses": 0,
    "sellingAndMarketingExpenses": 0,
    "sellingGeneralAndAdministrativeExpenses": 0,
    "otherExpenses": 125028000,
    "operatingExpenses": 125028000,
    "costAndExpenses": 6555842000,
    "interestIncome": 0,
    "interestExpense": 619210000,
    "depreciationAndAmortization": 578662000,
    "ebitda": 2000187999,
    "ebitdaratio": 0.2365181369,
    "operatingIncome": 1900964000,
    "operatingIncomeRatio": 0.2247851021,
    "totalOtherIncomeExpensesNet": -1098648000,
    "incomeBeforeTax": 802316000,
    "incomeBeforeTaxRatio": 0.0948722248,
    "incomeTaxExpense": 189507000,
    "netIncome": 612809000,
    "netIncomeRatio": 0.0724634099,
    "eps": 1.42,
    "epsdiluted": 1.42,
    "weightedAverageShsOut": 431105000,
    "weightedAverageShsOutDil": 431782000,
    "link": "https://www.sec.gov/Archives/edgar/data/1039684/000103968421000015/0001039684-21-000015-index.htm",
    "finalLink": "https://www.sec.gov/Archives/edgar/data/1039684/000103968421000015/oke-20201231.htm"
  },
  {
    "date": "2019-12-31",
    "symbol": "OKE",
    "reportedCurrency": "USD",
    "cik": "0001039684",
    "fillingDate": "2020-02-25",
    "acceptedDate": "2020-02-25 16:08:55",
    "calendarYear": "2019",
    "period": "FY",
    "revenue": 10114022000,
    "costOfRevenue": 8128283000,
    "grossProfit": 1985739000,
    "grossProfitRatio": 0.1963352463,
    "researchAndDevelopmentExpenses": 0,
    "generalAndAdministrativeExpenses": 0,
    "sellingAndMarketingExpenses": 0,
    "sellingGeneralAndAdministrativeExpenses": 0,
    "otherExpenses": -119156000,
    "operatingExpenses": 119156000,
    "costAndExpenses": 8247439000,
    "interestIncome": 0,
    "interestExpense": 468543000,
    "depreciationAndAmortization": 476535000,
    "ebitda": 2596069000,
    "ebitdaratio": 0.2566801812,
    "operatingIncome": 1866583000,
    "operatingIncomeRatio": 0.1845539786,
    "totalOtherIncomeExpensesNet": -215592000,
    "incomeBeforeTax": 1650991000,
    "incomeBeforeTaxRatio": 0.1632378296,
    "incomeTaxExpense": 372414000,
    "netIncome": 1278577000,
    "netIncomeRatio": 0.1264162763,
    "eps": 3.09,
    "epsdiluted": 3.08,
    "weightedAverageShsOut": 413560000,
    "weightedAverageShsOutDil": 415444000,
    "link": "https://www.sec.gov/Archives/edgar/data/1039684/000103968420000012/0001039684-20-000012-index.htm",
    "finalLink": "https://www.sec.gov/Archives/edgar/data/1039684/000103968420000012/oke10-k2019.htm"
  },
  {
    "date": "2018-12-31",
    "symbol": "OKE",
    "reportedCurrency": "USD",
    "cik": "0001039684",
    "fillingDate": "2019-02-26",
    "acceptedDate": "2019-02-26 16:06:41",
    "calendarYear": "2018",
    "period": "FY",
    "revenue": 12622932000,
    "costOfRevenue": 10654411000,
    "grossProfit": 1968521000,
    "grossProfitRatio": 0.155948,
    "researchAndDevelopmentExpenses": 0,
    "generalAndAdministrativeExpenses": 0,
    "sellingAndMarketingExpenses": 0,
    "sellingGeneralAndAdministrativeExpenses": 0,
    "otherExpenses": -103922000,
    "operatingExpenses": 103922000,
    "costAndExpenses": 10758333000,
    "interestIncome": 0,
    "interestExpense": 451333000,
    "depreciationAndAmortization": 428557000,
    "ebitda": 2397825000,
    "ebitdaratio": 0.1899578481,
    "operatingIncome": 1864599000,
    "operatingIncomeRatio": 0.1477152059,
    "totalOtherIncomeExpensesNet": -346664000,
    "incomeBeforeTax": 1517935000,
    "incomeBeforeTaxRatio": 0.1202521728,
    "incomeTaxExpense": 362903000,
    "netIncome": 1151703000,
    "netIncomeRatio": 0.0912389451,
    "eps": 2.8,
    "epsdiluted": 2.78,
    "weightedAverageShsOut": 411485000,
    "weightedAverageShsOutDil": 414195000,
    "link": "https://www.sec.gov/Archives/edgar/data/1039684/000103968419000016/0001039684-19-000016-index.htm",
    "finalLink": "https://www.sec.gov/Archives/edgar/data/1039684/000103968419000016/oke10-k2018.htm"
  },
  {
    "date": "2017-12-31",
    "symbol": "OKE",
    "reportedCurrency": "USD",
    "cik": "0001039684",
    "fillingDate": "2018-02-27",
    "acceptedDate": "2018-02-27 16:35:36",
    "calendarYear": "2017",
    "period": "FY",
    "revenue": 12243256000,
    "costOfRevenue": 10638694000,
    "grossProfit": 1604562000,
    "grossProfitRatio": 0.1310568038,
    "researchAndDevelopmentExpenses": 0,
    "generalAndAdministrativeExpenses": 0,
    "sellingAndMarketingExpenses": 0,
    "sellingGeneralAndAdministrativeExpenses": 0,
    "otherExpenses": -98396000,
    "operatingExpenses": 98396000,
    "costAndExpenses": 10737090000,
    "interestIncome": 0,
    "interestExpense": 464633000,
    "depreciationAndAmortization": 406335000,
    "ebitda": 1911769000,
    "ebitdaratio": 0.1561487402,
    "operatingIncome": 1506166000,
    "operatingIncomeRatio": 0.1230200528,
    "totalOtherIncomeExpensesNet": -465365000,
    "incomeBeforeTax": 1040800999,
    "incomeBeforeTaxRatio": 0.0850101475,
    "incomeTaxExpense": 447282000,
    "netIncome": 387841000,
    "netIncomeRatio": 0.0316779295,
    "eps": 1.3,
    "epsdiluted": 1.29,
    "weightedAverageShsOut": 297477000,
    "weightedAverageShsOutDil": 299780000,
    "link": "https://www.sec.gov/Archives/edgar/data/1039684/000103968418000021/0001039684-18-000021-index.htm",
    "finalLink": "https://www.sec.gov/Archives/edgar/data/1039684/000103968418000021/oke10-k2017.htm"
  },
  {
    "date": "2016-12-31",
    "symbol": "OKE",
    "reportedCurrency": "USD",
    "cik": "0001039684",
    "fillingDate": "2017-02-28",
    "acceptedDate": "2017-02-28 16:16:30",
    "calendarYear": "2016",
    "period": "FY",
    "revenue": 8894832000,
    "costOfRevenue": 7556044000,
    "grossProfit": 1338788000,
    "grossProfitRatio": 0.150513017,
    "researchAndDevelopmentExpenses": 0,
    "generalAndAdministrativeExpenses": 0,
    "sellingAndMarketingExpenses": 0,
    "sellingGeneralAndAdministrativeExpenses": 0,
    "otherExpenses": -88849000,
    "operatingExpenses": 88849000,
    "costAndExpenses": 7644893000,
    "interestIncome": 0,
    "interestExpense": 450436000,
    "depreciationAndAmortization": 391585000,
    "ebitda": 1799977000,
    "ebitdaratio": 0.2023621132,
    "operatingIncome": 1249939000,
    "operatingIncomeRatio": 0.140524183,
    "totalOtherIncomeExpensesNet": -291983000,
    "incomeBeforeTax": 957956000,
    "incomeBeforeTaxRatio": 0.1076980431,
    "incomeTaxExpense": 212406000,
    "netIncome": 352039000,
    "netIncomeRatio": 0.0395779257,
    "eps": 1.67,
    "epsdiluted": 1.66,
    "weightedAverageShsOut": 211128000,
    "weightedAverageShsOutDil": 212383000,
    "link": "https://www.sec.gov/Archives/edgar/data/1039684/000103968417000019/0001039684-17-000019-index.htm",
    "finalLink": "https://www.sec.gov/Archives/edgar/data/1039684/000103968417000019/oke10-k2016.htm"
  },
  {
    "date": "2015-12-31",
    "symbol": "OKE",
    "reportedCurrency": "USD",
    "cik": "0001039684",
    "fillingDate": "2016-02-23",
    "acceptedDate": "2016-02-23 16:46:06",
    "calendarYear": "2015",
    "period": "FY",
    "revenue": 7682117000,
    "costOfRevenue": 6601420000,
    "grossProfit": 1080697000,
    "grossProfitRatio": 0.1406769775,
    "researchAndDevelopmentExpenses": 0,
    "generalAndAdministrativeExpenses": 0,
    "sellingAndMarketingExpenses": 0,
    "sellingGeneralAndAdministrativeExpenses": 0,
    "otherExpenses": -87583000,
    "operatingExpenses": 87583000,
    "costAndExpenses": 6689003000,
    "interestIncome": 0,
    "interestExpense": 399222000,
    "depreciationAndAmortization": 354620000,
    "ebitda": 1275718000,
    "ebitdaratio": 0.1660633391,
    "operatingIncome": 993114000,
    "operatingIncomeRatio": 0.1292760837,
    "totalOtherIncomeExpensesNet": -471238000,
    "incomeBeforeTax": 521876000,
    "incomeBeforeTaxRatio": 0.0679338781,
    "incomeTaxExpense": 136600000,
    "netIncome": 244977000,
    "netIncomeRatio": 0.0318892566,
    "eps": 1.17,
    "epsdiluted": 1.16,
    "weightedAverageShsOut": 210208000,
    "weightedAverageShsOutDil": 210541000,
    "link": "https://www.sec.gov/Archives/edgar/data/1039684/000103968416000113/0001039684-16-000113-index.htm",
    "finalLink": "https://www.sec.gov/Archives/edgar/data/1039684/000103968416000113/oke10-k2015.htm"
  },
  {
    "date": "2014-12-31",
    "symbol": "OKE",
    "reportedCurrency": "USD",
    "cik": "0001039684",
    "fillingDate": "2015-02-25",
    "acceptedDate": "2015-02-25 08:44:27",
    "calendarYear": "2014",
    "period": "FY",
    "revenue": 12216143000,
    "costOfRevenue": 10982375000,
    "grossProfit": 1233768000,
    "grossProfitRatio": 0.1009948885,
    "researchAndDevelopmentExpenses": 0,
    "generalAndAdministrativeExpenses": 0,
    "sellingAndMarketingExpenses": 0,
    "sellingGeneralAndAdministrativeExpenses": 0,
    "otherExpenses": -75744000,
    "operatingExpenses": 75744000,
    "costAndExpenses": 11058119000,
    "interestIncome": 0,
    "interestExpense": 334197000,
    "depreciationAndAmortization": 306038000,
    "ebitda": 1448754000,
    "ebitdaratio": 0.1185934055,
    "operatingIncome": 1158024000,
    "operatingIncomeRatio": 0.0947945681,
    "totalOtherIncomeExpensesNet": -338151000,
    "incomeBeforeTax": 819873000,
    "incomeBeforeTaxRatio": 0.0671139,
    "incomeTaxExpense": 151158000,
    "netIncome": 314107000,
    "netIncomeRatio": 0.0257124528,
    "eps": 1.5,
    "epsdiluted": 1.49,
    "weightedAverageShsOut": 209391000,
    "weightedAverageShsOutDil": 210427000,
    "link": "https://www.sec.gov/Archives/edgar/data/1039684/000103968415000017/0001039684-15-000017-index.htm",
    "finalLink": "https://www.sec.gov/Archives/edgar/data/1039684/000103968415000017/oke10-k2014.htm"
  },
  {
    "date": "2013-12-31",
    "symbol": "OKE",
    "reportedCurrency": "USD",
    "cik": "0001039684",
    "fillingDate": "2014-02-25",
    "acceptedDate": "2014-02-25 17:04:24",
    "calendarYear": "2013",
    "period": "FY",
    "revenue": 14582240000,
    "costOfRevenue": 13102323000,
    "grossProfit": 1479917000,
    "grossProfitRatio": 0.1014876315,
    "researchAndDevelopmentExpenses": 0,
    "generalAndAdministrativeExpenses": 0,
    "sellingAndMarketingExpenses": 0,
    "sellingGeneralAndAdministrativeExpenses": 0,
    "otherExpenses": -118328000,
    "operatingExpenses": 118328000,
    "costAndExpenses": 13220651000,
    "interestIncome": 0,
    "interestExpense": 319646000,
    "depreciationAndAmortization": 384377000,
    "ebitda": 1444366000,
    "ebitdaratio": 0.0990496659,
    "operatingIncome": 1361589000,
    "operatingIncomeRatio": 0.0933731032,
    "totalOtherIncomeExpensesNet": -621246000,
    "incomeBeforeTax": 740343000,
    "incomeBeforeTaxRatio": 0.0507701835,
    "incomeTaxExpense": 163382000,
    "netIncome": 266533000,
    "netIncomeRatio": 0.0182779189,
    "eps": 1.29,
    "epsdiluted": 1.27,
    "weightedAverageShsOut": 206044000,
    "weightedAverageShsOutDil": 209695000,
    "link": "https://www.sec.gov/Archives/edgar/data/1039684/000103968414000019/0001039684-14-000019-index.htm",
    "finalLink": "https://www.sec.gov/Archives/edgar/data/1039684/000103968414000019/oke10-k2013.htm"
  },
  {
    "date": "2012-12-31",
    "symbol": "OKE",
    "reportedCurrency": "USD",
    "cik": "0001039684",
    "fillingDate": "2013-02-26",
    "acceptedDate": "2013-02-26 16:58:41",
    "calendarYear": "2012",
    "period": "FY",
    "revenue": 12483005000,
    "costOfRevenue": 11346563000,
    "grossProfit": 1136442000,
    "grossProfitRatio": 0.0910391368,
    "researchAndDevelopmentExpenses": 0,
    "generalAndAdministrativeExpenses": 0,
    "sellingAndMarketingExpenses": 0,
    "sellingGeneralAndAdministrativeExpenses": 0,
    "otherExpenses": -102891000,
    "operatingExpenses": 102891000,
    "costAndExpenses": 11449454000,
    "interestIncome": 0,
    "interestExpense": 295150000,
    "depreciationAndAmortization": 335852000,
    "ebitda": 1575440000,
    "ebitdaratio": 0.1262067908,
    "operatingIncome": 1033550999,
    "operatingIncomeRatio": 0.0827966502,
    "totalOtherIncomeExpensesNet": -89104999,
    "incomeBeforeTax": 944446000,
    "incomeBeforeTaxRatio": 0.0756585454,
    "incomeTaxExpense": 215195000,
    "netIncome": 360619000,
    "netIncomeRatio": 0.0288887972,
    "eps": 1.75,
    "epsdiluted": 1.71,
    "weightedAverageShsOut": 206140000,
    "weightedAverageShsOutDil": 210710000,
    "link": "https://www.sec.gov/Archives/edgar/data/1039684/000103968413000024/0001039684-13-000024-index.htm",
    "finalLink": "https://www.sec.gov/Archives/edgar/data/1039684/000103968413000024/oke10-k2012.htm"
  },
  {
    "date": "2011-12-31",
    "symbol": "OKE",
    "reportedCurrency": "USD",
    "cik": "0001039684",
    "fillingDate": "2012-02-21",
    "acceptedDate": "2012-02-21 16:08:31",
    "calendarYear": "2011",
    "period": "FY",
    "revenue": 14760106000,
    "costOfRevenue": 13685930000,
    "grossProfit": 1074176000,
    "grossProfitRatio": 0.0727756291,
    "researchAndDevelopmentExpenses": 0,
    "generalAndAdministrativeExpenses": 0,
    "sellingAndMarketingExpenses": 0,
    "sellingGeneralAndAdministrativeExpenses": 0,
    "otherExpenses": -94657000,
    "operatingExpenses": 94657000,
    "costAndExpenses": 13780587000,
    "interestIncome": 0,
    "interestExpense": 296526000,
    "depreciationAndAmortization": 312288000,
    "ebitda": 1592248000,
    "ebitdaratio": 0.107875106,
    "operatingIncome": 979519000,
    "operatingIncomeRatio": 0.0663625993,
    "totalOtherIncomeExpensesNet": 4043000,
    "incomeBeforeTax": 983562000,
    "incomeBeforeTaxRatio": 0.0666365133,
    "incomeTaxExpense": 226048000,
    "netIncome": 360594000,
    "netIncomeRatio": 0.0244303124,
    "eps": 1.72,
    "epsdiluted": 1.68,
    "weightedAverageShsOut": 209344000,
    "weightedAverageShsOutDil": 214498000,
    "link": "https://www.sec.gov/Archives/edgar/data/1039684/000103968412000027/0001039684-12-000027-index.htm",
    "finalLink": "https://www.sec.gov/Archives/edgar/data/1039684/000103968412000027/form_10-k.htm"
  },
  {
    "date": "2010-12-31",
    "symbol": "OKE",
    "reportedCurrency": "USD",
    "cik": "0001039684",
    "fillingDate": "2010-12-31",
    "acceptedDate": "2010-12-31 00:00:00",
    "calendarYear": "2010",
    "period": "FY",
    "revenue": 12860976000,
    "costOfRevenue": 11983605000,
    "grossProfit": 877371000,
    "grossProfitRatio": 0.0682196281,
    "researchAndDevelopmentExpenses": 0,
    "generalAndAdministrativeExpenses": 0,
    "sellingAndMarketingExpenses": 0,
    "sellingGeneralAndAdministrativeExpenses": 0,
    "otherExpenses": -91215000,
    "operatingExpenses": 91215000,
    "costAndExpenses": 12074820000,
    "interestIncome": 0,
    "interestExpense": 292267000,
    "depreciationAndAmortization": 307317000,
    "ebitda": 1354748000,
    "ebitdaratio": 0.1053378842,
    "operatingIncome": 786156000,
    "operatingIncomeRatio": 0.0611272426,
    "totalOtherIncomeExpensesNet": -30992000,
    "incomeBeforeTax": 755164000,
    "incomeBeforeTaxRatio": 0.0587174721,
    "incomeTaxExpense": 213834000,
    "netIncome": 334632000,
    "netIncomeRatio": 0.0260191761,
    "eps": 1.57,
    "epsdiluted": 1.55,
    "weightedAverageShsOut": 212736000,
    "weightedAverageShsOutDil": 215570000,
    "link": null,
    "finalLink": null
  },
  {
    "date": "2009-12-31",
    "symbol": "OKE",
    "reportedCurrency": "USD",
    "cik": "0001039684",
    "fillingDate": "2010-02-23",
    "acceptedDate": "2010-02-23 14:04:49",
    "calendarYear": "2009",
    "period": "FY",
    "revenue": 11297898000,
    "costOfRevenue": 10522100000,
    "grossProfit": 775797999,
    "grossProfitRatio": 0.0686674635,
    "researchAndDevelopmentExpenses": 0,
    "generalAndAdministrativeExpenses": 0,
    "sellingAndMarketingExpenses": 0,
    "sellingGeneralAndAdministrativeExpenses": 0,
    "otherExpenses": -100996000,
    "operatingExpenses": 100996000,
    "costAndExpenses": 10623096000,
    "interestIncome": 0,
    "interestExpense": 302062000,
    "depreciationAndAmortization": 288991000,
    "ebitda": 1289578000,
    "ebitdaratio": 0.1141431796,
    "operatingIncome": 674802000,
    "operatingIncomeRatio": 0.0597281016,
    "totalOtherIncomeExpensesNet": 23723000,
    "incomeBeforeTax": 698525000,
    "incomeBeforeTaxRatio": 0.0618278728,
    "incomeTaxExpense": 207321000,
    "netIncome": 305451000,
    "netIncomeRatio": 0.0270360911,
    "eps": 1.45,
    "epsdiluted": 1.44,
    "weightedAverageShsOut": 210724000,
    "weightedAverageShsOutDil": 212640000,
    "link": "https://www.sec.gov/Archives/edgar/data/1039684/000090928110000030/0000909281-10-000030-index.htm",
    "finalLink": "https://www.sec.gov/Archives/edgar/data/1039684/000090928110000030/form_10-k.htm"
  },
  {
    "date": "2008-12-31",
    "symbol": "OKE",
    "reportedCurrency": "USD",
    "cik": "0001039684",
    "fillingDate": "2009-02-25",
    "acceptedDate": "2009-02-24 17:34:00",
    "calendarYear": "2008",
    "period": "FY",
    "revenue": 16154775000,
    "costOfRevenue": 15162830000,
    "grossProfit": 991944999,
    "grossProfitRatio": 0.0614025883,
    "researchAndDevelopmentExpenses": 0,
    "generalAndAdministrativeExpenses": 0,
    "sellingAndMarketingExpenses": 0,
    "sellingGeneralAndAdministrativeExpenses": 0,
    "otherExpenses": -82315000,
    "operatingExpenses": 82315000,
    "costAndExpenses": 15245145000,
    "interestIncome": 0,
    "interestExpense": 264166999,
    "depreciationAndAmortization": 243927000,
    "ebitda": 1302632000,
    "ebitdaratio": 0.0806344873,
    "operatingIncome": 909630000,
    "operatingIncomeRatio": 0.0563071909,
    "totalOtherIncomeExpensesNet": -115092000,
    "incomeBeforeTax": 794538000,
    "incomeBeforeTaxRatio": 0.0491828577,
    "incomeTaxExpense": 194071000,
    "netIncome": 311909000,
    "netIncomeRatio": 0.0193075422,
    "eps": 1.5,
    "epsdiluted": 1.48,
    "weightedAverageShsOut": 208738000,
    "weightedAverageShsOutDil": 211520000,
    "link": "https://www.sec.gov/Archives/edgar/data/1039684/000103968409000010/0001039684-09-000010-index.htm",
    "finalLink": "https://www.sec.gov/Archives/edgar/data/1039684/000103968409000010/form_10-k.htm"
  },
  {
    "date": "2007-12-31",
    "symbol": "OKE",
    "reportedCurrency": "USD",
    "cik": "0001039684",
    "fillingDate": "2008-02-27",
    "acceptedDate": "2008-02-27 15:45:44",
    "calendarYear": "2007",
    "period": "FY",
    "revenue": 13477414000,
    "costOfRevenue": 12565545000,
    "grossProfit": 911869000,
    "grossProfitRatio": 0.0676590479,
    "researchAndDevelopmentExpenses": 0,
    "generalAndAdministrativeExpenses": 0,
    "sellingAndMarketingExpenses": 0,
    "sellingGeneralAndAdministrativeExpenses": 0,
    "otherExpenses": -85935000,
    "operatingExpenses": 85935000,
    "costAndExpenses": 12651480000,
    "interestIncome": 0,
    "interestExpense": 256325000,
    "depreciationAndAmortization": 227964000,
    "ebitda": 1167006000,
    "ebitdaratio": 0.0865897568,
    "operatingIncome": 825934000,
    "operatingIncomeRatio": 0.0612828247,
    "totalOtherIncomeExpensesNet": -143217000,
    "incomeBeforeTax": 682717000,
    "incomeBeforeTaxRatio": 0.0506563796,
    "incomeTaxExpense": 184597000,
    "netIncome": 304921000,
    "netIncomeRatio": 0.0226245925,
    "eps": 1.42,
    "epsdiluted": 1.4,
    "weightedAverageShsOut": 214692000,
    "weightedAverageShsOutDil": 218596000,
    "link": "https://www.sec.gov/Archives/edgar/data/1039684/000119312508040037/0001193125-08-040037-index.htm",
    "finalLink": "https://www.sec.gov/Archives/edgar/data/1039684/000119312508040037/d10k.htm"
  },
  {
    "date": "2006-12-31",
    "symbol": "OKE",
    "reportedCurrency": "USD",
    "cik": "0001039684",
    "fillingDate": "2007-03-01",
    "acceptedDate": "2007-02-28 18:36:04",
    "calendarYear": "2006",
    "period": "FY",
    "revenue": 11896104000,
    "costOfRevenue": 11063344000,
    "grossProfit": 832760000,
    "grossProfitRatio": 0.0700027505,
    "researchAndDevelopmentExpenses": 0,
    "generalAndAdministrativeExpenses": 0,
    "sellingAndMarketingExpenses": 0,
    "sellingGeneralAndAdministrativeExpenses": 0,
    "otherExpenses": -78086000,
    "operatingExpenses": 78086000,
    "costAndExpenses": 11141430000,
    "interestIncome": 0,
    "interestExpense": 239725000,
    "depreciationAndAmortization": 235543000,
    "ebitda": 1197709000,
    "ebitdaratio": 0.1006807775,
    "operatingIncome": 754674000,
    "operatingIncomeRatio": 0.0634387527,
    "totalOtherIncomeExpensesNet": -32233000,
    "incomeBeforeTax": 722441000,
    "incomeBeforeTaxRatio": 0.0607292102,
    "incomeTaxExpense": 193764000,
    "netIncome": 306312000,
    "netIncomeRatio": 0.0257489343,
    "eps": 1.37,
    "epsdiluted": 1.34,
    "weightedAverageShsOut": 224012000,
    "weightedAverageShsOutDil": 228954000,
    "link": "https://www.sec.gov/Archives/edgar/data/1039684/000119312507042960/0001193125-07-042960-index.htm",
    "finalLink": "https://www.sec.gov/Archives/edgar/data/1039684/000119312507042960/d10k.htm"
  },
  {
    "date": "2005-12-31",
    "symbol": "OKE",
    "reportedCurrency": "USD",
    "cik": "0001039684",
    "fillingDate": "2006-03-13",
    "acceptedDate": "2006-03-10 17:44:27",
    "calendarYear": "2005",
    "period": "FY",
    "revenue": 12676230000,
    "costOfRevenue": 11521470000,
    "grossProfit": 1154760000,
    "grossProfitRatio": 0.0910964853,
    "researchAndDevelopmentExpenses": 0,
    "generalAndAdministrativeExpenses": 0,
    "sellingAndMarketingExpenses": 0,
    "sellingGeneralAndAdministrativeExpenses": 552531000,
    "otherExpenses": -67464000,
    "operatingExpenses": 619995000,
    "costAndExpenses": 12141465000,
    "interestIncome": 0,
    "interestExpense": 147608000,
    "depreciationAndAmortization": 183394000,
    "ebitda": 971430000,
    "ebitdaratio": 0.0766339834,
    "operatingIncome": 534765000,
    "operatingIncomeRatio": 0.0421864387,
    "totalOtherIncomeExpensesNet": 110904000,
    "incomeBeforeTax": 645669000,
    "incomeBeforeTaxRatio": 0.0509354122,
    "incomeTaxExpense": 242521000,
    "netIncome": 546545000,
    "netIncomeRatio": 0.0431157371,
    "eps": 2.72,
    "epsdiluted": 2.53,
    "weightedAverageShsOut": 200935662,
    "weightedAverageShsOutDil": 216025692,
    "link": "https://www.sec.gov/Archives/edgar/data/1039684/000119312506051266/0001193125-06-051266-index.htm",
    "finalLink": "https://www.sec.gov/Archives/edgar/data/1039684/000119312506051266/d10k.htm"
  },
  {
    "date": "2004-12-31",
    "symbol": "OKE",
    "reportedCurrency": "USD",
    "cik": "0001039684",
    "fillingDate": "2005-03-08",
    "acceptedDate": "2005-03-08 16:00:15",
    "calendarYear": "2004",
    "period": "FY",
    "revenue": 5988080000,
    "costOfRevenue": 4932560000,
    "grossProfit": 1055520000,
    "grossProfitRatio": 0.1762701901,
    "researchAndDevelopmentExpenses": 0,
    "generalAndAdministrativeExpenses": 0,
    "sellingAndMarketingExpenses": 0,
    "sellingGeneralAndAdministrativeExpenses": 498778000,
    "otherExpenses": -66732000,
    "operatingExpenses": 565510000,
    "costAndExpenses": 5498070000,
    "interestIncome": 0,
    "interestExpense": 103468000,
    "depreciationAndAmortization": 188725000,
    "ebitda": 684338000,
    "ebitdaratio": 0.1142833763,
    "operatingIncome": 490010000,
    "operatingIncomeRatio": 0.0818309041,
    "totalOtherIncomeExpensesNet": -97865000,
    "incomeBeforeTax": 392145000,
    "incomeBeforeTaxRatio": 0.065487602,
    "incomeTaxExpense": 149967000,
    "netIncome": 242178000,
    "netIncomeRatio": 0.0404433475,
    "eps": 1.19,
    "epsdiluted": 1.15,
    "weightedAverageShsOut": 203930000,
    "weightedAverageShsOutDil": 210922000,
    "link": "https://www.sec.gov/Archives/edgar/data/1039684/000119312505044590/0001193125-05-044590-index.htm",
    "finalLink": "https://www.sec.gov/Archives/edgar/data/1039684/000119312505044590/d10k.htm"
  },
  {
    "date": "2003-12-31",
    "symbol": "OKE",
    "reportedCurrency": "USD",
    "cik": "0001039684",
    "fillingDate": "2004-03-03",
    "acceptedDate": "2004-03-03 13:10:43",
    "calendarYear": "2003",
    "period": "FY",
    "revenue": 2998996000,
    "costOfRevenue": 1862518000,
    "grossProfit": 1136478000,
    "grossProfitRatio": 0.3789528229,
    "researchAndDevelopmentExpenses": 0,
    "generalAndAdministrativeExpenses": 0,
    "sellingAndMarketingExpenses": 0,
    "sellingGeneralAndAdministrativeExpenses": 0,
    "otherExpenses": 690414000,
    "operatingExpenses": 690414000,
    "costAndExpenses": 2552932000,
    "interestIncome": 0,
    "interestExpense": 200109000,
    "depreciationAndAmortization": 160861000,
    "ebitda": 588716000,
    "ebitdaratio": 0.1963043632,
    "operatingIncome": 446064000,
    "operatingIncomeRatio": 0.1487377776,
    "totalOtherIncomeExpensesNet": -83036000,
    "incomeBeforeTax": 344819000,
    "incomeBeforeTaxRatio": 0.114978146,
    "incomeTaxExpense": 130527000,
    "netIncome": 112488000,
    "netIncomeRatio": 0.0375085529,
    "eps": 0.74,
    "epsdiluted": 0.61,
    "weightedAverageShsOut": 161138000,
    "weightedAverageShsOutDil": 193998000,
    "link": "https://www.sec.gov/Archives/edgar/data/1039684/000119312504033606/0001193125-04-033606-index.htm",
    "finalLink": "https://www.sec.gov/Archives/edgar/data/1039684/000119312504033606/d10k.htm"
  },
  {
    "date": "2002-12-31",
    "symbol": "OKE",
    "reportedCurrency": "USD",
    "cik": "0001039684",
    "fillingDate": "2003-03-10",
    "acceptedDate": "2003-03-07 18:15:57",
    "calendarYear": "2002",
    "period": "FY",
    "revenue": 2104280000,
    "costOfRevenue": 1128620000,
    "grossProfit": 975660000,
    "grossProfitRatio": 0.4636550269,
    "researchAndDevelopmentExpenses": 0,
    "generalAndAdministrativeExpenses": 0,
    "sellingAndMarketingExpenses": 0,
    "sellingGeneralAndAdministrativeExpenses": 0,
    "otherExpenses": 604182000,
    "operatingExpenses": 604182000,
    "costAndExpenses": 1732802000,
    "interestIncome": 0,
    "interestExpense": 108981000,
    "depreciationAndAmortization": 149964000,
    "ebitda": 521442000,
    "ebitdaratio": 0.2478006729,
    "operatingIncome": 371478000,
    "operatingIncomeRatio": 0.1765344916,
    "totalOtherIncomeExpensesNet": -113017000,
    "incomeBeforeTax": 258461000,
    "incomeBeforeTaxRatio": 0.1228263349,
    "incomeTaxExpense": 102485000,
    "netIncome": 166624000,
    "netIncomeRatio": 0.0791833786,
    "eps": 0.7,
    "epsdiluted": 0.7,
    "weightedAverageShsOut": 199828000,
    "weightedAverageShsOutDil": 201056000,
    "link": "https://www.sec.gov/Archives/edgar/data/1039684/000093066103000949/0000930661-03-000949-index.htm",
    "finalLink": "https://www.sec.gov/Archives/edgar/data/1039684/000093066103000949/d10k.htm"
  },
  {
    "date": "2001-12-31",
    "symbol": "OKE",
    "reportedCurrency": "USD",
    "cik": "0001039684",
    "fillingDate": "2002-03-14",
    "acceptedDate": "2002-03-14 00:00:00",
    "calendarYear": "2001",
    "period": "FY",
    "revenue": 6803146000,
    "costOfRevenue": 5894361000,
    "grossProfit": 908785000,
    "grossProfitRatio": 0.1335830511,
    "researchAndDevelopmentExpenses": 0,
    "generalAndAdministrativeExpenses": 0,
    "sellingAndMarketingExpenses": 0,
    "sellingGeneralAndAdministrativeExpenses": 0,
    "otherExpenses": 613553000,
    "operatingExpenses": 613553000,
    "costAndExpenses": 6507914000,
    "interestIncome": 0,
    "interestExpense": 140557000,
    "depreciationAndAmortization": 158420000,
    "ebitda": 390252000,
    "ebitdaratio": 0.057363461,
    "operatingIncome": 295232000,
    "operatingIncomeRatio": 0.0433963934,
    "totalOtherIncomeExpensesNet": -99659000,
    "incomeBeforeTax": 155950000,
    "incomeBeforeTaxRatio": 0.0229232182,
    "incomeTaxExpense": 52234000,
    "netIncome": 101565000,
    "netIncomeRatio": 0.0149291225,
    "eps": 0.43,
    "epsdiluted": 0.43,
    "weightedAverageShsOut": 198898000,
    "weightedAverageShsOutDil": 199342000,
    "link": "https://www.sec.gov/Archives/edgar/data/1039684/000093066102000717/0000930661-02-000717-index.htm",
    "finalLink": "https://www.sec.gov/Archives/edgar/data/1039684/000093066102000717/d10k405.txt"
  },
  {
    "date": "2000-12-31",
    "symbol": "OKE",
    "reportedCurrency": "USD",
    "cik": "0001039684",
    "fillingDate": "2001-03-26",
    "acceptedDate": "2001-03-26 00:00:00",
    "calendarYear": "2000",
    "period": "FY",
    "revenue": 6642858000,
    "costOfRevenue": 5845726000,
    "grossProfit": 797132000,
    "grossProfitRatio": 0.1199983501,
    "researchAndDevelopmentExpenses": 0,
    "generalAndAdministrativeExpenses": 0,
    "sellingAndMarketingExpenses": 0,
    "sellingGeneralAndAdministrativeExpenses": 0,
    "otherExpenses": 463199000,
    "operatingExpenses": 463199000,
    "costAndExpenses": 6308925000,
    "interestIncome": 0,
    "interestExpense": 79565000,
    "depreciationAndAmortization": 143983000,
    "ebitda": 468487000,
    "ebitdaratio": 0.0705249156,
    "operatingIncome": 333933000,
    "operatingIncomeRatio": 0.0502694774,
    "totalOtherIncomeExpensesNet": -100155000,
    "incomeBeforeTax": 233778000,
    "incomeBeforeTaxRatio": 0.0351923826,
    "incomeTaxExpense": 90286000,
    "netIncome": 145607000,
    "netIncomeRatio": 0.0219193305,
    "eps": 0.62,
    "epsdiluted": 0.62,
    "weightedAverageShsOut": 116856000,
    "weightedAverageShsOutDil": 196652000,
    "link": "https://www.sec.gov/Archives/edgar/data/1039684/000093066101000672/0000930661-01-000672-index.htm",
    "finalLink": "https://www.sec.gov/Archives/edgar/data/1039684/000093066101000672/0000930661-01-000672-0001.txt"
  },
  {
    "date": "1999-12-31",
    "symbol": "OKE",
    "reportedCurrency": "USD",
    "cik": "0001039684",
    "fillingDate": "1999-12-31",
    "acceptedDate": "1999-12-31 00:00:00",
    "calendarYear": "1999",
    "period": "FY",
    "revenue": 808874000,
    "costOfRevenue": 523533000,
    "grossProfit": 285341000,
    "grossProfitRatio": 0.3527632239,
    "researchAndDevelopmentExpenses": 0,
    "generalAndAdministrativeExpenses": 0,
    "sellingAndMarketingExpenses": 0,
    "sellingGeneralAndAdministrativeExpenses": 0,
    "otherExpenses": 199377000,
    "operatingExpenses": 199377000,
    "costAndExpenses": 722910000,
    "interestIncome": 0,
    "interestExpense": 27883000,
    "depreciationAndAmortization": 43227000,
    "ebitda": 129191000,
    "ebitdaratio": 0.1597170882,
    "operatingIncome": 85964000,
    "operatingIncomeRatio": 0.106276132,
    "totalOtherIncomeExpensesNet": -25487000,
    "incomeBeforeTax": 58081000,
    "incomeBeforeTaxRatio": 0.0718047557,
    "incomeTaxExpense": 22737000,
    "netIncome": 35344000,
    "netIncomeRatio": 0.0436953098,
    "eps": 0.19,
    "epsdiluted": 0.18,
    "weightedAverageShsOut": 121700000,
    "weightedAverageShsOutDil": 201536000,
    "link": null,
    "finalLink": null
  },
  {
    "date": "1998-08-31",
    "symbol": "OKE",
    "reportedCurrency": "USD",
    "cik": "0001039684",
    "fillingDate": "1998-09-22",
    "acceptedDate": "1998-09-22 00:00:00",
    "calendarYear": "1998",
    "period": "FY",
    "revenue": 1835402000,
    "costOfRevenue": 1220009000,
    "grossProfit": 615393000,
    "grossProfitRatio": 0.3352905794,
    "researchAndDevelopmentExpenses": 0,
    "generalAndAdministrativeExpenses": 0,
    "sellingAndMarketingExpenses": 0,
    "sellingGeneralAndAdministrativeExpenses": 0,
    "otherExpenses": 412444000,
    "operatingExpenses": 412444000,
    "costAndExpenses": 1632453000,
    "interestIncome": 0,
    "interestExpense": 35075000,
    "depreciationAndAmortization": 101653000,
    "ebitda": 290464000,
    "ebitdaratio": 0.1582563384,
    "operatingIncome": 202949000,
    "operatingIncomeRatio": 0.1105746861,
    "totalOtherIncomeExpensesNet": -20431000,
    "incomeBeforeTax": 168380000,
    "incomeBeforeTaxRatio": 0.0917401201,
    "incomeTaxExpense": 66585000,
    "netIncome": 101795000,
    "netIncomeRatio": 0.0554619642,
    "eps": 0.61,
    "epsdiluted": 0.56,
    "weightedAverageShsOut": 121798000,
    "weightedAverageShsOutDil": 121798000,
    "link": "https://www.sec.gov/Archives/edgar/data/1039684/000095013498007714/0000950134-98-007714-index.html",
    "finalLink": "https://www.sec.gov/Archives/edgar/data/1039684/"
  },
  {
    "date": "1997-08-31",
    "symbol": "OKE",
    "reportedCurrency": "USD",
    "cik": "0001039684",
    "fillingDate": "1997-08-31",
    "acceptedDate": "1997-08-31 00:00:00",
    "calendarYear": "1997",
    "period": "FY",
    "revenue": 1161900000,
    "costOfRevenue": 726000000,
    "grossProfit": 435900000,
    "grossProfitRatio": 0.3751613736,
    "researchAndDevelopmentExpenses": 0,
    "generalAndAdministrativeExpenses": 0,
    "sellingAndMarketingExpenses": 0,
    "sellingGeneralAndAdministrativeExpenses": 0,
    "otherExpenses": 307700000,
    "operatingExpenses": 307700000,
    "costAndExpenses": 1033700000,
    "interestIncome": 0,
    "interestExpense": 34100000,
    "depreciationAndAmortization": 73900000,
    "ebitda": 202100000,
    "ebitdaratio": 0.1739392375,
    "operatingIncome": 128200000,
    "operatingIncomeRatio": 0.1103365178,
    "totalOtherIncomeExpensesNet": -34008000,
    "incomeBeforeTax": 94100000,
    "incomeBeforeTaxRatio": 0.0809880368,
    "incomeTaxExpense": 34800000,
    "netIncome": 59300000,
    "netIncomeRatio": 0.0510370944,
    "eps": 0.53,
    "epsdiluted": 0.53,
    "weightedAverageShsOut": 110576724,
    "weightedAverageShsOutDil": 110576724,
    "link": null,
    "finalLink": null
  },
  {
    "date": "1996-08-31",
    "symbol": "OKE",
    "reportedCurrency": "USD",
    "cik": "0001039684",
    "fillingDate": "1996-08-31",
    "acceptedDate": "1996-08-31 00:00:00",
    "calendarYear": "1996",
    "period": "FY",
    "revenue": 1224300000,
    "costOfRevenue": 807700000,
    "grossProfit": 416600000,
    "grossProfitRatio": 0.3402760761,
    "researchAndDevelopmentExpenses": 0,
    "generalAndAdministrativeExpenses": 0,
    "sellingAndMarketingExpenses": 0,
    "sellingGeneralAndAdministrativeExpenses": 0,
    "otherExpenses": 296200000,
    "operatingExpenses": 296200000,
    "costAndExpenses": 1103900000,
    "interestIncome": 0,
    "interestExpense": 34600000,
    "depreciationAndAmortization": 72600000,
    "ebitda": 193000000,
    "ebitdaratio": 0.157641101,
    "operatingIncome": 120400000,
    "operatingIncomeRatio": 0.0983419097,
    "totalOtherIncomeExpensesNet": -34300000,
    "incomeBeforeTax": 85800000,
    "incomeBeforeTaxRatio": 0.0700808625,
    "incomeTaxExpense": 33000000,
    "netIncome": 52800000,
    "netIncomeRatio": 0.0431266846,
    "eps": 0.48,
    "epsdiluted": 0.48,
    "weightedAverageShsOut": 108601036,
    "weightedAverageShsOutDil": 108601036,
    "link": null,
    "finalLink": null
  },
  {
    "date": "1995-08-31",
    "symbol": "OKE",
    "reportedCurrency": "USD",
    "cik": "0001039684",
    "fillingDate": "1995-08-31",
    "acceptedDate": "1995-08-31 00:00:00",
    "calendarYear": "1995",
    "period": "FY",
    "revenue": 949900000,
    "costOfRevenue": 567800000,
    "grossProfit": 382100000,
    "grossProfitRatio": 0.4022528687,
    "researchAndDevelopmentExpenses": 0,
    "generalAndAdministrativeExpenses": 0,
    "sellingAndMarketingExpenses": 0,
    "sellingGeneralAndAdministrativeExpenses": 0,
    "otherExpenses": 277100000,
    "operatingExpenses": 277100000,
    "costAndExpenses": 844900000,
    "interestIncome": 0,
    "interestExpense": 36900000,
    "depreciationAndAmortization": 50000000,
    "ebitda": 155000000,
    "ebitdaratio": 0.1631750711,
    "operatingIncome": 105000000,
    "operatingIncomeRatio": 0.1105379514,
    "totalOtherIncomeExpensesNet": -37000000,
    "incomeBeforeTax": 68100000,
    "incomeBeforeTaxRatio": 0.071691757,
    "incomeTaxExpense": 25300000,
    "netIncome": 42800000,
    "netIncomeRatio": 0.0450573745,
    "eps": 0.4,
    "epsdiluted": 0.4,
    "weightedAverageShsOut": 107341772,
    "weightedAverageShsOutDil": 107341772,
    "link": null,
    "finalLink": null
  },
  {
    "date": "1994-08-31",
    "symbol": "OKE",
    "reportedCurrency": "USD",
    "cik": "0001039684",
    "fillingDate": "1994-08-31",
    "acceptedDate": "1994-08-31 00:00:00",
    "calendarYear": "1994",
    "period": "FY",
    "revenue": 792400000,
    "costOfRevenue": 432400000,
    "grossProfit": 360000000,
    "grossProfitRatio": 0.454316002,
    "researchAndDevelopmentExpenses": 0,
    "generalAndAdministrativeExpenses": 0,
    "sellingAndMarketingExpenses": 0,
    "sellingGeneralAndAdministrativeExpenses": 0,
    "otherExpenses": 268500000,
    "operatingExpenses": 268500000,
    "costAndExpenses": 700900000,
    "interestIncome": 0,
    "interestExpense": 34200000,
    "depreciationAndAmortization": 52800000,
    "ebitda": 144300000,
    "ebitdaratio": 0.1821049975,
    "operatingIncome": 91500000,
    "operatingIncomeRatio": 0.1154719838,
    "totalOtherIncomeExpensesNet": -34400000,
    "incomeBeforeTax": 57300000,
    "incomeBeforeTaxRatio": 0.0723119637,
    "incomeTaxExpense": 21100000,
    "netIncome": 36200000,
    "netIncomeRatio": 0.045683998,
    "eps": 0.34,
    "epsdiluted": 0.34,
    "weightedAverageShsOut": 106865672,
    "weightedAverageShsOutDil": 106865672,
    "link": null,
    "finalLink": null
  },
  {
    "date": "1993-08-31",
    "symbol": "OKE",
    "reportedCurrency": "USD",
    "cik": "0001039684",
    "fillingDate": "1993-08-31",
    "acceptedDate": "1993-08-31 00:00:00",
    "calendarYear": "1993",
    "period": "FY",
    "revenue": 789100000,
    "costOfRevenue": 0,
    "grossProfit": 789100000,
    "grossProfitRatio": 1,
    "researchAndDevelopmentExpenses": 0,
    "generalAndAdministrativeExpenses": 0,
    "sellingAndMarketingExpenses": 0,
    "sellingGeneralAndAdministrativeExpenses": 0,
    "otherExpenses": 0,
    "operatingExpenses": 0,
    "costAndExpenses": 0,
    "interestIncome": 0,
    "interestExpense": 0,
    "depreciationAndAmortization": 0,
    "ebitda": 789100000,
    "ebitdaratio": 1,
    "operatingIncome": 789100000,
    "operatingIncomeRatio": 1,
    "totalOtherIncomeExpensesNet": 0,
    "incomeBeforeTax": 0,
    "incomeBeforeTaxRatio": 0,
    "incomeTaxExpense": 750700000,
    "netIncome": 38400000,
    "netIncomeRatio": 0.0486630338,
    "eps": 0.36,
    "epsdiluted": 0.36,
    "weightedAverageShsOut": 106293706,
    "weightedAverageShsOutDil": 106293706,
    "link": null,
    "finalLink": null
  },
  {
    "date": "1992-08-31",
    "symbol": "OKE",
    "reportedCurrency": "USD",
    "cik": "0001039684",
    "fillingDate": "1992-08-31",
    "acceptedDate": "1992-08-31 00:00:00",
    "calendarYear": "1992",
    "period": "FY",
    "revenue": 677100000,
    "costOfRevenue": 0,
    "grossProfit": 677100000,
    "grossProfitRatio": 1,
    "researchAndDevelopmentExpenses": 0,
    "generalAndAdministrativeExpenses": 0,
    "sellingAndMarketingExpenses": 0,
    "sellingGeneralAndAdministrativeExpenses": 0,
    "otherExpenses": 0,
    "operatingExpenses": 0,
    "costAndExpenses": 0,
    "interestIncome": 0,
    "interestExpense": 0,
    "depreciationAndAmortization": 0,
    "ebitda": 677100000,
    "ebitdaratio": 1,
    "operatingIncome": 677100000,
    "operatingIncomeRatio": 1,
    "totalOtherIncomeExpensesNet": 0,
    "incomeBeforeTax": 0,
    "incomeBeforeTaxRatio": 0,
    "incomeTaxExpense": 644500000,
    "netIncome": 32600000,
    "netIncomeRatio": 0.0481465072,
    "eps": 0.3,
    "epsdiluted": 0.3,
    "weightedAverageShsOut": 106446281,
    "weightedAverageShsOutDil": 106446281,
    "link": null,
    "finalLink": null
  },
  {
    "date": "1991-08-31",
    "symbol": "OKE",
    "reportedCurrency": "USD",
    "cik": "0001039684",
    "fillingDate": "1991-08-31",
    "acceptedDate": "1991-08-31 00:00:00",
    "calendarYear": "1991",
    "period": "FY",
    "revenue": 689500000,
    "costOfRevenue": 0,
    "grossProfit": 689500000,
    "grossProfitRatio": 1,
    "researchAndDevelopmentExpenses": 0,
    "generalAndAdministrativeExpenses": 0,
    "sellingAndMarketingExpenses": 0,
    "sellingGeneralAndAdministrativeExpenses": 0,
    "otherExpenses": 0,
    "operatingExpenses": 0,
    "costAndExpenses": 0,
    "interestIncome": 0,
    "interestExpense": 0,
    "depreciationAndAmortization": 0,
    "ebitda": 689500000,
    "ebitdaratio": 1,
    "operatingIncome": 689500000,
    "operatingIncomeRatio": 1,
    "totalOtherIncomeExpensesNet": 0,
    "incomeBeforeTax": 0,
    "incomeBeforeTaxRatio": 0,
    "incomeTaxExpense": 653600000,
    "netIncome": 35900000,
    "netIncomeRatio": 0.052066715,
    "eps": 0.33,
    "epsdiluted": 0.33,
    "weightedAverageShsOut": 106766917,
    "weightedAverageShsOutDil": 106766917,
    "link": null,
    "finalLink": null
  },
  {
    "date": "1990-08-31",
    "symbol": "OKE",
    "reportedCurrency": "USD",
    "cik": "0001039684",
    "fillingDate": "1990-08-31",
    "acceptedDate": "1990-08-31 00:00:00",
    "calendarYear": "1990",
    "period": "FY",
    "revenue": 668000000,
    "costOfRevenue": 0,
    "grossProfit": 668000000,
    "grossProfitRatio": 1,
    "researchAndDevelopmentExpenses": 0,
    "generalAndAdministrativeExpenses": 0,
    "sellingAndMarketingExpenses": 0,
    "sellingGeneralAndAdministrativeExpenses": 0,
    "otherExpenses": 0,
    "operatingExpenses": 0,
    "costAndExpenses": 0,
    "interestIncome": 0,
    "interestExpense": 0,
    "depreciationAndAmortization": 0,
    "ebitda": 668000000,
    "ebitdaratio": 1,
    "operatingIncome": 668000000,
    "operatingIncomeRatio": 1,
    "totalOtherIncomeExpensesNet": 0,
    "incomeBeforeTax": 0,
    "incomeBeforeTaxRatio": 0,
    "incomeTaxExpense": 635000000,
    "netIncome": 33000000,
    "netIncomeRatio": 0.0494011976,
    "eps": 0.3,
    "epsdiluted": 0.3,
    "weightedAverageShsOut": 107768595,
    "weightedAverageShsOutDil": 107768595,
    "link": null,
    "finalLink": null
  },
  {
    "date": "1989-08-31",
    "symbol": "OKE",
    "reportedCurrency": "USD",
    "cik": "0001039684",
    "fillingDate": "1989-08-31",
    "acceptedDate": "1989-08-31 00:00:00",
    "calendarYear": "1989",
    "period": "FY",
    "revenue": 618300000,
    "costOfRevenue": 0,
    "grossProfit": 618300000,
    "grossProfitRatio": 1,
    "researchAndDevelopmentExpenses": 0,
    "generalAndAdministrativeExpenses": 0,
    "sellingAndMarketingExpenses": 0,
    "sellingGeneralAndAdministrativeExpenses": 0,
    "otherExpenses": 0,
    "operatingExpenses": 0,
    "costAndExpenses": 0,
    "interestIncome": 0,
    "interestExpense": 0,
    "depreciationAndAmortization": 0,
    "ebitda": 618300000,
    "ebitdaratio": 1,
    "operatingIncome": 618300000,
    "operatingIncomeRatio": 1,
    "totalOtherIncomeExpensesNet": 0,
    "incomeBeforeTax": 0,
    "incomeBeforeTaxRatio": 0,
    "incomeTaxExpense": 581700000,
    "netIncome": 36600000,
    "netIncomeRatio": 0.0591945657,
    "eps": 0.32,
    "epsdiluted": 0.32,
    "weightedAverageShsOut": 112248062,
    "weightedAverageShsOutDil": 112248062,
    "link": null,
    "finalLink": null
  },
  {
    "date": "1988-08-31",
    "symbol": "OKE",
    "reportedCurrency": "USD",
    "cik": "0001039684",
    "fillingDate": "1988-08-31",
    "acceptedDate": "1988-08-31 00:00:00",
    "calendarYear": "1988",
    "period": "FY",
    "revenue": 571400000,
    "costOfRevenue": 0,
    "grossProfit": 571400000,
    "grossProfitRatio": 1,
    "researchAndDevelopmentExpenses": 0,
    "generalAndAdministrativeExpenses": 0,
    "sellingAndMarketingExpenses": 0,
    "sellingGeneralAndAdministrativeExpenses": 0,
    "otherExpenses": 0,
    "operatingExpenses": 0,
    "costAndExpenses": 0,
    "interestIncome": 0,
    "interestExpense": 0,
    "depreciationAndAmortization": 0,
    "ebitda": 571400000,
    "ebitdaratio": 1,
    "operatingIncome": 571400000,
    "operatingIncomeRatio": 1,
    "totalOtherIncomeExpensesNet": 0,
    "incomeBeforeTax": 0,
    "incomeBeforeTaxRatio": 0,
    "incomeTaxExpense": 564300000,
    "netIncome": 7100000,
    "netIncomeRatio": 0.0124256213,
    "eps": 0.06,
    "epsdiluted": 0.06,
    "weightedAverageShsOut": 111666667,
    "weightedAverageShsOutDil": 111666667,
    "link": null,
    "finalLink": null
  },
  {
    "date": "1987-08-31",
    "symbol": "OKE",
    "reportedCurrency": "USD",
    "cik": "0001039684",
    "fillingDate": "1987-08-31",
    "acceptedDate": "1987-08-31 00:00:00",
    "calendarYear": "1987",
    "period": "FY",
    "revenue": 587000000,
    "costOfRevenue": 0,
    "grossProfit": 587000000,
    "grossProfitRatio": 1,
    "researchAndDevelopmentExpenses": 0,
    "generalAndAdministrativeExpenses": 0,
    "sellingAndMarketingExpenses": 0,
    "sellingGeneralAndAdministrativeExpenses": 0,
    "otherExpenses": 0,
    "operatingExpenses": 0,
    "costAndExpenses": 0,
    "interestIncome": 0,
    "interestExpense": 0,
    "depreciationAndAmortization": 0,
    "ebitda": 587000000,
    "ebitdaratio": 1,
    "operatingIncome": 587000000,
    "operatingIncomeRatio": 1,
    "totalOtherIncomeExpensesNet": 0,
    "incomeBeforeTax": 0,
    "incomeBeforeTaxRatio": 0,
    "incomeTaxExpense": 567600000,
    "netIncome": 19400000,
    "netIncomeRatio": 0.0330494037,
    "eps": 0.17,
    "epsdiluted": 0.17,
    "weightedAverageShsOut": 111764706,
    "weightedAverageShsOutDil": 111764706,
    "link": null,
    "finalLink": null
  },
  {
    "date": "1986-08-31",
    "symbol": "OKE",
    "reportedCurrency": "USD",
    "cik": "0001039684",
    "fillingDate": "1986-08-31",
    "acceptedDate": "1986-08-31 00:00:00",
    "calendarYear": "1986",
    "period": "FY",
    "revenue": 736800000,
    "costOfRevenue": 0,
    "grossProfit": 736800000,
    "grossProfitRatio": 1,
    "researchAndDevelopmentExpenses": 0,
    "generalAndAdministrativeExpenses": 0,
    "sellingAndMarketingExpenses": 0,
    "sellingGeneralAndAdministrativeExpenses": 0,
    "otherExpenses": 0,
    "operatingExpenses": 0,
    "costAndExpenses": 0,
    "interestIncome": 0,
    "interestExpense": 0,
    "depreciationAndAmortization": 0,
    "ebitda": 736800000,
    "ebitdaratio": 1,
    "operatingIncome": 736800000,
    "operatingIncomeRatio": 1,
    "totalOtherIncomeExpensesNet": 0,
    "incomeBeforeTax": 0,
    "incomeBeforeTaxRatio": 0,
    "incomeTaxExpense": 702300000,
    "netIncome": 34500000,
    "netIncomeRatio": 0.0468241042,
    "eps": 0.31,
    "epsdiluted": 0.31,
    "weightedAverageShsOut": 110000000,
    "weightedAverageShsOutDil": 110000000,
    "link": null,
    "finalLink": null
  },
  {
    "date": "1985-08-31",
    "symbol": "OKE",
    "reportedCurrency": "USD",
    "cik": "0001039684",
    "fillingDate": "1985-08-31",
    "acceptedDate": "1985-08-31 00:00:00",
    "calendarYear": "1985",
    "period": "FY",
    "revenue": 1049100000,
    "costOfRevenue": 0,
    "grossProfit": 1049100000,
    "grossProfitRatio": 1,
    "researchAndDevelopmentExpenses": 0,
    "generalAndAdministrativeExpenses": 0,
    "sellingAndMarketingExpenses": 0,
    "sellingGeneralAndAdministrativeExpenses": 0,
    "otherExpenses": 0,
    "operatingExpenses": 0,
    "costAndExpenses": 0,
    "interestIncome": 0,
    "interestExpense": 0,
    "depreciationAndAmortization": 0,
    "ebitda": 1049100000,
    "ebitdaratio": 1,
    "operatingIncome": 1049100000,
    "operatingIncomeRatio": 1,
    "totalOtherIncomeExpensesNet": 0,
    "incomeBeforeTax": 0,
    "incomeBeforeTaxRatio": 0,
    "incomeTaxExpense": 1011600000,
    "netIncome": 37500000,
    "netIncomeRatio": 0.0357449242,
    "eps": 0.35,
    "epsdiluted": 0.35,
    "weightedAverageShsOut": 106000000,
    "weightedAverageShsOutDil": 106000000,
    "link": null,
    "finalLink": null
  }
]