[
  {
    "date": "2025-06-30",
    "symbol": "OMC",
    "reportedCurrency": "USD",
    "cik": "0000029989",
    "fillingDate": "2025-07-16",
    "acceptedDate": "2025-07-15 19:04:43",
    "calendarYear": "2025",
    "period": "Q2",
    "revenue": 4015600000,
    "costOfRevenue": 3317200000,
    "grossProfit": 698400000,
    "grossProfitRatio": 0.1739217053,
    "researchAndDevelopmentExpenses": 0,
    "generalAndAdministrativeExpenses": 0,
    "sellingAndMarketingExpenses": 0,
    "sellingGeneralAndAdministrativeExpenses": 170400000,
    "otherExpenses": 0,
    "operatingExpenses": 170400000,
    "costAndExpenses": 3487600000,
    "interestIncome": 21900000,
    "interestExpense": 62600000,
    "depreciationAndAmortization": 58700000,
    "ebitda": 519800000,
    "ebitdaratio": 0.1294451639,
    "operatingIncome": 528000000,
    "operatingIncomeRatio": 0.1314871999,
    "totalOtherIncomeExpensesNet": -129700000,
    "incomeBeforeTax": 398300000,
    "incomeBeforeTaxRatio": 0.0991881662,
    "incomeTaxExpense": 120500000,
    "netIncome": 257600000,
    "netIncomeRatio": 0.0641498157,
    "eps": 1.32,
    "epsdiluted": 1.31,
    "weightedAverageShsOut": 194900000,
    "weightedAverageShsOutDil": 196000000,
    "link": "https://www.sec.gov/Archives/edgar/data/29989/000002998925000026/0000029989-25-000026-index.htm",
    "finalLink": "https://www.sec.gov/Archives/edgar/data/29989/000002998925000026/omc-20250630.htm"
  },
  {
    "date": "2025-03-31",
    "symbol": "OMC",
    "reportedCurrency": "USD",
    "cik": "0000029989",
    "fillingDate": "2025-04-16",
    "acceptedDate": "2025-04-15 17:48:19",
    "calendarYear": "2025",
    "period": "Q1",
    "revenue": 3690400000,
    "costOfRevenue": 3119900000,
    "grossProfit": 570500000,
    "grossProfitRatio": 0.1545902883,
    "researchAndDevelopmentExpenses": 0,
    "generalAndAdministrativeExpenses": 0,
    "sellingAndMarketingExpenses": 0,
    "sellingGeneralAndAdministrativeExpenses": 117900000,
    "otherExpenses": 0,
    "operatingExpenses": 117900000,
    "costAndExpenses": 3237800000,
    "interestIncome": 29700000,
    "interestExpense": 59100000,
    "depreciationAndAmortization": 59000000,
    "ebitda": 541300000,
    "ebitdaratio": 0.1466778669,
    "operatingIncome": 452600000,
    "operatingIncomeRatio": 0.122642532,
    "totalOtherIncomeExpensesNet": -28500000,
    "incomeBeforeTax": 424100000,
    "incomeBeforeTaxRatio": 0.1149197919,
    "incomeTaxExpense": 120700000,
    "netIncome": 287700000,
    "netIncomeRatio": 0.0779590288,
    "eps": 1.46,
    "epsdiluted": 1.45,
    "weightedAverageShsOut": 196700000,
    "weightedAverageShsOutDil": 198300000,
    "link": "https://www.sec.gov/Archives/edgar/data/29989/000002998925000015/0000029989-25-000015-index.htm",
    "finalLink": "https://www.sec.gov/Archives/edgar/data/29989/000002998925000015/omc-20250331.htm"
  },
  {
    "date": "2024-12-31",
    "symbol": "OMC",
    "reportedCurrency": "USD",
    "cik": "0000029989",
    "fillingDate": "2025-02-05",
    "acceptedDate": "2025-02-04 18:14:45",
    "calendarYear": "2024",
    "period": "Q4",
    "revenue": 4322200000,
    "costOfRevenue": 3524600000,
    "grossProfit": 797600000,
    "grossProfitRatio": 0.1845356531,
    "researchAndDevelopmentExpenses": 0,
    "generalAndAdministrativeExpenses": 0,
    "sellingAndMarketingExpenses": 0,
    "sellingGeneralAndAdministrativeExpenses": 97700000,
    "otherExpenses": 0,
    "operatingExpenses": 97700000,
    "costAndExpenses": 3622300000,
    "interestIncome": 26900000,
    "interestExpense": 65000000,
    "depreciationAndAmortization": 60300000,
    "ebitda": 772500000,
    "ebitdaratio": 0.1787284253,
    "operatingIncome": 699900000,
    "operatingIncomeRatio": 0.1619314238,
    "totalOtherIncomeExpensesNet": -50400000,
    "incomeBeforeTax": 649500000,
    "incomeBeforeTaxRatio": 0.1502706955,
    "incomeTaxExpense": 170600000,
    "netIncome": 448000000,
    "netIncomeRatio": 0.1036509185,
    "eps": 2.28,
    "epsdiluted": 2.26,
    "weightedAverageShsOut": 196491228,
    "weightedAverageShsOutDil": 198400000,
    "link": "https://www.sec.gov/Archives/edgar/data/29989/000002998925000009/0000029989-25-000009-index.htm",
    "finalLink": "https://www.sec.gov/Archives/edgar/data/29989/000002998925000009/omc-20241231.htm"
  },
  {
    "date": "2024-09-30",
    "symbol": "OMC",
    "reportedCurrency": "USD",
    "cik": "0000029989",
    "fillingDate": "2024-10-16",
    "acceptedDate": "2024-10-15 17:50:14",
    "calendarYear": "2024",
    "period": "Q3",
    "revenue": 3882600000,
    "costOfRevenue": 3183000000,
    "grossProfit": 699600000,
    "grossProfitRatio": 0.1801885335,
    "researchAndDevelopmentExpenses": 0,
    "generalAndAdministrativeExpenses": 0,
    "sellingAndMarketingExpenses": 0,
    "sellingGeneralAndAdministrativeExpenses": 99500000,
    "otherExpenses": 0,
    "operatingExpenses": 99500000,
    "costAndExpenses": 3282500000,
    "interestIncome": 26000000,
    "interestExpense": 66400000,
    "depreciationAndAmortization": 61400000,
    "ebitda": 687500000,
    "ebitdaratio": 0.1770720651,
    "operatingIncome": 600100000,
    "operatingIncomeRatio": 0.1545613764,
    "totalOtherIncomeExpensesNet": -40000000,
    "incomeBeforeTax": 560100000,
    "incomeBeforeTaxRatio": 0.1442590017,
    "incomeTaxExpense": 150200000,
    "netIncome": 385900000,
    "netIncomeRatio": 0.0993921599,
    "eps": 1.97,
    "epsdiluted": 1.95,
    "weightedAverageShsOut": 195600000,
    "weightedAverageShsOutDil": 198200000,
    "link": "https://www.sec.gov/Archives/edgar/data/29989/000002998924000027/0000029989-24-000027-index.htm",
    "finalLink": "https://www.sec.gov/Archives/edgar/data/29989/000002998924000027/omc-20240930.htm"
  },
  {
    "date": "2024-06-30",
    "symbol": "OMC",
    "reportedCurrency": "USD",
    "cik": "0000029989",
    "fillingDate": "2024-07-17",
    "acceptedDate": "2024-07-16 20:44:26",
    "calendarYear": "2024",
    "period": "Q2",
    "revenue": 3853800000,
    "costOfRevenue": 3174700000,
    "grossProfit": 679100000,
    "grossProfitRatio": 0.1762156832,
    "researchAndDevelopmentExpenses": 0,
    "generalAndAdministrativeExpenses": 0,
    "sellingAndMarketingExpenses": 0,
    "sellingGeneralAndAdministrativeExpenses": 111000000,
    "otherExpenses": 0,
    "operatingExpenses": 111000000,
    "costAndExpenses": 3285700000,
    "interestIncome": 21000000,
    "interestExpense": 62700000,
    "depreciationAndAmortization": 60400000,
    "ebitda": 591700000,
    "ebitdaratio": 0.1535367689,
    "operatingIncome": 568100000,
    "operatingIncomeRatio": 0.1474129431,
    "totalOtherIncomeExpensesNet": -96200000,
    "incomeBeforeTax": 471900000,
    "incomeBeforeTaxRatio": 0.1224505683,
    "incomeTaxExpense": 123700000,
    "netIncome": 328100000,
    "netIncomeRatio": 0.0851367481,
    "eps": 1.67,
    "epsdiluted": 1.65,
    "weightedAverageShsOut": 195900000,
    "weightedAverageShsOutDil": 198500000,
    "link": "https://www.sec.gov/Archives/edgar/data/29989/000002998924000021/0000029989-24-000021-index.htm",
    "finalLink": "https://www.sec.gov/Archives/edgar/data/29989/000002998924000021/omc-20240630.htm"
  },
  {
    "date": "2024-03-31",
    "symbol": "OMC",
    "reportedCurrency": "USD",
    "cik": "0000029989",
    "fillingDate": "2024-04-17",
    "acceptedDate": "2024-04-16 19:10:25",
    "calendarYear": "2024",
    "period": "Q1",
    "revenue": 3630500000,
    "costOfRevenue": 3066300000,
    "grossProfit": 564200000,
    "grossProfitRatio": 0.1554055915,
    "researchAndDevelopmentExpenses": 0,
    "generalAndAdministrativeExpenses": 0,
    "sellingAndMarketingExpenses": 0,
    "sellingGeneralAndAdministrativeExpenses": 85300000,
    "otherExpenses": 0,
    "operatingExpenses": 85300000,
    "costAndExpenses": 3151600000,
    "interestIncome": 27000000,
    "interestExpense": 53800000,
    "depreciationAndAmortization": 59600000,
    "ebitda": 565500000,
    "ebitdaratio": 0.1557636689,
    "operatingIncome": 478900000,
    "operatingIncomeRatio": 0.1319102052,
    "totalOtherIncomeExpensesNet": -25900000,
    "incomeBeforeTax": 453000000,
    "incomeBeforeTaxRatio": 0.1247762016,
    "incomeTaxExpense": 116000000,
    "netIncome": 318600000,
    "netIncomeRatio": 0.0877565074,
    "eps": 1.61,
    "epsdiluted": 1.59,
    "weightedAverageShsOut": 197900000,
    "weightedAverageShsOutDil": 200100000,
    "link": "https://www.sec.gov/Archives/edgar/data/29989/000002998924000014/0000029989-24-000014-index.htm",
    "finalLink": "https://www.sec.gov/Archives/edgar/data/29989/000002998924000014/omc-20240331.htm"
  },
  {
    "date": "2023-12-31",
    "symbol": "OMC",
    "reportedCurrency": "USD",
    "cik": "0000029989",
    "fillingDate": "2024-02-07",
    "acceptedDate": "2024-02-07 06:35:35",
    "calendarYear": "2023",
    "period": "Q4",
    "revenue": 4060900000,
    "costOfRevenue": 3298600000,
    "grossProfit": 762300000,
    "grossProfitRatio": 0.1877170085,
    "researchAndDevelopmentExpenses": 0,
    "generalAndAdministrativeExpenses": 0,
    "sellingAndMarketingExpenses": 0,
    "sellingGeneralAndAdministrativeExpenses": 101100000,
    "otherExpenses": 0,
    "operatingExpenses": 101100000,
    "costAndExpenses": 3399700000,
    "interestIncome": 25800000,
    "interestExpense": 52600000,
    "depreciationAndAmortization": 53700000,
    "ebitda": 726200000,
    "ebitdaratio": 0.1788273535,
    "operatingIncome": 661200000,
    "operatingIncomeRatio": 0.1628210495,
    "totalOtherIncomeExpensesNet": -39200000,
    "incomeBeforeTax": 622000000,
    "incomeBeforeTaxRatio": 0.1531680169,
    "incomeTaxExpense": 164200000,
    "netIncome": 337600000,
    "netIncomeRatio": 0.0831342806,
    "eps": 2.15,
    "epsdiluted": 2.13,
    "weightedAverageShsOut": 198000000,
    "weightedAverageShsOutDil": 199500000,
    "link": "https://www.sec.gov/Archives/edgar/data/29989/000002998924000007/0000029989-24-000007-index.htm",
    "finalLink": "https://www.sec.gov/Archives/edgar/data/29989/000002998924000007/omc-20231231.htm"
  },
  {
    "date": "2023-09-30",
    "symbol": "OMC",
    "reportedCurrency": "USD",
    "cik": "0000029989",
    "fillingDate": "2023-10-18",
    "acceptedDate": "2023-10-18 06:44:41",
    "calendarYear": "2023",
    "period": "Q3",
    "revenue": 3578100000,
    "costOfRevenue": 2927500000,
    "grossProfit": 650600000,
    "grossProfitRatio": 0.1818283447,
    "researchAndDevelopmentExpenses": 0,
    "generalAndAdministrativeExpenses": 0,
    "sellingAndMarketingExpenses": 0,
    "sellingGeneralAndAdministrativeExpenses": 89800000,
    "otherExpenses": 0,
    "operatingExpenses": 89800000,
    "costAndExpenses": 3017300000,
    "interestIncome": 15200000,
    "interestExpense": 53500000,
    "depreciationAndAmortization": 52400000,
    "ebitda": 628400000,
    "ebitdaratio": 0.1756239345,
    "operatingIncome": 560800000,
    "operatingIncomeRatio": 0.1567312261,
    "totalOtherIncomeExpensesNet": -36400000,
    "incomeBeforeTax": 524400000,
    "incomeBeforeTaxRatio": 0.1465582292,
    "incomeTaxExpense": 136100000,
    "netIncome": 371900000,
    "netIncomeRatio": 0.1039378441,
    "eps": 1.88,
    "epsdiluted": 1.86,
    "weightedAverageShsOut": 198100000,
    "weightedAverageShsOutDil": 199900000,
    "link": "https://www.sec.gov/Archives/edgar/data/29989/000002998923000033/0000029989-23-000033-index.htm",
    "finalLink": "https://www.sec.gov/Archives/edgar/data/29989/000002998923000033/omc-20230930.htm"
  },
  {
    "date": "2023-06-30",
    "symbol": "OMC",
    "reportedCurrency": "USD",
    "cik": "0000029989",
    "fillingDate": "2023-07-19",
    "acceptedDate": "2023-07-19 06:44:22",
    "calendarYear": "2023",
    "period": "Q2",
    "revenue": 3609900000,
    "costOfRevenue": 2887800000,
    "grossProfit": 722100000,
    "grossProfitRatio": 0.2000332419,
    "researchAndDevelopmentExpenses": 0,
    "generalAndAdministrativeExpenses": 0,
    "sellingAndMarketingExpenses": 0,
    "sellingGeneralAndAdministrativeExpenses": 99100000,
    "otherExpenses": 0,
    "operatingExpenses": 99100000,
    "costAndExpenses": 2986900000,
    "interestIncome": 30100000,
    "interestExpense": 57500000,
    "depreciationAndAmortization": 51100000,
    "ebitda": 631900000,
    "ebitdaratio": 0.1750464002,
    "operatingIncome": 623000000,
    "operatingIncomeRatio": 0.1725809579,
    "totalOtherIncomeExpensesNet": -98600000,
    "incomeBeforeTax": 524399999,
    "incomeBeforeTaxRatio": 0.1452671816,
    "incomeTaxExpense": 141200000,
    "netIncome": 366300000,
    "netIncomeRatio": 0.1014709549,
    "eps": 1.84,
    "epsdiluted": 1.82,
    "weightedAverageShsOut": 198900000,
    "weightedAverageShsOutDil": 201600000,
    "link": "https://www.sec.gov/Archives/edgar/data/29989/000002998923000026/0000029989-23-000026-index.htm",
    "finalLink": "https://www.sec.gov/Archives/edgar/data/29989/000002998923000026/omc-20230630.htm"
  },
  {
    "date": "2023-03-31",
    "symbol": "OMC",
    "reportedCurrency": "USD",
    "cik": "0000029989",
    "fillingDate": "2023-04-19",
    "acceptedDate": "2023-04-19 06:22:53",
    "calendarYear": "2023",
    "period": "Q1",
    "revenue": 3443300000,
    "costOfRevenue": 2888400000,
    "grossProfit": 554900000,
    "grossProfitRatio": 0.1611535446,
    "researchAndDevelopmentExpenses": 0,
    "generalAndAdministrativeExpenses": 0,
    "sellingAndMarketingExpenses": 0,
    "sellingGeneralAndAdministrativeExpenses": 89200000,
    "otherExpenses": 0,
    "operatingExpenses": 89200000,
    "costAndExpenses": 2977600000,
    "interestIncome": 35600000,
    "interestExpense": 54900000,
    "depreciationAndAmortization": 53900000,
    "ebitda": 436000000,
    "ebitdaratio": 0.1266227166,
    "operatingIncome": 465700000,
    "operatingIncomeRatio": 0.1352481631,
    "totalOtherIncomeExpensesNet": -138400000,
    "incomeBeforeTax": 327300000,
    "incomeBeforeTaxRatio": 0.0950541632,
    "incomeTaxExpense": 83400000,
    "netIncome": 227500000,
    "netIncomeRatio": 0.0660703395,
    "eps": 1.13,
    "epsdiluted": 1.11,
    "weightedAverageShsOut": 202200000,
    "weightedAverageShsOutDil": 204500000,
    "link": "https://www.sec.gov/Archives/edgar/data/29989/000002998923000011/0000029989-23-000011-index.htm",
    "finalLink": "https://www.sec.gov/Archives/edgar/data/29989/000002998923000011/omc-20230331.htm"
  },
  {
    "date": "2022-12-31",
    "symbol": "OMC",
    "reportedCurrency": "USD",
    "cik": "0000029989",
    "fillingDate": "2023-02-08",
    "acceptedDate": "2023-02-08 06:27:42",
    "calendarYear": "2022",
    "period": "Q4",
    "revenue": 3868200000,
    "costOfRevenue": 3141000000,
    "grossProfit": 727200000,
    "grossProfitRatio": 0.187994416,
    "researchAndDevelopmentExpenses": 0,
    "generalAndAdministrativeExpenses": 0,
    "sellingAndMarketingExpenses": 0,
    "sellingGeneralAndAdministrativeExpenses": 84500000,
    "otherExpenses": 0,
    "operatingExpenses": 84500000,
    "costAndExpenses": 3225500000,
    "interestIncome": 28500000,
    "interestExpense": 54400000,
    "depreciationAndAmortization": 54600000,
    "ebitda": 725800000,
    "ebitdaratio": 0.1876324906,
    "operatingIncome": 642700000,
    "operatingIncomeRatio": 0.1661496303,
    "totalOtherIncomeExpensesNet": -23300000,
    "incomeBeforeTax": 619400000,
    "incomeBeforeTaxRatio": 0.1601261569,
    "incomeTaxExpense": 163500000,
    "netIncome": 412700000,
    "netIncomeRatio": 0.1066904503,
    "eps": 2.11,
    "epsdiluted": 2.09,
    "weightedAverageShsOut": 203900000,
    "weightedAverageShsOutDil": 205200000,
    "link": "https://www.sec.gov/Archives/edgar/data/29989/000002998923000005/0000029989-23-000005-index.htm",
    "finalLink": "https://www.sec.gov/Archives/edgar/data/29989/000002998923000005/omc-20221231.htm"
  },
  {
    "date": "2022-09-30",
    "symbol": "OMC",
    "reportedCurrency": "USD",
    "cik": "0000029989",
    "fillingDate": "2022-10-19",
    "acceptedDate": "2022-10-19 06:47:58",
    "calendarYear": "2022",
    "period": "Q3",
    "revenue": 3443400000,
    "costOfRevenue": 2811000000,
    "grossProfit": 632400000,
    "grossProfitRatio": 0.1836556891,
    "researchAndDevelopmentExpenses": 0,
    "generalAndAdministrativeExpenses": 0,
    "sellingAndMarketingExpenses": 0,
    "sellingGeneralAndAdministrativeExpenses": 86400000,
    "otherExpenses": 0,
    "operatingExpenses": 86400000,
    "costAndExpenses": 2897400000,
    "interestIncome": 22900000,
    "interestExpense": 52000000,
    "depreciationAndAmortization": 53900000,
    "ebitda": 622800000,
    "ebitdaratio": 0.180867747,
    "operatingIncome": 546000000,
    "operatingIncomeRatio": 0.1585642098,
    "totalOtherIncomeExpensesNet": -28000000,
    "incomeBeforeTax": 518000000,
    "incomeBeforeTaxRatio": 0.1504327119,
    "incomeTaxExpense": 134700000,
    "netIncome": 364500000,
    "netIncomeRatio": 0.1058546785,
    "eps": 1.78,
    "epsdiluted": 1.77,
    "weightedAverageShsOut": 205000000,
    "weightedAverageShsOutDil": 206300000,
    "link": "https://www.sec.gov/Archives/edgar/data/29989/000002998922000035/0000029989-22-000035-index.htm",
    "finalLink": "https://www.sec.gov/Archives/edgar/data/29989/000002998922000035/omc-20220930.htm"
  },
  {
    "date": "2022-06-30",
    "symbol": "OMC",
    "reportedCurrency": "USD",
    "cik": "0000029989",
    "fillingDate": "2022-07-20",
    "acceptedDate": "2022-07-20 06:13:14",
    "calendarYear": "2022",
    "period": "Q2",
    "revenue": 3567200000,
    "costOfRevenue": 2914700000,
    "grossProfit": 652500000,
    "grossProfitRatio": 0.1829165732,
    "researchAndDevelopmentExpenses": 0,
    "generalAndAdministrativeExpenses": 0,
    "sellingAndMarketingExpenses": 0,
    "sellingGeneralAndAdministrativeExpenses": 110900000,
    "otherExpenses": 0,
    "operatingExpenses": 110900000,
    "costAndExpenses": 3025600000,
    "interestIncome": 11100000,
    "interestExpense": 51200000,
    "depreciationAndAmortization": 55700000,
    "ebitda": 608400000,
    "ebitdaratio": 0.1705539359,
    "operatingIncome": 541600000,
    "operatingIncomeRatio": 0.1518277641,
    "totalOtherIncomeExpensesNet": -38500000,
    "incomeBeforeTax": 503100000,
    "incomeBeforeTaxRatio": 0.1410349854,
    "incomeTaxExpense": 133100000,
    "netIncome": 348400000,
    "netIncomeRatio": 0.0976676385,
    "eps": 1.7,
    "epsdiluted": 1.68,
    "weightedAverageShsOut": 205300000,
    "weightedAverageShsOutDil": 206900000,
    "link": "https://www.sec.gov/Archives/edgar/data/29989/000002998922000030/0000029989-22-000030-index.htm",
    "finalLink": "https://www.sec.gov/Archives/edgar/data/29989/000002998922000030/omc-20220630.htm"
  },
  {
    "date": "2022-03-31",
    "symbol": "OMC",
    "reportedCurrency": "USD",
    "cik": "0000029989",
    "fillingDate": "2022-04-20",
    "acceptedDate": "2022-04-20 06:44:35",
    "calendarYear": "2022",
    "period": "Q1",
    "revenue": 3410300000,
    "costOfRevenue": 2847200000,
    "grossProfit": 563100000,
    "grossProfitRatio": 0.1651174383,
    "researchAndDevelopmentExpenses": 0,
    "generalAndAdministrativeExpenses": 0,
    "sellingAndMarketingExpenses": 0,
    "sellingGeneralAndAdministrativeExpenses": 96700000,
    "otherExpenses": 0,
    "operatingExpenses": 96700000,
    "costAndExpenses": 2943900000,
    "interestIncome": 8200000,
    "interestExpense": 51000000,
    "depreciationAndAmortization": 55200000,
    "ebitda": 416400000,
    "ebitdaratio": 0.122100695,
    "operatingIncome": 466400000,
    "operatingIncomeRatio": 0.1367621617,
    "totalOtherIncomeExpensesNet": -156300000,
    "incomeBeforeTax": 310100000,
    "incomeBeforeTaxRatio": 0.0909304167,
    "incomeTaxExpense": 115500000,
    "netIncome": 173800000,
    "netIncomeRatio": 0.0509632584,
    "eps": 0.83,
    "epsdiluted": 0.83,
    "weightedAverageShsOut": 209397590,
    "weightedAverageShsOutDil": 209800000,
    "link": "https://www.sec.gov/Archives/edgar/data/29989/000002998922000020/0000029989-22-000020-index.htm",
    "finalLink": "https://www.sec.gov/Archives/edgar/data/29989/000002998922000020/omc-20220331.htm"
  },
  {
    "date": "2021-12-31",
    "symbol": "OMC",
    "reportedCurrency": "USD",
    "cik": "0000029989",
    "fillingDate": "2022-02-09",
    "acceptedDate": "2022-02-09 06:36:00",
    "calendarYear": "2021",
    "period": "Q4",
    "revenue": 3855900000,
    "costOfRevenue": 3123500000,
    "grossProfit": 732400000,
    "grossProfitRatio": 0.1899426852,
    "researchAndDevelopmentExpenses": 0,
    "generalAndAdministrativeExpenses": 0,
    "sellingAndMarketingExpenses": 0,
    "sellingGeneralAndAdministrativeExpenses": 109900000,
    "otherExpenses": 0,
    "operatingExpenses": 109900000,
    "costAndExpenses": 3233400000,
    "interestIncome": 7200000,
    "interestExpense": 51600000,
    "depreciationAndAmortization": 54200000,
    "ebitda": 683900000,
    "ebitdaratio": 0.1773645582,
    "operatingIncome": 622500000,
    "operatingIncomeRatio": 0.1614409087,
    "totalOtherIncomeExpensesNet": -39000000,
    "incomeBeforeTax": 583500000,
    "incomeBeforeTaxRatio": 0.1513265386,
    "incomeTaxExpense": 133600000,
    "netIncome": 416200000,
    "netIncomeRatio": 0.1079384839,
    "eps": 1.96,
    "epsdiluted": 1.95,
    "weightedAverageShsOut": 212200000,
    "weightedAverageShsOutDil": 213300000,
    "link": "https://www.sec.gov/Archives/edgar/data/29989/000002998922000012/0000029989-22-000012-index.htm",
    "finalLink": "https://www.sec.gov/Archives/edgar/data/29989/000002998922000012/omc-20211231.htm"
  },
  {
    "date": "2021-09-30",
    "symbol": "OMC",
    "reportedCurrency": "USD",
    "cik": "0000029989",
    "fillingDate": "2021-10-20",
    "acceptedDate": "2021-10-20 07:33:17",
    "calendarYear": "2021",
    "period": "Q3",
    "revenue": 3435000000,
    "costOfRevenue": 2798400000,
    "grossProfit": 636600000,
    "grossProfitRatio": 0.1853275109,
    "researchAndDevelopmentExpenses": 0,
    "generalAndAdministrativeExpenses": 0,
    "sellingAndMarketingExpenses": 0,
    "sellingGeneralAndAdministrativeExpenses": 95000000,
    "otherExpenses": 0,
    "operatingExpenses": 95000000,
    "costAndExpenses": 2893400000,
    "interestIncome": 7000000,
    "interestExpense": 50700000,
    "depreciationAndAmortization": 51100000,
    "ebitda": 599700000,
    "ebitdaratio": 0.1745851528,
    "operatingIncome": 541600000,
    "operatingIncomeRatio": 0.1576710335,
    "totalOtherIncomeExpensesNet": -41500000,
    "incomeBeforeTax": 500100000,
    "incomeBeforeTaxRatio": 0.1455895197,
    "incomeTaxExpense": 120000000,
    "netIncome": 355600000,
    "netIncomeRatio": 0.1035225619,
    "eps": 1.66,
    "epsdiluted": 1.65,
    "weightedAverageShsOut": 214000000,
    "weightedAverageShsOutDil": 215400000,
    "link": "https://www.sec.gov/Archives/edgar/data/29989/000002998921000019/0000029989-21-000019-index.htm",
    "finalLink": "https://www.sec.gov/Archives/edgar/data/29989/000002998921000019/omc-20210930.htm"
  },
  {
    "date": "2021-06-30",
    "symbol": "OMC",
    "reportedCurrency": "USD",
    "cik": "0000029989",
    "fillingDate": "2021-07-20",
    "acceptedDate": "2021-07-20 17:02:17",
    "calendarYear": "2021",
    "period": "Q2",
    "revenue": 3571600000,
    "costOfRevenue": 2950500000,
    "grossProfit": 621100000,
    "grossProfitRatio": 0.1738996528,
    "researchAndDevelopmentExpenses": 0,
    "generalAndAdministrativeExpenses": 0,
    "sellingAndMarketingExpenses": 0,
    "sellingGeneralAndAdministrativeExpenses": 103200000,
    "otherExpenses": 0,
    "operatingExpenses": 103200000,
    "costAndExpenses": 3053700000,
    "interestIncome": 6800000,
    "interestExpense": 80300000,
    "depreciationAndAmortization": 53500000,
    "ebitda": 628700000,
    "ebitdaratio": 0.1760275507,
    "operatingIncome": 517900000,
    "operatingIncomeRatio": 0.1450050398,
    "totalOtherIncomeExpensesNet": -23100000,
    "incomeBeforeTax": 494800000,
    "incomeBeforeTaxRatio": 0.1385373502,
    "incomeTaxExpense": 123200000,
    "netIncome": 348200000,
    "netIncomeRatio": 0.0974913204,
    "eps": 1.62,
    "epsdiluted": 1.6,
    "weightedAverageShsOut": 215400000,
    "weightedAverageShsOutDil": 217100000,
    "link": "https://www.sec.gov/Archives/edgar/data/29989/000002998921000016/0000029989-21-000016-index.htm",
    "finalLink": "https://www.sec.gov/Archives/edgar/data/29989/000002998921000016/omc-20210630.htm"
  },
  {
    "date": "2021-03-31",
    "symbol": "OMC",
    "reportedCurrency": "USD",
    "cik": "0000029989",
    "fillingDate": "2021-04-20",
    "acceptedDate": "2021-04-20 17:11:36",
    "calendarYear": "2021",
    "period": "Q1",
    "revenue": 3426900000,
    "costOfRevenue": 2889900000,
    "grossProfit": 537000000,
    "grossProfitRatio": 0.1567013919,
    "researchAndDevelopmentExpenses": 0,
    "generalAndAdministrativeExpenses": 0,
    "sellingAndMarketingExpenses": 0,
    "sellingGeneralAndAdministrativeExpenses": 71600000,
    "otherExpenses": 0,
    "operatingExpenses": 71600000,
    "costAndExpenses": 2961500000,
    "interestIncome": 6300000,
    "interestExpense": 53800000,
    "depreciationAndAmortization": 53300000,
    "ebitda": 525000000,
    "ebitdaratio": 0.1531996848,
    "operatingIncome": 465400000,
    "operatingIncomeRatio": 0.135807873,
    "totalOtherIncomeExpensesNet": -47500000,
    "incomeBeforeTax": 417900000,
    "incomeBeforeTaxRatio": 0.1219469491,
    "incomeTaxExpense": 111900000,
    "netIncome": 287800000,
    "netIncomeRatio": 0.0839826082,
    "eps": 1.33,
    "epsdiluted": 1.33,
    "weightedAverageShsOut": 215600000,
    "weightedAverageShsOutDil": 216800000,
    "link": "https://www.sec.gov/Archives/edgar/data/29989/000002998921000009/0000029989-21-000009-index.htm",
    "finalLink": "https://www.sec.gov/Archives/edgar/data/29989/000002998921000009/omc-20210331.htm"
  },
  {
    "date": "2020-12-31",
    "symbol": "OMC",
    "reportedCurrency": "USD",
    "cik": "0000029989",
    "fillingDate": "2021-02-18",
    "acceptedDate": "2021-02-18 16:36:41",
    "calendarYear": "2020",
    "period": "Q4",
    "revenue": 3757000000,
    "costOfRevenue": 3085700000,
    "grossProfit": 671300000,
    "grossProfitRatio": 0.1786797977,
    "researchAndDevelopmentExpenses": 0,
    "generalAndAdministrativeExpenses": 86800000,
    "sellingAndMarketingExpenses": 14600000,
    "sellingGeneralAndAdministrativeExpenses": 101400000,
    "otherExpenses": 0,
    "operatingExpenses": 101400000,
    "costAndExpenses": 3187100000,
    "interestIncome": 7300000,
    "interestExpense": 55300000,
    "depreciationAndAmortization": 53800000,
    "ebitda": 675800000,
    "ebitdaratio": 0.1798775619,
    "operatingIncome": 569900000,
    "operatingIncomeRatio": 0.1516901783,
    "totalOtherIncomeExpensesNet": 100000,
    "incomeBeforeTax": 570000000,
    "incomeBeforeTaxRatio": 0.1517167953,
    "incomeTaxExpense": 141500000,
    "netIncome": 398100000,
    "netIncomeRatio": 0.1059622039,
    "eps": 1.85,
    "epsdiluted": 1.84,
    "weightedAverageShsOut": 215500000,
    "weightedAverageShsOutDil": 216100000,
    "link": "https://www.sec.gov/Archives/edgar/data/29989/000002998921000004/0000029989-21-000004-index.htm",
    "finalLink": "https://www.sec.gov/Archives/edgar/data/29989/000002998921000004/omc-20201231.htm"
  },
  {
    "date": "2020-09-30",
    "symbol": "OMC",
    "reportedCurrency": "USD",
    "cik": "0000029989",
    "fillingDate": "2020-10-27",
    "acceptedDate": "2020-10-27 16:51:15",
    "calendarYear": "2020",
    "period": "Q3",
    "revenue": 3206500000,
    "costOfRevenue": 2614900000,
    "grossProfit": 591600000,
    "grossProfitRatio": 0.1845002339,
    "researchAndDevelopmentExpenses": 0,
    "generalAndAdministrativeExpenses": 0,
    "sellingAndMarketingExpenses": 0,
    "sellingGeneralAndAdministrativeExpenses": 90200000,
    "otherExpenses": 0,
    "operatingExpenses": 90200000,
    "costAndExpenses": 2705100000,
    "interestIncome": 5900000,
    "interestExpense": 54400000,
    "depreciationAndAmortization": 54700000,
    "ebitda": 562000000,
    "ebitdaratio": 0.1752689849,
    "operatingIncome": 501400000,
    "operatingIncomeRatio": 0.1563698737,
    "totalOtherIncomeExpensesNet": -45600000,
    "incomeBeforeTax": 455800000,
    "incomeBeforeTaxRatio": 0.1421487603,
    "incomeTaxExpense": 120900000,
    "netIncome": 313300000,
    "netIncomeRatio": 0.0977077811,
    "eps": 1.45,
    "epsdiluted": 1.45,
    "weightedAverageShsOut": 215400000,
    "weightedAverageShsOutDil": 215800000,
    "link": "https://www.sec.gov/Archives/edgar/data/29989/000002998920000016/0000029989-20-000016-index.htm",
    "finalLink": "https://www.sec.gov/Archives/edgar/data/29989/000002998920000016/omc-20200930.htm"
  },
  {
    "date": "2020-06-30",
    "symbol": "OMC",
    "reportedCurrency": "USD",
    "cik": "0000029989",
    "fillingDate": "2020-07-28",
    "acceptedDate": "2020-07-28 17:21:22",
    "calendarYear": "2020",
    "period": "Q2",
    "revenue": 2800700000,
    "costOfRevenue": 2378200000,
    "grossProfit": 422500000,
    "grossProfitRatio": 0.1508551434,
    "researchAndDevelopmentExpenses": 0,
    "generalAndAdministrativeExpenses": 0,
    "sellingAndMarketingExpenses": 0,
    "sellingGeneralAndAdministrativeExpenses": 82100000,
    "otherExpenses": 0,
    "operatingExpenses": 82100000,
    "costAndExpenses": 2460300000,
    "interestIncome": 6500000,
    "interestExpense": 53700000,
    "depreciationAndAmortization": 57100000,
    "ebitda": 126100000,
    "ebitdaratio": 0.0450244582,
    "operatingIncome": 340400000,
    "operatingIncomeRatio": 0.1215410433,
    "totalOtherIncomeExpensesNet": -332900000,
    "incomeBeforeTax": 7500000,
    "incomeBeforeTaxRatio": 0.002677902,
    "incomeTaxExpense": 21900000,
    "netIncome": -24200000,
    "netIncomeRatio": -0.008640697,
    "eps": -0.11,
    "epsdiluted": -0.11,
    "weightedAverageShsOut": 214900000,
    "weightedAverageShsOutDil": 215400000,
    "link": "https://www.sec.gov/Archives/edgar/data/29989/000002998920000010/0000029989-20-000010-index.htm",
    "finalLink": "https://www.sec.gov/Archives/edgar/data/29989/000002998920000010/omc-20200630.htm"
  },
  {
    "date": "2020-03-31",
    "symbol": "OMC",
    "reportedCurrency": "USD",
    "cik": "0000029989",
    "fillingDate": "2020-04-28",
    "acceptedDate": "2020-04-28 17:01:15",
    "calendarYear": "2020",
    "period": "Q1",
    "revenue": 3406900000,
    "costOfRevenue": 2899900000,
    "grossProfit": 507000000,
    "grossProfitRatio": 0.1488156389,
    "researchAndDevelopmentExpenses": 0,
    "generalAndAdministrativeExpenses": 86800000,
    "sellingAndMarketingExpenses": 0,
    "sellingGeneralAndAdministrativeExpenses": 86800000,
    "otherExpenses": 0,
    "operatingExpenses": 86800000,
    "costAndExpenses": 2986700000,
    "interestIncome": 12700000,
    "interestExpense": 58500000,
    "depreciationAndAmortization": 57000000,
    "ebitda": 482200000,
    "ebitdaratio": 0.141536294,
    "operatingIncome": 420200000,
    "operatingIncomeRatio": 0.1233379318,
    "totalOtherIncomeExpensesNet": -51100000,
    "incomeBeforeTax": 369100000,
    "incomeBeforeTaxRatio": 0.1083389592,
    "incomeTaxExpense": 97400000,
    "netIncome": 258100000,
    "netIncomeRatio": 0.0757580205,
    "eps": 1.19,
    "epsdiluted": 1.19,
    "weightedAverageShsOut": 216600000,
    "weightedAverageShsOutDil": 217500000,
    "link": "https://www.sec.gov/Archives/edgar/data/29989/000002998920000007/0000029989-20-000007-index.htm",
    "finalLink": "https://www.sec.gov/Archives/edgar/data/29989/000002998920000007/omc-20200331.htm"
  },
  {
    "date": "2019-12-31",
    "symbol": "OMC",
    "reportedCurrency": "USD",
    "cik": "0000029989",
    "fillingDate": "2020-02-11",
    "acceptedDate": "2020-02-11 16:48:07",
    "calendarYear": "2019",
    "period": "Q4",
    "revenue": 4141200000,
    "costOfRevenue": 3397300000,
    "grossProfit": 743900000,
    "grossProfitRatio": 0.1796339225,
    "researchAndDevelopmentExpenses": 0,
    "generalAndAdministrativeExpenses": 97500000,
    "sellingAndMarketingExpenses": 0,
    "sellingGeneralAndAdministrativeExpenses": 97500000,
    "otherExpenses": 0,
    "operatingExpenses": 97500000,
    "costAndExpenses": 3494800000,
    "interestIncome": 13400000,
    "interestExpense": 57000000,
    "depreciationAndAmortization": 56200000,
    "ebitda": 721000000,
    "ebitdaratio": 0.1741041244,
    "operatingIncome": 646400000,
    "operatingIncomeRatio": 0.1560900222,
    "totalOtherIncomeExpensesNet": -37800000,
    "incomeBeforeTax": 608600000,
    "incomeBeforeTaxRatio": 0.1469622332,
    "incomeTaxExpense": 158800000,
    "netIncome": 415000000,
    "netIncomeRatio": 0.1002124988,
    "eps": 1.9,
    "epsdiluted": 1.89,
    "weightedAverageShsOut": 218200000,
    "weightedAverageShsOutDil": 219300000,
    "link": "https://www.sec.gov/Archives/edgar/data/29989/000002998920000005/0000029989-20-000005-index.htm",
    "finalLink": "https://www.sec.gov/Archives/edgar/data/29989/000002998920000005/omc-20191231.htm"
  },
  {
    "date": "2019-09-30",
    "symbol": "OMC",
    "reportedCurrency": "USD",
    "cik": "0000029989",
    "fillingDate": "2019-10-15",
    "acceptedDate": "2019-10-15 17:27:26",
    "calendarYear": "2019",
    "period": "Q3",
    "revenue": 3623800000,
    "costOfRevenue": 3053300000,
    "grossProfit": 570500000,
    "grossProfitRatio": 0.1574314256,
    "researchAndDevelopmentExpenses": 0,
    "generalAndAdministrativeExpenses": 97200000,
    "sellingAndMarketingExpenses": 0,
    "sellingGeneralAndAdministrativeExpenses": 97200000,
    "otherExpenses": 0,
    "operatingExpenses": 97200000,
    "costAndExpenses": 3150500000,
    "interestIncome": 13500000,
    "interestExpense": 62800000,
    "depreciationAndAmortization": 57900000,
    "ebitda": 542000000,
    "ebitdaratio": 0.1495667531,
    "operatingIncome": 473300000,
    "operatingIncomeRatio": 0.1306087532,
    "totalOtherIncomeExpensesNet": -48800000,
    "incomeBeforeTax": 424500000,
    "incomeBeforeTaxRatio": 0.1171422264,
    "incomeTaxExpense": 112300000,
    "netIncome": 290200000,
    "netIncomeRatio": 0.0800816822,
    "eps": 1.33,
    "epsdiluted": 1.32,
    "weightedAverageShsOut": 218200000,
    "weightedAverageShsOutDil": 219400000,
    "link": "https://www.sec.gov/Archives/edgar/data/29989/000002998919000019/0000029989-19-000019-index.htm",
    "finalLink": "https://www.sec.gov/Archives/edgar/data/29989/000002998919000019/a2019q310-q.htm"
  },
  {
    "date": "2019-06-30",
    "symbol": "OMC",
    "reportedCurrency": "USD",
    "cik": "0000029989",
    "fillingDate": "2019-07-17",
    "acceptedDate": "2019-07-17 16:38:31",
    "calendarYear": "2019",
    "period": "Q2",
    "revenue": 3719800000,
    "costOfRevenue": 3038400000,
    "grossProfit": 681400000,
    "grossProfitRatio": 0.1831818915,
    "researchAndDevelopmentExpenses": 0,
    "generalAndAdministrativeExpenses": 107700000,
    "sellingAndMarketingExpenses": 0,
    "sellingGeneralAndAdministrativeExpenses": 107700000,
    "otherExpenses": 0,
    "operatingExpenses": 107700000,
    "costAndExpenses": 3146100000,
    "interestIncome": 16400000,
    "interestExpense": 66600000,
    "depreciationAndAmortization": 57800000,
    "ebitda": 644200000,
    "ebitdaratio": 0.1731813538,
    "operatingIncome": 573700000,
    "operatingIncomeRatio": 0.154228722,
    "totalOtherIncomeExpensesNet": -49000000,
    "incomeBeforeTax": 524700000,
    "incomeBeforeTaxRatio": 0.1410559708,
    "incomeTaxExpense": 130600000,
    "netIncome": 370700000,
    "netIncomeRatio": 0.0996558955,
    "eps": 1.69,
    "epsdiluted": 1.68,
    "weightedAverageShsOut": 219600000,
    "weightedAverageShsOutDil": 220900000,
    "link": "https://www.sec.gov/Archives/edgar/data/29989/000002998919000017/0000029989-19-000017-index.htm",
    "finalLink": "https://www.sec.gov/Archives/edgar/data/29989/000002998919000017/a2019q210-q.htm"
  },
  {
    "date": "2019-03-31",
    "symbol": "OMC",
    "reportedCurrency": "USD",
    "cik": "0000029989",
    "fillingDate": "2019-04-16",
    "acceptedDate": "2019-04-16 17:14:51",
    "calendarYear": "2019",
    "period": "Q1",
    "revenue": 3468900000,
    "costOfRevenue": 2936400000,
    "grossProfit": 532500000,
    "grossProfitRatio": 0.1535068754,
    "researchAndDevelopmentExpenses": 0,
    "generalAndAdministrativeExpenses": 103600000,
    "sellingAndMarketingExpenses": 0,
    "sellingGeneralAndAdministrativeExpenses": 103600000,
    "otherExpenses": 0,
    "operatingExpenses": 103600000,
    "costAndExpenses": 3040000000,
    "interestIncome": 17000000,
    "interestExpense": 63000000,
    "depreciationAndAmortization": 59600000,
    "ebitda": 501500000,
    "ebitdaratio": 0.1445703249,
    "operatingIncome": 428900000,
    "operatingIncomeRatio": 0.1236415002,
    "totalOtherIncomeExpensesNet": -46500000,
    "incomeBeforeTax": 382400000,
    "incomeBeforeTaxRatio": 0.1102366745,
    "incomeTaxExpense": 102700000,
    "netIncome": 263200000,
    "netIncomeRatio": 0.0758741964,
    "eps": 1.18,
    "epsdiluted": 1.17,
    "weightedAverageShsOut": 223200000,
    "weightedAverageShsOutDil": 224200000,
    "link": "https://www.sec.gov/Archives/edgar/data/29989/000002998919000011/0000029989-19-000011-index.htm",
    "finalLink": "https://www.sec.gov/Archives/edgar/data/29989/000002998919000011/a2019q110-q.htm"
  },
  {
    "date": "2018-12-31",
    "symbol": "OMC",
    "reportedCurrency": "USD",
    "cik": "0000029989",
    "fillingDate": "2019-02-12",
    "acceptedDate": "2019-02-12 16:51:43",
    "calendarYear": "2018",
    "period": "Q4",
    "revenue": 4086700000,
    "costOfRevenue": 3340500000,
    "grossProfit": 746200000,
    "grossProfitRatio": 0.1825923116,
    "researchAndDevelopmentExpenses": 0,
    "generalAndAdministrativeExpenses": 119100000,
    "sellingAndMarketingExpenses": -100000,
    "sellingGeneralAndAdministrativeExpenses": 119000000,
    "otherExpenses": 0,
    "operatingExpenses": 119000000,
    "costAndExpenses": 3459500000,
    "interestIncome": 15200000,
    "interestExpense": 61700000,
    "depreciationAndAmortization": 61300000,
    "ebitda": 697100000,
    "ebitdaratio": 0.1705777278,
    "operatingIncome": 627200000,
    "operatingIncomeRatio": 0.1534734627,
    "totalOtherIncomeExpensesNet": -47800000,
    "incomeBeforeTax": 579400000,
    "incomeBeforeTaxRatio": 0.1417769839,
    "incomeTaxExpense": 149700000,
    "netIncome": 399200000,
    "netIncomeRatio": 0.0976827269,
    "eps": 1.78,
    "epsdiluted": 1.77,
    "weightedAverageShsOut": 224600000,
    "weightedAverageShsOutDil": 225600000,
    "link": "https://www.sec.gov/Archives/edgar/data/29989/000002998919000007/0000029989-19-000007-index.htm",
    "finalLink": "https://www.sec.gov/Archives/edgar/data/29989/000002998919000007/a2018q410-k.htm"
  },
  {
    "date": "2018-09-30",
    "symbol": "OMC",
    "reportedCurrency": "USD",
    "cik": "0000029989",
    "fillingDate": "2018-10-16",
    "acceptedDate": "2018-10-16 17:21:43",
    "calendarYear": "2018",
    "period": "Q3",
    "revenue": 3714300000,
    "costOfRevenue": 3129700000,
    "grossProfit": 584600000,
    "grossProfitRatio": 0.1573917023,
    "researchAndDevelopmentExpenses": 0,
    "generalAndAdministrativeExpenses": 113500000,
    "sellingAndMarketingExpenses": 0,
    "sellingGeneralAndAdministrativeExpenses": 111300000,
    "otherExpenses": 0,
    "operatingExpenses": 111300000,
    "costAndExpenses": 3241000000,
    "interestIncome": 12700000,
    "interestExpense": 69400000,
    "depreciationAndAmortization": 65900000,
    "ebitda": 574700000,
    "ebitdaratio": 0.154726328,
    "operatingIncome": 473300000,
    "operatingIncomeRatio": 0.127426433,
    "totalOtherIncomeExpensesNet": -26700000,
    "incomeBeforeTax": 446600000,
    "incomeBeforeTaxRatio": 0.1202379991,
    "incomeTaxExpense": 115300000,
    "netIncome": 298900000,
    "netIncomeRatio": 0.0804727674,
    "eps": 1.33,
    "epsdiluted": 1.32,
    "weightedAverageShsOut": 224800000,
    "weightedAverageShsOutDil": 225900000,
    "link": "https://www.sec.gov/Archives/edgar/data/29989/000002998918000019/0000029989-18-000019-index.htm",
    "finalLink": "https://www.sec.gov/Archives/edgar/data/29989/000002998918000019/a2018q310-q.htm"
  },
  {
    "date": "2018-06-30",
    "symbol": "OMC",
    "reportedCurrency": "USD",
    "cik": "0000029989",
    "fillingDate": "2018-07-17",
    "acceptedDate": "2018-07-17 16:02:32",
    "calendarYear": "2018",
    "period": "Q2",
    "revenue": 3859600000,
    "costOfRevenue": 3159900000,
    "grossProfit": 699700000,
    "grossProfitRatio": 0.1812882164,
    "researchAndDevelopmentExpenses": 0,
    "generalAndAdministrativeExpenses": 117400000,
    "sellingAndMarketingExpenses": 0,
    "sellingGeneralAndAdministrativeExpenses": 117400000,
    "otherExpenses": 0,
    "operatingExpenses": 117400000,
    "costAndExpenses": 3277300000,
    "interestIncome": 13900000,
    "interestExpense": 66400000,
    "depreciationAndAmortization": 67400000,
    "ebitda": 657800000,
    "ebitdaratio": 0.1704321691,
    "operatingIncome": 582300000,
    "operatingIncomeRatio": 0.1508705565,
    "totalOtherIncomeExpensesNet": -50800000,
    "incomeBeforeTax": 531499999,
    "incomeBeforeTaxRatio": 0.1377085706,
    "incomeTaxExpense": 136700000,
    "netIncome": 364200000,
    "netIncomeRatio": 0.0943621101,
    "eps": 1.61,
    "epsdiluted": 1.6,
    "weightedAverageShsOut": 226800000,
    "weightedAverageShsOutDil": 228100000,
    "link": "https://www.sec.gov/Archives/edgar/data/29989/000002998918000012/0000029989-18-000012-index.htm",
    "finalLink": "https://www.sec.gov/Archives/edgar/data/29989/000002998918000012/a2018q210-q.htm"
  },
  {
    "date": "2018-03-31",
    "symbol": "OMC",
    "reportedCurrency": "USD",
    "cik": "0000029989",
    "fillingDate": "2018-04-17",
    "acceptedDate": "2018-04-17 16:04:54",
    "calendarYear": "2018",
    "period": "Q1",
    "revenue": 3629600000,
    "costOfRevenue": 3102500000,
    "grossProfit": 527100000,
    "grossProfitRatio": 0.1452226141,
    "researchAndDevelopmentExpenses": 0,
    "generalAndAdministrativeExpenses": 105400000,
    "sellingAndMarketingExpenses": 0,
    "sellingGeneralAndAdministrativeExpenses": 105400000,
    "otherExpenses": 0,
    "operatingExpenses": 105400000,
    "costAndExpenses": 3207900000,
    "interestIncome": 15400000,
    "interestExpense": 62300000,
    "depreciationAndAmortization": 69400000,
    "ebitda": 500600000,
    "ebitdaratio": 0.1379215341,
    "operatingIncome": 421700000,
    "operatingIncomeRatio": 0.1161836015,
    "totalOtherIncomeExpensesNet": -46100000,
    "incomeBeforeTax": 375600000,
    "incomeBeforeTaxRatio": 0.1034824774,
    "incomeTaxExpense": 90900000,
    "netIncome": 264100000,
    "netIncomeRatio": 0.0727628389,
    "eps": 1.15,
    "epsdiluted": 1.14,
    "weightedAverageShsOut": 230200000,
    "weightedAverageShsOutDil": 231500000,
    "link": "https://www.sec.gov/Archives/edgar/data/29989/000002998918000007/0000029989-18-000007-index.htm",
    "finalLink": "https://www.sec.gov/Archives/edgar/data/29989/000002998918000007/a2018q110-q.htm"
  },
  {
    "date": "2017-12-31",
    "symbol": "OMC",
    "reportedCurrency": "USD",
    "cik": "0000029989",
    "fillingDate": "2018-02-15",
    "acceptedDate": "2018-02-15 16:15:53",
    "calendarYear": "2017",
    "period": "Q4",
    "revenue": 4176600000,
    "costOfRevenue": 3428600000,
    "grossProfit": 747900000,
    "grossProfitRatio": 0.1790690993,
    "researchAndDevelopmentExpenses": 0,
    "generalAndAdministrativeExpenses": 121400000,
    "sellingAndMarketingExpenses": 100000,
    "sellingGeneralAndAdministrativeExpenses": 121500000,
    "otherExpenses": 0,
    "operatingExpenses": 121500000,
    "costAndExpenses": 3550100000,
    "interestIncome": 11700000,
    "interestExpense": 55300000,
    "depreciationAndAmortization": 69800000,
    "ebitda": 701500000,
    "ebitdaratio": 0.1679595844,
    "operatingIncome": 626400000,
    "operatingIncomeRatio": 0.1499784514,
    "totalOtherIncomeExpensesNet": -49100000,
    "incomeBeforeTax": 577300000,
    "incomeBeforeTaxRatio": 0.1382224776,
    "incomeTaxExpense": 289500000,
    "netIncome": 254400000,
    "netIncomeRatio": 0.0609107887,
    "eps": 1.1,
    "epsdiluted": 1.09,
    "weightedAverageShsOut": 231200000,
    "weightedAverageShsOutDil": 232300000,
    "link": "https://www.sec.gov/Archives/edgar/data/29989/000002998918000004/0000029989-18-000004-index.htm",
    "finalLink": "https://www.sec.gov/Archives/edgar/data/29989/000002998918000004/a2017q410-k.htm"
  },
  {
    "date": "2017-09-30",
    "symbol": "OMC",
    "reportedCurrency": "USD",
    "cik": "0000029989",
    "fillingDate": "2017-10-17",
    "acceptedDate": "2017-10-17 16:20:03",
    "calendarYear": "2017",
    "period": "Q3",
    "revenue": 3719500000,
    "costOfRevenue": 3149800000,
    "grossProfit": 569700000,
    "grossProfitRatio": 0.1531657481,
    "researchAndDevelopmentExpenses": 0,
    "generalAndAdministrativeExpenses": 99500000,
    "sellingAndMarketingExpenses": 0,
    "sellingGeneralAndAdministrativeExpenses": 99500000,
    "otherExpenses": 0,
    "operatingExpenses": 99500000,
    "costAndExpenses": 3249300000,
    "interestIncome": 12600000,
    "interestExpense": 65000000,
    "depreciationAndAmortization": 68600000,
    "ebitda": 545000000,
    "ebitdaratio": 0.1465250706,
    "operatingIncome": 470200000,
    "operatingIncomeRatio": 0.1264148407,
    "totalOtherIncomeExpensesNet": -51300000,
    "incomeBeforeTax": 418900000,
    "incomeBeforeTaxRatio": 0.1126226643,
    "incomeTaxExpense": 132000000,
    "netIncome": 263600000,
    "netIncomeRatio": 0.0708697406,
    "eps": 1.14,
    "epsdiluted": 1.13,
    "weightedAverageShsOut": 231200000,
    "weightedAverageShsOutDil": 232700000,
    "link": "https://www.sec.gov/Archives/edgar/data/29989/000002998917000024/0000029989-17-000024-index.htm",
    "finalLink": "https://www.sec.gov/Archives/edgar/data/29989/000002998917000024/a2017q310-q.htm"
  },
  {
    "date": "2017-06-30",
    "symbol": "OMC",
    "reportedCurrency": "USD",
    "cik": "0000029989",
    "fillingDate": "2017-07-20",
    "acceptedDate": "2017-07-20 16:47:33",
    "calendarYear": "2017",
    "period": "Q2",
    "revenue": 3790100000,
    "costOfRevenue": 3108500000,
    "grossProfit": 681600000,
    "grossProfitRatio": 0.1798369436,
    "researchAndDevelopmentExpenses": 0,
    "generalAndAdministrativeExpenses": 120400000,
    "sellingAndMarketingExpenses": 0,
    "sellingGeneralAndAdministrativeExpenses": 110100000,
    "otherExpenses": 0,
    "operatingExpenses": 110100000,
    "costAndExpenses": 3218600000,
    "interestIncome": 11500000,
    "interestExpense": 62800000,
    "depreciationAndAmortization": 71100000,
    "ebitda": 647300000,
    "ebitdaratio": 0.1707870505,
    "operatingIncome": 571500000,
    "operatingIncomeRatio": 0.1507875782,
    "totalOtherIncomeExpensesNet": -49700000,
    "incomeBeforeTax": 521800000,
    "incomeBeforeTaxRatio": 0.1376744677,
    "incomeTaxExpense": 166700000,
    "netIncome": 328600000,
    "netIncomeRatio": 0.0866995594,
    "eps": 1.41,
    "epsdiluted": 1.4,
    "weightedAverageShsOut": 232100000,
    "weightedAverageShsOutDil": 234000000,
    "link": "https://www.sec.gov/Archives/edgar/data/29989/000002998917000017/0000029989-17-000017-index.htm",
    "finalLink": "https://www.sec.gov/Archives/edgar/data/29989/000002998917000017/a2017q210-q.htm"
  },
  {
    "date": "2017-03-31",
    "symbol": "OMC",
    "reportedCurrency": "USD",
    "cik": "0000029989",
    "fillingDate": "2017-05-10",
    "acceptedDate": "2017-05-10 06:30:48",
    "calendarYear": "2017",
    "period": "Q1",
    "revenue": 3587400000,
    "costOfRevenue": 3068900000,
    "grossProfit": 518500000,
    "grossProfitRatio": 0.1445336455,
    "researchAndDevelopmentExpenses": 0,
    "generalAndAdministrativeExpenses": 108600000,
    "sellingAndMarketingExpenses": 0,
    "sellingGeneralAndAdministrativeExpenses": 108600000,
    "otherExpenses": 0,
    "operatingExpenses": 108600000,
    "costAndExpenses": 3177500000,
    "interestIncome": 13900000,
    "interestExpense": 59300000,
    "depreciationAndAmortization": 72700000,
    "ebitda": 496500000,
    "ebitdaratio": 0.1384010704,
    "operatingIncome": 409900000,
    "operatingIncomeRatio": 0.1142610247,
    "totalOtherIncomeExpensesNet": -39600000,
    "incomeBeforeTax": 370300000,
    "incomeBeforeTaxRatio": 0.1032223895,
    "incomeTaxExpense": 108000000,
    "netIncome": 241800000,
    "netIncomeRatio": 0.0674025757,
    "eps": 1.03,
    "epsdiluted": 1.02,
    "weightedAverageShsOut": 234600000,
    "weightedAverageShsOutDil": 236500000,
    "link": "https://www.sec.gov/Archives/edgar/data/29989/000002998917000010/0000029989-17-000010-index.htm",
    "finalLink": "https://www.sec.gov/Archives/edgar/data/29989/000002998917000010/a2017q110-q.htm"
  },
  {
    "date": "2016-12-31",
    "symbol": "OMC",
    "reportedCurrency": "USD",
    "cik": "0000029989",
    "fillingDate": "2017-02-09",
    "acceptedDate": "2017-02-09 15:17:15",
    "calendarYear": "2016",
    "period": "Q4",
    "revenue": 4241800000,
    "costOfRevenue": 3519100000,
    "grossProfit": 722700000,
    "grossProfitRatio": 0.1703757839,
    "researchAndDevelopmentExpenses": 0,
    "generalAndAdministrativeExpenses": 120800000,
    "sellingAndMarketingExpenses": 0,
    "sellingGeneralAndAdministrativeExpenses": 120800000,
    "otherExpenses": 0,
    "operatingExpenses": 120800000,
    "costAndExpenses": 3639900000,
    "interestIncome": 12000000,
    "interestExpense": 52100000,
    "depreciationAndAmortization": 72600000,
    "ebitda": 674500000,
    "ebitdaratio": 0.1590126833,
    "operatingIncome": 601900000,
    "operatingIncomeRatio": 0.1418973077,
    "totalOtherIncomeExpensesNet": -40200000,
    "incomeBeforeTax": 561700000,
    "incomeBeforeTaxRatio": 0.132420199,
    "incomeTaxExpense": 182700000,
    "netIncome": 350300000,
    "netIncomeRatio": 0.0825828658,
    "eps": 1.47,
    "epsdiluted": 1.47,
    "weightedAverageShsOut": 236500000,
    "weightedAverageShsOutDil": 237800000,
    "link": "https://www.sec.gov/Archives/edgar/data/29989/000002998917000004/0000029989-17-000004-index.htm",
    "finalLink": "https://www.sec.gov/Archives/edgar/data/29989/000002998917000004/a201610-k.htm"
  },
  {
    "date": "2016-09-30",
    "symbol": "OMC",
    "reportedCurrency": "USD",
    "cik": "0000029989",
    "fillingDate": "2016-10-19",
    "acceptedDate": "2016-10-19 09:22:44",
    "calendarYear": "2016",
    "period": "Q3",
    "revenue": 3791100000,
    "costOfRevenue": 3233900000,
    "grossProfit": 557200000,
    "grossProfitRatio": 0.1469758118,
    "researchAndDevelopmentExpenses": 0,
    "generalAndAdministrativeExpenses": 104100000,
    "sellingAndMarketingExpenses": 0,
    "sellingGeneralAndAdministrativeExpenses": 104100000,
    "otherExpenses": 0,
    "operatingExpenses": 104100000,
    "costAndExpenses": 3338000000,
    "interestIncome": 10900000,
    "interestExpense": 52900000,
    "depreciationAndAmortization": 73100000,
    "ebitda": 537100000,
    "ebitdaratio": 0.1416739205,
    "operatingIncome": 453100000,
    "operatingIncomeRatio": 0.1195167629,
    "totalOtherIncomeExpensesNet": -42000000,
    "incomeBeforeTax": 411100000,
    "incomeBeforeTaxRatio": 0.1084381842,
    "incomeTaxExpense": 134300000,
    "netIncome": 253800000,
    "netIncomeRatio": 0.0669462689,
    "eps": 1.06,
    "epsdiluted": 1.06,
    "weightedAverageShsOut": 237400000,
    "weightedAverageShsOutDil": 238700000,
    "link": "https://www.sec.gov/Archives/edgar/data/29989/000002998916000032/0000029989-16-000032-index.htm",
    "finalLink": "https://www.sec.gov/Archives/edgar/data/29989/000002998916000032/a2016q310-q.htm"
  },
  {
    "date": "2016-06-30",
    "symbol": "OMC",
    "reportedCurrency": "USD",
    "cik": "0000029989",
    "fillingDate": "2016-07-19",
    "acceptedDate": "2016-07-19 06:14:28",
    "calendarYear": "2016",
    "period": "Q2",
    "revenue": 3884900000,
    "costOfRevenue": 3139200000,
    "grossProfit": 745700000,
    "grossProfitRatio": 0.1919483127,
    "researchAndDevelopmentExpenses": 0,
    "generalAndAdministrativeExpenses": 110900000,
    "sellingAndMarketingExpenses": 0,
    "sellingGeneralAndAdministrativeExpenses": 110900000,
    "otherExpenses": 73000000,
    "operatingExpenses": 183900000,
    "costAndExpenses": 3323100000,
    "interestIncome": 9500000,
    "interestExpense": 44800000,
    "depreciationAndAmortization": 73000000,
    "ebitda": 634800000,
    "ebitdaratio": 0.1634018894,
    "operatingIncome": 561800000,
    "operatingIncomeRatio": 0.1446111869,
    "totalOtherIncomeExpensesNet": -44800000,
    "incomeBeforeTax": 517000000,
    "incomeBeforeTaxRatio": 0.1330793585,
    "incomeTaxExpense": 167900000,
    "netIncome": 326100000,
    "netIncomeRatio": 0.0839403846,
    "eps": 1.36,
    "epsdiluted": 1.36,
    "weightedAverageShsOut": 237700000,
    "weightedAverageShsOutDil": 239000000,
    "link": "https://www.sec.gov/Archives/edgar/data/29989/000002998916000028/0000029989-16-000028-index.htm",
    "finalLink": "https://www.sec.gov/Archives/edgar/data/29989/000002998916000028/a2016q210-q.htm"
  },
  {
    "date": "2016-03-31",
    "symbol": "OMC",
    "reportedCurrency": "USD",
    "cik": "0000029989",
    "fillingDate": "2016-05-10",
    "acceptedDate": "2016-05-10 12:44:50",
    "calendarYear": "2016",
    "period": "Q1",
    "revenue": 3499100000,
    "costOfRevenue": 2924700000,
    "grossProfit": 574400000,
    "grossProfitRatio": 0.1641564974,
    "researchAndDevelopmentExpenses": 0,
    "generalAndAdministrativeExpenses": 108100000,
    "sellingAndMarketingExpenses": 2970600000,
    "sellingGeneralAndAdministrativeExpenses": 3078700000,
    "otherExpenses": 74200000,
    "operatingExpenses": 3107000000,
    "costAndExpenses": 3107000000,
    "interestIncome": 10200000,
    "interestExpense": 40100000,
    "depreciationAndAmortization": 28300000,
    "ebitda": 466300000,
    "ebitdaratio": 0.133262839,
    "operatingIncome": 392100000,
    "operatingIncomeRatio": 0.1120573862,
    "totalOtherIncomeExpensesNet": -40100000,
    "incomeBeforeTax": 352000000,
    "incomeBeforeTaxRatio": 0.1005972964,
    "incomeTaxExpense": 115500000,
    "netIncome": 218400000,
    "netIncomeRatio": 0.0624160498,
    "eps": 0.9,
    "epsdiluted": 0.9,
    "weightedAverageShsOut": 240000000,
    "weightedAverageShsOutDil": 241100000,
    "link": "https://www.sec.gov/Archives/edgar/data/29989/000002998916000025/0000029989-16-000025-index.htm",
    "finalLink": "https://www.sec.gov/Archives/edgar/data/29989/000002998916000025/a2016q110-q.htm"
  },
  {
    "date": "2015-12-31",
    "symbol": "OMC",
    "reportedCurrency": "USD",
    "cik": "0000029989",
    "fillingDate": "2016-02-09",
    "acceptedDate": "2016-02-09 16:38:22",
    "calendarYear": "2015",
    "period": "Q4",
    "revenue": 4153300000,
    "costOfRevenue": 3118800000,
    "grossProfit": 1034500000,
    "grossProfitRatio": 0.2490790456,
    "researchAndDevelopmentExpenses": 0,
    "generalAndAdministrativeExpenses": 459000000,
    "sellingAndMarketingExpenses": 0,
    "sellingGeneralAndAdministrativeExpenses": 459000000,
    "otherExpenses": 0,
    "operatingExpenses": 459000000,
    "costAndExpenses": 3577800000,
    "interestIncome": 10300000,
    "interestExpense": 47100000,
    "depreciationAndAmortization": 72400000,
    "ebitda": 647900000,
    "ebitdaratio": 0.1559964366,
    "operatingIncome": 575500000,
    "operatingIncomeRatio": 0.138564515,
    "totalOtherIncomeExpensesNet": -36800000,
    "incomeBeforeTax": 538700000,
    "incomeBeforeTaxRatio": 0.1297040907,
    "incomeTaxExpense": 176700000,
    "netIncome": 331600000,
    "netIncomeRatio": 0.0798401271,
    "eps": 1.38,
    "epsdiluted": 1.38,
    "weightedAverageShsOut": 240000000,
    "weightedAverageShsOutDil": 240000000,
    "link": "https://www.sec.gov/Archives/edgar/data/29989/000002998916000015/0000029989-16-000015-index.htm",
    "finalLink": "https://www.sec.gov/Archives/edgar/data/29989/000002998916000015/a201510-k.htm"
  },
  {
    "date": "2015-09-30",
    "symbol": "OMC",
    "reportedCurrency": "USD",
    "cik": "0000029989",
    "fillingDate": "2015-10-20",
    "acceptedDate": "2015-10-20 16:03:53",
    "calendarYear": "2015",
    "period": "Q3",
    "revenue": 3706600000,
    "costOfRevenue": 2832600000,
    "grossProfit": 874000000,
    "grossProfitRatio": 0.2357956078,
    "researchAndDevelopmentExpenses": 0,
    "generalAndAdministrativeExpenses": 445700000,
    "sellingAndMarketingExpenses": 0,
    "sellingGeneralAndAdministrativeExpenses": 445700000,
    "otherExpenses": 0,
    "operatingExpenses": 445700000,
    "costAndExpenses": 3278300000,
    "interestIncome": 9700000,
    "interestExpense": 45600000,
    "depreciationAndAmortization": 71700000,
    "ebitda": 500000000,
    "ebitdaratio": 0.1348945125,
    "operatingIncome": 428300000,
    "operatingIncomeRatio": 0.1155506394,
    "totalOtherIncomeExpensesNet": -35900000,
    "incomeBeforeTax": 392400000,
    "incomeBeforeTaxRatio": 0.1058652134,
    "incomeTaxExpense": 128900000,
    "netIncome": 239300000,
    "netIncomeRatio": 0.0645605137,
    "eps": 0.97,
    "epsdiluted": 0.97,
    "weightedAverageShsOut": 243200000,
    "weightedAverageShsOutDil": 244400000,
    "link": "https://www.sec.gov/Archives/edgar/data/29989/000002998915000012/0000029989-15-000012-index.htm",
    "finalLink": "https://www.sec.gov/Archives/edgar/data/29989/000002998915000012/a2015q310-q.htm"
  },
  {
    "date": "2015-06-30",
    "symbol": "OMC",
    "reportedCurrency": "USD",
    "cik": "0000029989",
    "fillingDate": "2015-07-21",
    "acceptedDate": "2015-07-21 16:39:19",
    "calendarYear": "2015",
    "period": "Q2",
    "revenue": 3805300000,
    "costOfRevenue": 2789700000,
    "grossProfit": 1015600000,
    "grossProfitRatio": 0.2668909153,
    "researchAndDevelopmentExpenses": 0,
    "generalAndAdministrativeExpenses": 477000000,
    "sellingAndMarketingExpenses": 0,
    "sellingGeneralAndAdministrativeExpenses": 477000000,
    "otherExpenses": 0,
    "operatingExpenses": 477000000,
    "costAndExpenses": 3266700000,
    "interestIncome": 10100000,
    "interestExpense": 44700000,
    "depreciationAndAmortization": 72800000,
    "ebitda": 611400000,
    "ebitdaratio": 0.1606706436,
    "operatingIncome": 538600000,
    "operatingIncomeRatio": 0.1415394318,
    "totalOtherIncomeExpensesNet": -34600000,
    "incomeBeforeTax": 504000000,
    "incomeBeforeTaxRatio": 0.1324468504,
    "incomeTaxExpense": 165300000,
    "netIncome": 313900000,
    "netIncomeRatio": 0.082490211,
    "eps": 1.27,
    "epsdiluted": 1.26,
    "weightedAverageShsOut": 244500000,
    "weightedAverageShsOutDil": 245700000,
    "link": "https://www.sec.gov/Archives/edgar/data/29989/000002998915000010/0000029989-15-000010-index.htm",
    "finalLink": "https://www.sec.gov/Archives/edgar/data/29989/000002998915000010/a2015q210-q.htm"
  },
  {
    "date": "2015-03-31",
    "symbol": "OMC",
    "reportedCurrency": "USD",
    "cik": "0000029989",
    "fillingDate": "2015-04-21",
    "acceptedDate": "2015-04-21 16:08:30",
    "calendarYear": "2015",
    "period": "Q1",
    "revenue": 3469200000,
    "costOfRevenue": 2620800000,
    "grossProfit": 848400000,
    "grossProfitRatio": 0.2445520581,
    "researchAndDevelopmentExpenses": 0,
    "generalAndAdministrativeExpenses": 470700000,
    "sellingAndMarketingExpenses": 0,
    "sellingGeneralAndAdministrativeExpenses": 470700000,
    "otherExpenses": 0,
    "operatingExpenses": 470700000,
    "costAndExpenses": 3091500000,
    "interestIncome": 9400000,
    "interestExpense": 43600000,
    "depreciationAndAmortization": 74200000,
    "ebitda": 451900000,
    "ebitdaratio": 0.1302605788,
    "operatingIncome": 377700000,
    "operatingIncomeRatio": 0.1088723625,
    "totalOtherIncomeExpensesNet": -34200000,
    "incomeBeforeTax": 343500000,
    "incomeBeforeTaxRatio": 0.0990141819,
    "incomeTaxExpense": 112700000,
    "netIncome": 209100000,
    "netIncomeRatio": 0.0602732618,
    "eps": 0.84,
    "epsdiluted": 0.83,
    "weightedAverageShsOut": 246400000,
    "weightedAverageShsOutDil": 247400000,
    "link": "https://www.sec.gov/Archives/edgar/data/29989/000002998915000007/0000029989-15-000007-index.htm",
    "finalLink": "https://www.sec.gov/Archives/edgar/data/29989/000002998915000007/a2015q110-q.htm"
  },
  {
    "date": "2014-12-31",
    "symbol": "OMC",
    "reportedCurrency": "USD",
    "cik": "0000029989",
    "fillingDate": "2015-02-10",
    "acceptedDate": "2015-02-10 16:33:17",
    "calendarYear": "2014",
    "period": "Q4",
    "revenue": 4195100000,
    "costOfRevenue": 3119300000,
    "grossProfit": 1075800000,
    "grossProfitRatio": 0.2564420395,
    "researchAndDevelopmentExpenses": 0,
    "generalAndAdministrativeExpenses": 505200000,
    "sellingAndMarketingExpenses": 3080500000,
    "sellingGeneralAndAdministrativeExpenses": 3585700000,
    "otherExpenses": 13373700000,
    "operatingExpenses": 3615700000,
    "costAndExpenses": 3615700000,
    "interestIncome": 11800000,
    "interestExpense": 30000000,
    "depreciationAndAmortization": 30000000,
    "ebitda": 609400000,
    "ebitdaratio": 0.1452647136,
    "operatingIncome": 579400000,
    "operatingIncomeRatio": 0.1381135134,
    "totalOtherIncomeExpensesNet": -30000000,
    "incomeBeforeTax": 549400000,
    "incomeBeforeTaxRatio": 0.1309623132,
    "incomeTaxExpense": 182200000,
    "netIncome": 329500000,
    "netIncomeRatio": 0.0785440156,
    "eps": 1.3,
    "epsdiluted": 1.3,
    "weightedAverageShsOut": 249000000,
    "weightedAverageShsOutDil": 249900000,
    "link": "https://www.sec.gov/Archives/edgar/data/29989/000002998915000003/0000029989-15-000003-index.htm",
    "finalLink": "https://www.sec.gov/Archives/edgar/data/29989/000002998915000003/a201410-k.htm"
  },
  {
    "date": "2014-09-30",
    "symbol": "OMC",
    "reportedCurrency": "USD",
    "cik": "0000029989",
    "fillingDate": "2014-10-21",
    "acceptedDate": "2014-10-21 16:42:43",
    "calendarYear": "2014",
    "period": "Q3",
    "revenue": 3749600000,
    "costOfRevenue": 2813200000,
    "grossProfit": 936400000,
    "grossProfitRatio": 0.2497333049,
    "researchAndDevelopmentExpenses": 0,
    "generalAndAdministrativeExpenses": 502800000,
    "sellingAndMarketingExpenses": 0,
    "sellingGeneralAndAdministrativeExpenses": 502800000,
    "otherExpenses": 0,
    "operatingExpenses": 502800000,
    "costAndExpenses": 3316000000,
    "interestIncome": 10800000,
    "interestExpense": 42200000,
    "depreciationAndAmortization": 74100000,
    "ebitda": 507700000,
    "ebitdaratio": 0.1354011095,
    "operatingIncome": 433600000,
    "operatingIncomeRatio": 0.1156390015,
    "totalOtherIncomeExpensesNet": -31400000,
    "incomeBeforeTax": 402200000,
    "incomeBeforeTaxRatio": 0.1072647749,
    "incomeTaxExpense": 134400000,
    "netIncome": 243800000,
    "netIncomeRatio": 0.0650202688,
    "eps": 0.95,
    "epsdiluted": 0.95,
    "weightedAverageShsOut": 251400000,
    "weightedAverageShsOutDil": 252400000,
    "link": "https://www.sec.gov/Archives/edgar/data/29989/000002998914000013/0000029989-14-000013-index.htm",
    "finalLink": "https://www.sec.gov/Archives/edgar/data/29989/000002998914000013/a2014q310-q.htm"
  },
  {
    "date": "2014-06-30",
    "symbol": "OMC",
    "reportedCurrency": "USD",
    "cik": "0000029989",
    "fillingDate": "2014-07-22",
    "acceptedDate": "2014-07-22 16:09:14",
    "calendarYear": "2014",
    "period": "Q2",
    "revenue": 3870900000,
    "costOfRevenue": 2794600000,
    "grossProfit": 1076300000,
    "grossProfitRatio": 0.2780490325,
    "researchAndDevelopmentExpenses": 0,
    "generalAndAdministrativeExpenses": 526100000,
    "sellingAndMarketingExpenses": 0,
    "sellingGeneralAndAdministrativeExpenses": 526100000,
    "otherExpenses": 0,
    "operatingExpenses": 526100000,
    "costAndExpenses": 3320700000,
    "interestIncome": 11800000,
    "interestExpense": 45500000,
    "depreciationAndAmortization": 72400000,
    "ebitda": 620800000,
    "ebitdaratio": 0.1603761399,
    "operatingIncome": 548400000,
    "operatingIncomeRatio": 0.1416724793,
    "totalOtherIncomeExpensesNet": -29700000,
    "incomeBeforeTax": 514700000,
    "incomeBeforeTaxRatio": 0.1329664936,
    "incomeTaxExpense": 160300000,
    "netIncome": 325200000,
    "netIncomeRatio": 0.0840114702,
    "eps": 1.24,
    "epsdiluted": 1.23,
    "weightedAverageShsOut": 256200000,
    "weightedAverageShsOutDil": 258200000,
    "link": "https://www.sec.gov/Archives/edgar/data/29989/000002998914000010/0000029989-14-000010-index.htm",
    "finalLink": "https://www.sec.gov/Archives/edgar/data/29989/000002998914000010/a2014q210-q.htm"
  },
  {
    "date": "2014-03-31",
    "symbol": "OMC",
    "reportedCurrency": "USD",
    "cik": "0000029989",
    "fillingDate": "2014-04-22",
    "acceptedDate": "2014-04-22 16:58:07",
    "calendarYear": "2014",
    "period": "Q1",
    "revenue": 3502200000,
    "costOfRevenue": 2622800000,
    "grossProfit": 879400000,
    "grossProfitRatio": 0.251099309,
    "researchAndDevelopmentExpenses": 0,
    "generalAndAdministrativeExpenses": 489700000,
    "sellingAndMarketingExpenses": 0,
    "sellingGeneralAndAdministrativeExpenses": 489700000,
    "otherExpenses": 0,
    "operatingExpenses": 489700000,
    "costAndExpenses": 3112500000,
    "interestIncome": 8700000,
    "interestExpense": 47700000,
    "depreciationAndAmortization": 70900000,
    "ebitda": 453600000,
    "ebitdaratio": 0.1295185883,
    "operatingIncome": 382700000,
    "operatingIncomeRatio": 0.1092741705,
    "totalOtherIncomeExpensesNet": -39000000,
    "incomeBeforeTax": 343700000,
    "incomeBeforeTaxRatio": 0.0981383131,
    "incomeTaxExpense": 116300000,
    "netIncome": 205500000,
    "netIncomeRatio": 0.0586774028,
    "eps": 0.78,
    "epsdiluted": 0.77,
    "weightedAverageShsOut": 259100000,
    "weightedAverageShsOutDil": 261400000,
    "link": "https://www.sec.gov/Archives/edgar/data/29989/000002998914000007/0000029989-14-000007-index.htm",
    "finalLink": "https://www.sec.gov/Archives/edgar/data/29989/000002998914000007/a2014q110-q.htm"
  },
  {
    "date": "2013-12-31",
    "symbol": "OMC",
    "reportedCurrency": "USD",
    "cik": "0000029989",
    "fillingDate": "2014-02-12",
    "acceptedDate": "2014-02-12 17:16:34",
    "calendarYear": "2013",
    "period": "Q4",
    "revenue": 4058100000,
    "costOfRevenue": 3012900000,
    "grossProfit": 1045200000,
    "grossProfitRatio": 0.2575589562,
    "researchAndDevelopmentExpenses": 0,
    "generalAndAdministrativeExpenses": 480800000,
    "sellingAndMarketingExpenses": 0,
    "sellingGeneralAndAdministrativeExpenses": 480800000,
    "otherExpenses": 0,
    "operatingExpenses": 480800000,
    "costAndExpenses": 3493700000,
    "interestIncome": 8600000,
    "interestExpense": 48400000,
    "depreciationAndAmortization": 71900000,
    "ebitda": 636300000,
    "ebitdaratio": 0.1567975161,
    "operatingIncome": 551100000,
    "operatingIncomeRatio": 0.1358024691,
    "totalOtherIncomeExpensesNet": -34400000,
    "incomeBeforeTax": 511300000,
    "incomeBeforeTaxRatio": 0.1259949237,
    "incomeTaxExpense": 176300000,
    "netIncome": 300400000,
    "netIncomeRatio": 0.0740247899,
    "eps": 1.16,
    "epsdiluted": 1.16,
    "weightedAverageShsOut": 258600000,
    "weightedAverageShsOutDil": 259100000,
    "link": "https://www.sec.gov/Archives/edgar/data/29989/000002998914000002/0000029989-14-000002-index.htm",
    "finalLink": "https://www.sec.gov/Archives/edgar/data/29989/000002998914000002/a201310-k.htm"
  },
  {
    "date": "2013-09-30",
    "symbol": "OMC",
    "reportedCurrency": "USD",
    "cik": "0000029989",
    "fillingDate": "2013-10-17",
    "acceptedDate": "2013-10-17 17:09:25",
    "calendarYear": "2013",
    "period": "Q3",
    "revenue": 3490500000,
    "costOfRevenue": 2579200000,
    "grossProfit": 911300000,
    "grossProfitRatio": 0.2610800745,
    "researchAndDevelopmentExpenses": 0,
    "generalAndAdministrativeExpenses": 503800000,
    "sellingAndMarketingExpenses": 0,
    "sellingGeneralAndAdministrativeExpenses": 503800000,
    "otherExpenses": 0,
    "operatingExpenses": 503800000,
    "costAndExpenses": 3083000000,
    "interestIncome": 7700000,
    "interestExpense": 50500000,
    "depreciationAndAmortization": 71000000,
    "ebitda": 478500000,
    "ebitdaratio": 0.1370863773,
    "operatingIncome": 379400000,
    "operatingIncomeRatio": 0.1086950294,
    "totalOtherIncomeExpensesNet": -38500000,
    "incomeBeforeTax": 336600000,
    "incomeBeforeTaxRatio": 0.0964331758,
    "incomeTaxExpense": 116200000,
    "netIncome": 196000000,
    "netIncomeRatio": 0.0561524137,
    "eps": 0.74,
    "epsdiluted": 0.74,
    "weightedAverageShsOut": 258200000,
    "weightedAverageShsOutDil": 259900000,
    "link": "https://www.sec.gov/Archives/edgar/data/29989/000002998913000015/0000029989-13-000015-index.htm",
    "finalLink": "https://www.sec.gov/Archives/edgar/data/29989/000002998913000015/a2013q310-q.htm"
  },
  {
    "date": "2013-06-30",
    "symbol": "OMC",
    "reportedCurrency": "USD",
    "cik": "0000029989",
    "fillingDate": "2013-07-18",
    "acceptedDate": "2013-07-18 06:18:10",
    "calendarYear": "2013",
    "period": "Q2",
    "revenue": 3637000000,
    "costOfRevenue": 2598800000,
    "grossProfit": 1038200000,
    "grossProfitRatio": 0.2854550454,
    "researchAndDevelopmentExpenses": 0,
    "generalAndAdministrativeExpenses": 515200000,
    "sellingAndMarketingExpenses": 2573500000,
    "sellingGeneralAndAdministrativeExpenses": 3088700000,
    "otherExpenses": 0,
    "operatingExpenses": 3114000000,
    "costAndExpenses": 3114000000,
    "interestIncome": 8500000,
    "interestExpense": 40700000,
    "depreciationAndAmortization": 25300000,
    "ebitda": 602300000,
    "ebitdaratio": 0.1656035194,
    "operatingIncome": 523000000,
    "operatingIncomeRatio": 0.143799835,
    "totalOtherIncomeExpensesNet": -40700000,
    "incomeBeforeTax": 482300000,
    "incomeBeforeTaxRatio": 0.1326092934,
    "incomeTaxExpense": 163600000,
    "netIncome": 289500000,
    "netIncomeRatio": 0.0795985703,
    "eps": 1.09,
    "epsdiluted": 1.09,
    "weightedAverageShsOut": 257700000,
    "weightedAverageShsOutDil": 259200000,
    "link": "https://www.sec.gov/Archives/edgar/data/29989/000002998913000012/0000029989-13-000012-index.htm",
    "finalLink": "https://www.sec.gov/Archives/edgar/data/29989/000002998913000012/a2013q210-q.htm"
  },
  {
    "date": "2013-03-31",
    "symbol": "OMC",
    "reportedCurrency": "USD",
    "cik": "0000029989",
    "fillingDate": "2013-04-22",
    "acceptedDate": "2013-04-22 16:12:54",
    "calendarYear": "2013",
    "period": "Q1",
    "revenue": 3398900000,
    "costOfRevenue": 2533600000,
    "grossProfit": 865300000,
    "grossProfitRatio": 0.2545823649,
    "researchAndDevelopmentExpenses": 0,
    "generalAndAdministrativeExpenses": 493600000,
    "sellingAndMarketingExpenses": 2508200000,
    "sellingGeneralAndAdministrativeExpenses": 3001800000,
    "otherExpenses": 0,
    "operatingExpenses": 3027200000,
    "costAndExpenses": 3027200000,
    "interestIncome": 8100000,
    "interestExpense": 40900000,
    "depreciationAndAmortization": 25400000,
    "ebitda": 450900000,
    "ebitdaratio": 0.1326605667,
    "operatingIncome": 371700000,
    "operatingIncomeRatio": 0.1093589102,
    "totalOtherIncomeExpensesNet": -40900000,
    "incomeBeforeTax": 330800000,
    "incomeBeforeTaxRatio": 0.0973256053,
    "incomeTaxExpense": 109200000,
    "netIncome": 205100000,
    "netIncomeRatio": 0.0603430522,
    "eps": 0.76,
    "epsdiluted": 0.76,
    "weightedAverageShsOut": 261000000,
    "weightedAverageShsOutDil": 263200000,
    "link": "https://www.sec.gov/Archives/edgar/data/29989/000002998913000009/0000029989-13-000009-index.htm",
    "finalLink": "https://www.sec.gov/Archives/edgar/data/29989/000002998913000009/a2013q110-q.htm"
  },
  {
    "date": "2012-12-31",
    "symbol": "OMC",
    "reportedCurrency": "USD",
    "cik": "0000029989",
    "fillingDate": "2013-02-19",
    "acceptedDate": "2013-02-19 16:45:58",
    "calendarYear": "2012",
    "period": "Q4",
    "revenue": 3944600000,
    "costOfRevenue": 2889200000,
    "grossProfit": 1055400000,
    "grossProfitRatio": 0.2675556457,
    "researchAndDevelopmentExpenses": 0,
    "generalAndAdministrativeExpenses": 507400000,
    "sellingAndMarketingExpenses": 0,
    "sellingGeneralAndAdministrativeExpenses": 507400000,
    "otherExpenses": 0,
    "operatingExpenses": 507400000,
    "costAndExpenses": 3396600000,
    "interestIncome": 9100000,
    "interestExpense": 49400000,
    "depreciationAndAmortization": 72100000,
    "ebitda": 629200000,
    "ebitdaratio": 0.1595092025,
    "operatingIncome": 548000000,
    "operatingIncomeRatio": 0.1389240988,
    "totalOtherIncomeExpensesNet": -40300000,
    "incomeBeforeTax": 507700000,
    "incomeBeforeTaxRatio": 0.1287076003,
    "incomeTaxExpense": 137200000,
    "netIncome": 307100000,
    "netIncomeRatio": 0.0778532678,
    "eps": 1.18,
    "epsdiluted": 1.18,
    "weightedAverageShsOut": 261000000,
    "weightedAverageShsOutDil": 261000000,
    "link": "https://www.sec.gov/Archives/edgar/data/29989/000002998913000004/0000029989-13-000004-index.htm",
    "finalLink": "https://www.sec.gov/Archives/edgar/data/29989/000002998913000004/a201210-k.htm"
  },
  {
    "date": "2012-09-30",
    "symbol": "OMC",
    "reportedCurrency": "USD",
    "cik": "0000029989",
    "fillingDate": "2012-10-18",
    "acceptedDate": "2012-10-18 16:18:46",
    "calendarYear": "2012",
    "period": "Q3",
    "revenue": 3406600000,
    "costOfRevenue": 2515800000,
    "grossProfit": 890800000,
    "grossProfitRatio": 0.2614923971,
    "researchAndDevelopmentExpenses": 0,
    "generalAndAdministrativeExpenses": 503500000,
    "sellingAndMarketingExpenses": 2488500000,
    "sellingGeneralAndAdministrativeExpenses": 2992000000,
    "otherExpenses": 0,
    "operatingExpenses": 3019300000,
    "costAndExpenses": 3019300000,
    "interestIncome": 7500000,
    "interestExpense": 40300000,
    "depreciationAndAmortization": 27300000,
    "ebitda": 414600000,
    "ebitdaratio": 0.1217049257,
    "operatingIncome": 387300000,
    "operatingIncomeRatio": 0.1136910703,
    "totalOtherIncomeExpensesNet": -40300000,
    "incomeBeforeTax": 347000000,
    "incomeBeforeTaxRatio": 0.1018610932,
    "incomeTaxExpense": 118700000,
    "netIncome": 203900000,
    "netIncomeRatio": 0.0598544003,
    "eps": 0.75,
    "epsdiluted": 0.74,
    "weightedAverageShsOut": 266600000,
    "weightedAverageShsOutDil": 268500000,
    "link": "https://www.sec.gov/Archives/edgar/data/29989/000002998912000017/0000029989-12-000017-index.htm",
    "finalLink": "https://www.sec.gov/Archives/edgar/data/29989/000002998912000017/a2012q310-q.htm"
  },
  {
    "date": "2012-06-30",
    "symbol": "OMC",
    "reportedCurrency": "USD",
    "cik": "0000029989",
    "fillingDate": "2012-07-20",
    "acceptedDate": "2012-07-20 16:03:15",
    "calendarYear": "2012",
    "period": "Q2",
    "revenue": 3561000000,
    "costOfRevenue": 2541300000,
    "grossProfit": 1019700000,
    "grossProfitRatio": 0.2863521483,
    "researchAndDevelopmentExpenses": 0,
    "generalAndAdministrativeExpenses": 513300000,
    "sellingAndMarketingExpenses": 0,
    "sellingGeneralAndAdministrativeExpenses": 513300000,
    "otherExpenses": 0,
    "operatingExpenses": 3054600000,
    "costAndExpenses": 3054600000,
    "interestIncome": 9100000,
    "interestExpense": 34900000,
    "depreciationAndAmortization": 24000000,
    "ebitda": 530400000,
    "ebitdaratio": 0.148946925,
    "operatingIncome": 506400000,
    "operatingIncomeRatio": 0.1422072452,
    "totalOtherIncomeExpensesNet": -34900000,
    "incomeBeforeTax": 471500000,
    "incomeBeforeTaxRatio": 0.1324066274,
    "incomeTaxExpense": 161900000,
    "netIncome": 282700000,
    "netIncomeRatio": 0.0793878124,
    "eps": 1.03,
    "epsdiluted": 1.02,
    "weightedAverageShsOut": 269000000,
    "weightedAverageShsOutDil": 271800000,
    "link": "https://www.sec.gov/Archives/edgar/data/29989/000002998912000012/0000029989-12-000012-index.htm",
    "finalLink": "https://www.sec.gov/Archives/edgar/data/29989/000002998912000012/a2012q210-q.htm"
  },
  {
    "date": "2012-03-31",
    "symbol": "OMC",
    "reportedCurrency": "USD",
    "cik": "0000029989",
    "fillingDate": "2012-04-17",
    "acceptedDate": "2012-04-17 17:07:00",
    "calendarYear": "2012",
    "period": "Q1",
    "revenue": 3307300000,
    "costOfRevenue": 2434400000,
    "grossProfit": 872900000,
    "grossProfitRatio": 0.2639313035,
    "researchAndDevelopmentExpenses": 0,
    "generalAndAdministrativeExpenses": 510400000,
    "sellingAndMarketingExpenses": 0,
    "sellingGeneralAndAdministrativeExpenses": 510400000,
    "otherExpenses": 0,
    "operatingExpenses": 510400000,
    "costAndExpenses": 2944800000,
    "interestIncome": 9300000,
    "interestExpense": 38500000,
    "depreciationAndAmortization": 69300000,
    "ebitda": 441100000,
    "ebitdaratio": 0.1333716324,
    "operatingIncome": 362500000,
    "operatingIncomeRatio": 0.109606023,
    "totalOtherIncomeExpensesNet": -29200000,
    "incomeBeforeTax": 333300000,
    "incomeBeforeTaxRatio": 0.1007770689,
    "incomeTaxExpense": 109300000,
    "netIncome": 204600000,
    "netIncomeRatio": 0.0618631512,
    "eps": 0.73,
    "epsdiluted": 0.72,
    "weightedAverageShsOut": 273300000,
    "weightedAverageShsOutDil": 277500000,
    "link": "https://www.sec.gov/Archives/edgar/data/29989/000002998912000009/0000029989-12-000009-index.htm",
    "finalLink": "https://www.sec.gov/Archives/edgar/data/29989/000002998912000009/a2012q110-q.htm"
  },
  {
    "date": "2011-12-31",
    "symbol": "OMC",
    "reportedCurrency": "USD",
    "cik": "0000029989",
    "fillingDate": "2012-02-17",
    "acceptedDate": "2012-02-17 16:05:11",
    "calendarYear": "2011",
    "period": "Q4",
    "revenue": 3852900000,
    "costOfRevenue": 2854800000,
    "grossProfit": 998100000,
    "grossProfitRatio": 0.2590516235,
    "researchAndDevelopmentExpenses": 0,
    "generalAndAdministrativeExpenses": 510700000,
    "sellingAndMarketingExpenses": 0,
    "sellingGeneralAndAdministrativeExpenses": 510700000,
    "otherExpenses": 0,
    "operatingExpenses": 510700000,
    "costAndExpenses": 3365500000,
    "interestIncome": 9200000,
    "interestExpense": 39500000,
    "depreciationAndAmortization": 70100000,
    "ebitda": 566700000,
    "ebitdaratio": 0.1470840146,
    "operatingIncome": 487400000,
    "operatingIncomeRatio": 0.1265021153,
    "totalOtherIncomeExpensesNet": -30300000,
    "incomeBeforeTax": 457100000,
    "incomeBeforeTaxRatio": 0.1186379091,
    "incomeTaxExpense": 156800000,
    "netIncome": 271900000,
    "netIncomeRatio": 0.0705702198,
    "eps": 0.99,
    "epsdiluted": 0.99,
    "weightedAverageShsOut": 273300000,
    "weightedAverageShsOutDil": 273300000,
    "link": "https://www.sec.gov/Archives/edgar/data/29989/000002998912000005/0000029989-12-000005-index.htm",
    "finalLink": "https://www.sec.gov/Archives/edgar/data/29989/000002998912000005/omc10-k.htm"
  },
  {
    "date": "2011-09-30",
    "symbol": "OMC",
    "reportedCurrency": "USD",
    "cik": "0000029989",
    "fillingDate": "2011-10-20",
    "acceptedDate": "2011-10-20 16:52:30",
    "calendarYear": "2011",
    "period": "Q3",
    "revenue": 3380900000,
    "costOfRevenue": 2504700000,
    "grossProfit": 876200000,
    "grossProfitRatio": 0.2591617617,
    "researchAndDevelopmentExpenses": 0,
    "generalAndAdministrativeExpenses": 502800000,
    "sellingAndMarketingExpenses": 0,
    "sellingGeneralAndAdministrativeExpenses": 502800000,
    "otherExpenses": 0,
    "operatingExpenses": 3007500000,
    "costAndExpenses": 3007500000,
    "interestIncome": 7900000,
    "interestExpense": 39800000,
    "depreciationAndAmortization": 23700000,
    "ebitda": 397100000,
    "ebitdaratio": 0.1174539324,
    "operatingIncome": 373400000,
    "operatingIncomeRatio": 0.1104439646,
    "totalOtherIncomeExpensesNet": -27400000,
    "incomeBeforeTax": 341500000,
    "incomeBeforeTaxRatio": 0.1010086072,
    "incomeTaxExpense": 117100000,
    "netIncome": 203700000,
    "netIncomeRatio": 0.0602502292,
    "eps": 0.73,
    "epsdiluted": 0.72,
    "weightedAverageShsOut": 277100000,
    "weightedAverageShsOutDil": 281400000,
    "link": "https://www.sec.gov/Archives/edgar/data/29989/000002998911000007/0000029989-11-000007-index.htm",
    "finalLink": "https://www.sec.gov/Archives/edgar/data/29989/000002998911000007/omc3q10-q.htm"
  },
  {
    "date": "2011-06-30",
    "symbol": "OMC",
    "reportedCurrency": "USD",
    "cik": "0000029989",
    "fillingDate": "2011-07-21",
    "acceptedDate": "2011-07-21 17:26:24",
    "calendarYear": "2011",
    "period": "Q2",
    "revenue": 3487400000,
    "costOfRevenue": 2472800000,
    "grossProfit": 1014600000,
    "grossProfitRatio": 0.2909330733,
    "researchAndDevelopmentExpenses": 0,
    "generalAndAdministrativeExpenses": 526500000,
    "sellingAndMarketingExpenses": 0,
    "sellingGeneralAndAdministrativeExpenses": 526500000,
    "otherExpenses": 0,
    "operatingExpenses": 526500000,
    "costAndExpenses": 2999300000,
    "interestIncome": 9300000,
    "interestExpense": 36900000,
    "depreciationAndAmortization": 68700000,
    "ebitda": 566100000,
    "ebitdaratio": 0.1623272352,
    "operatingIncome": 488100000,
    "operatingIncomeRatio": 0.1399610025,
    "totalOtherIncomeExpensesNet": -27600000,
    "incomeBeforeTax": 460500000,
    "incomeBeforeTaxRatio": 0.132046797,
    "incomeTaxExpense": 158100000,
    "netIncome": 275100000,
    "netIncomeRatio": 0.0788839823,
    "eps": 0.98,
    "epsdiluted": 0.96,
    "weightedAverageShsOut": 278700000,
    "weightedAverageShsOutDil": 283700000,
    "link": "https://www.sec.gov/Archives/edgar/data/29989/000089109211004664/0000891092-11-004664-index.htm",
    "finalLink": "https://www.sec.gov/Archives/edgar/data/29989/000089109211004664/e44413_10q.htm"
  },
  {
    "date": "2011-03-31",
    "symbol": "OMC",
    "reportedCurrency": "USD",
    "cik": "0000029989",
    "fillingDate": "2011-04-29",
    "acceptedDate": "2011-04-29 15:25:43",
    "calendarYear": "2011",
    "period": "Q1",
    "revenue": 3151300000,
    "costOfRevenue": 2418300000,
    "grossProfit": 733000000,
    "grossProfitRatio": 0.232602418,
    "researchAndDevelopmentExpenses": 0,
    "generalAndAdministrativeExpenses": 410900000,
    "sellingAndMarketingExpenses": 0,
    "sellingGeneralAndAdministrativeExpenses": 410900000,
    "otherExpenses": 0,
    "operatingExpenses": 410900000,
    "costAndExpenses": 2829200000,
    "interestIncome": 9800000,
    "interestExpense": 41900000,
    "depreciationAndAmortization": 65200000,
    "ebitda": 397100000,
    "ebitdaratio": 0.1260114873,
    "operatingIncome": 322100000,
    "operatingIncomeRatio": 0.1022117856,
    "totalOtherIncomeExpensesNet": -32100000,
    "incomeBeforeTax": 290000000,
    "incomeBeforeTaxRatio": 0.0920255133,
    "incomeTaxExpense": 73900000,
    "netIncome": 201900000,
    "netIncomeRatio": 0.064068797,
    "eps": 0.7,
    "epsdiluted": 0.69,
    "weightedAverageShsOut": 283600000,
    "weightedAverageShsOutDil": 289200000,
    "link": "https://www.sec.gov/Archives/edgar/data/29989/000089109211002778/0000891092-11-002778-index.htm",
    "finalLink": "https://www.sec.gov/Archives/edgar/data/29989/000089109211002778/e43185-10q.htm"
  },
  {
    "date": "2010-12-31",
    "symbol": "OMC",
    "reportedCurrency": "USD",
    "cik": "0000029989",
    "fillingDate": "2011-02-23",
    "acceptedDate": "2011-02-23 17:05:41",
    "calendarYear": "2010",
    "period": "Q4",
    "revenue": 3586800000,
    "costOfRevenue": 2687700000,
    "grossProfit": 899100000,
    "grossProfitRatio": 0.2506691201,
    "researchAndDevelopmentExpenses": 0,
    "generalAndAdministrativeExpenses": 459500000,
    "sellingAndMarketingExpenses": 0,
    "sellingGeneralAndAdministrativeExpenses": 459500000,
    "otherExpenses": 0,
    "operatingExpenses": 459500000,
    "costAndExpenses": 3147200000,
    "interestIncome": 6700000,
    "interestExpense": 38800000,
    "depreciationAndAmortization": 67400000,
    "ebitda": 513700000,
    "ebitdaratio": 0.1432195829,
    "operatingIncome": 439600000,
    "operatingIncomeRatio": 0.1225604996,
    "totalOtherIncomeExpensesNet": -32100000,
    "incomeBeforeTax": 407500000,
    "incomeBeforeTaxRatio": 0.1136110182,
    "incomeTaxExpense": 139400000,
    "netIncome": 246500000,
    "netIncomeRatio": 0.068724211,
    "eps": 0.87,
    "epsdiluted": 0.87,
    "weightedAverageShsOut": 283600000,
    "weightedAverageShsOutDil": 283600000,
    "link": "https://www.sec.gov/Archives/edgar/data/29989/000089109211001226/0000891092-11-001226-index.htm",
    "finalLink": "https://www.sec.gov/Archives/edgar/data/29989/000089109211001226/e41307_10k.htm"
  },
  {
    "date": "2010-09-30",
    "symbol": "OMC",
    "reportedCurrency": "USD",
    "cik": "0000029989",
    "fillingDate": "2010-10-22",
    "acceptedDate": "2010-10-22 12:33:51",
    "calendarYear": "2010",
    "period": "Q3",
    "revenue": 2994600000,
    "costOfRevenue": 2210800000,
    "grossProfit": 783800000,
    "grossProfitRatio": 0.2617377947,
    "researchAndDevelopmentExpenses": 0,
    "generalAndAdministrativeExpenses": 469700000,
    "sellingAndMarketingExpenses": 0,
    "sellingGeneralAndAdministrativeExpenses": 469700000,
    "otherExpenses": 0,
    "operatingExpenses": 469700000,
    "costAndExpenses": 2680500000,
    "interestIncome": 6300000,
    "interestExpense": 36100000,
    "depreciationAndAmortization": 62400000,
    "ebitda": 382800000,
    "ebitdaratio": 0.1278300942,
    "operatingIncome": 314100000,
    "operatingIncomeRatio": 0.1048887998,
    "totalOtherIncomeExpensesNet": -29800000,
    "incomeBeforeTax": 284300000,
    "incomeBeforeTaxRatio": 0.0949375543,
    "incomeTaxExpense": 96900000,
    "netIncome": 174600000,
    "netIncomeRatio": 0.0583049489,
    "eps": 0.58,
    "epsdiluted": 0.57,
    "weightedAverageShsOut": 299300000,
    "weightedAverageShsOutDil": 303500000,
    "link": "https://www.sec.gov/Archives/edgar/data/29989/000089109210004493/0000891092-10-004493-index.htm",
    "finalLink": "https://www.sec.gov/Archives/edgar/data/29989/000089109210004493/e40446-10q.htm"
  },
  {
    "date": "2010-06-30",
    "symbol": "OMC",
    "reportedCurrency": "USD",
    "cik": "0000029989",
    "fillingDate": "2010-07-26",
    "acceptedDate": "2010-07-26 17:26:54",
    "calendarYear": "2010",
    "period": "Q2",
    "revenue": 3041200000,
    "costOfRevenue": 2153400000,
    "grossProfit": 887800000,
    "grossProfitRatio": 0.2919242404,
    "researchAndDevelopmentExpenses": 0,
    "generalAndAdministrativeExpenses": 472400000,
    "sellingAndMarketingExpenses": 0,
    "sellingGeneralAndAdministrativeExpenses": 472400000,
    "otherExpenses": 0,
    "operatingExpenses": 472400000,
    "costAndExpenses": 2625800000,
    "interestIncome": 6200000,
    "interestExpense": 29900000,
    "depreciationAndAmortization": 61200000,
    "ebitda": 482800000,
    "ebitdaratio": 0.1587531238,
    "operatingIncome": 415400000,
    "operatingIncomeRatio": 0.1365908194,
    "totalOtherIncomeExpensesNet": -23700000,
    "incomeBeforeTax": 391700000,
    "incomeBeforeTaxRatio": 0.128797843,
    "incomeTaxExpense": 133200000,
    "netIncome": 243300000,
    "netIncomeRatio": 0.0800013153,
    "eps": 0.8,
    "epsdiluted": 0.79,
    "weightedAverageShsOut": 302300000,
    "weightedAverageShsOutDil": 307000000,
    "link": "https://www.sec.gov/Archives/edgar/data/29989/000089109210002996/0000891092-10-002996-index.htm",
    "finalLink": "https://www.sec.gov/Archives/edgar/data/29989/000089109210002996/e39429_10q.htm"
  },
  {
    "date": "2010-03-31",
    "symbol": "OMC",
    "reportedCurrency": "USD",
    "cik": "0000029989",
    "fillingDate": "2010-04-23",
    "acceptedDate": "2010-04-22 19:03:03",
    "calendarYear": "2010",
    "period": "Q1",
    "revenue": 2920000000,
    "costOfRevenue": 2162400000,
    "grossProfit": 757600000,
    "grossProfitRatio": 0.2594520548,
    "researchAndDevelopmentExpenses": 0,
    "generalAndAdministrativeExpenses": 466600000,
    "sellingAndMarketingExpenses": 0,
    "sellingGeneralAndAdministrativeExpenses": 466600000,
    "otherExpenses": 0,
    "operatingExpenses": 466600000,
    "costAndExpenses": 2629000000,
    "interestIncome": 5700000,
    "interestExpense": 29800000,
    "depreciationAndAmortization": 62000000,
    "ebitda": 358700000,
    "ebitdaratio": 0.1228424658,
    "operatingIncome": 291000000,
    "operatingIncomeRatio": 0.0996575342,
    "totalOtherIncomeExpensesNet": -24100000,
    "incomeBeforeTax": 266900000,
    "incomeBeforeTaxRatio": 0.0914041096,
    "incomeTaxExpense": 90700000,
    "netIncome": 163400000,
    "netIncomeRatio": 0.0559589041,
    "eps": 0.53,
    "epsdiluted": 0.52,
    "weightedAverageShsOut": 306400000,
    "weightedAverageShsOutDil": 311000000,
    "link": "https://www.sec.gov/Archives/edgar/data/29989/000089109210001599/0000891092-10-001599-index.htm",
    "finalLink": "https://www.sec.gov/Archives/edgar/data/29989/000089109210001599/e38505-10q.htm"
  },
  {
    "date": "2009-12-31",
    "symbol": "OMC",
    "reportedCurrency": "USD",
    "cik": "0000029989",
    "fillingDate": "2010-02-19",
    "acceptedDate": "2010-02-19 17:23:05",
    "calendarYear": "2009",
    "period": "Q4",
    "revenue": 3265800000,
    "costOfRevenue": 2375100000,
    "grossProfit": 890700000,
    "grossProfitRatio": 0.2727356237,
    "researchAndDevelopmentExpenses": 0,
    "generalAndAdministrativeExpenses": 491100000,
    "sellingAndMarketingExpenses": 0,
    "sellingGeneralAndAdministrativeExpenses": 491100000,
    "otherExpenses": 0,
    "operatingExpenses": 491100000,
    "costAndExpenses": 2866200000,
    "interestIncome": 5600000,
    "interestExpense": 34200000,
    "depreciationAndAmortization": 69000000,
    "ebitda": 474200000,
    "ebitdaratio": 0.1452017882,
    "operatingIncome": 399600000,
    "operatingIncomeRatio": 0.1223589932,
    "totalOtherIncomeExpensesNet": -28600000,
    "incomeBeforeTax": 371000000,
    "incomeBeforeTaxRatio": 0.1136015678,
    "incomeTaxExpense": 124700000,
    "netIncome": 229500000,
    "netIncomeRatio": 0.0702737461,
    "eps": 0.75,
    "epsdiluted": 0.75,
    "weightedAverageShsOut": 306400000,
    "weightedAverageShsOutDil": 306400000,
    "link": "https://www.sec.gov/Archives/edgar/data/29989/000089109210000656/0000891092-10-000656-index.htm",
    "finalLink": "https://www.sec.gov/Archives/edgar/data/29989/000089109210000656/e37246_10k.htm"
  },
  {
    "date": "2009-09-30",
    "symbol": "OMC",
    "reportedCurrency": "USD",
    "cik": "0000029989",
    "fillingDate": "2009-10-26",
    "acceptedDate": "2009-10-26 17:17:26",
    "calendarYear": "2009",
    "period": "Q3",
    "revenue": 2837600000,
    "costOfRevenue": 2049900000,
    "grossProfit": 787700000,
    "grossProfitRatio": 0.2775937412,
    "researchAndDevelopmentExpenses": 0,
    "generalAndAdministrativeExpenses": 492900000,
    "sellingAndMarketingExpenses": 0,
    "sellingGeneralAndAdministrativeExpenses": 492900000,
    "otherExpenses": 0,
    "operatingExpenses": 2542800000,
    "costAndExpenses": 2542800000,
    "interestIncome": 4900000,
    "interestExpense": 33800000,
    "depreciationAndAmortization": 60100000,
    "ebitda": 359800000,
    "ebitdaratio": 0.1267972935,
    "operatingIncome": 294800000,
    "operatingIncomeRatio": 0.1038906118,
    "totalOtherIncomeExpensesNet": -28900000,
    "incomeBeforeTax": 265900000,
    "incomeBeforeTaxRatio": 0.0937059487,
    "incomeTaxExpense": 90500000,
    "netIncome": 165600000,
    "netIncomeRatio": 0.0583591768,
    "eps": 0.53,
    "epsdiluted": 0.53,
    "weightedAverageShsOut": 308600000,
    "weightedAverageShsOutDil": 311600000,
    "link": "https://www.sec.gov/Archives/edgar/data/29989/000089109209003997/0000891092-09-003997-index.htm",
    "finalLink": "https://www.sec.gov/Archives/edgar/data/29989/000089109209003997/e36832_10q.htm"
  },
  {
    "date": "2009-06-30",
    "symbol": "OMC",
    "reportedCurrency": "USD",
    "cik": "0000029989",
    "fillingDate": "2009-08-06",
    "acceptedDate": "2009-08-06 16:06:39",
    "calendarYear": "2009",
    "period": "Q2",
    "revenue": 2870700000,
    "costOfRevenue": 2011800000,
    "grossProfit": 858900000,
    "grossProfitRatio": 0.2991953182,
    "researchAndDevelopmentExpenses": 0,
    "generalAndAdministrativeExpenses": 460800000,
    "sellingAndMarketingExpenses": 0,
    "sellingGeneralAndAdministrativeExpenses": 460800000,
    "otherExpenses": 0,
    "operatingExpenses": 2472600000,
    "costAndExpenses": 2472600000,
    "interestIncome": 5500000,
    "interestExpense": 27400000,
    "depreciationAndAmortization": 57900000,
    "ebitda": 461500000,
    "ebitdaratio": 0.1607621834,
    "operatingIncome": 398100000,
    "operatingIncomeRatio": 0.1386769777,
    "totalOtherIncomeExpensesNet": -21900000,
    "incomeBeforeTax": 376200000,
    "incomeBeforeTaxRatio": 0.1310481764,
    "incomeTaxExpense": 129700000,
    "netIncome": 253800000,
    "netIncomeRatio": 0.0884104922,
    "eps": 0.75,
    "epsdiluted": 0.75,
    "weightedAverageShsOut": 308100000,
    "weightedAverageShsOutDil": 308600000,
    "link": "https://www.sec.gov/Archives/edgar/data/29989/000089109209003150/0000891092-09-003150-index.htm",
    "finalLink": "https://www.sec.gov/Archives/edgar/data/29989/000089109209003150/e36238_10q.htm"
  },
  {
    "date": "2009-03-31",
    "symbol": "OMC",
    "reportedCurrency": "USD",
    "cik": "0000029989",
    "fillingDate": "2009-04-29",
    "acceptedDate": "2009-04-29 17:18:26",
    "calendarYear": "2009",
    "period": "Q1",
    "revenue": 2746600000,
    "costOfRevenue": 2013800000,
    "grossProfit": 732800000,
    "grossProfitRatio": 0.2668025923,
    "researchAndDevelopmentExpenses": 0,
    "generalAndAdministrativeExpenses": 450400000,
    "sellingAndMarketingExpenses": 0,
    "sellingGeneralAndAdministrativeExpenses": 450400000,
    "otherExpenses": 0,
    "operatingExpenses": 450400000,
    "costAndExpenses": 2464200000,
    "interestIncome": 5400000,
    "interestExpense": 26800000,
    "depreciationAndAmortization": 55800000,
    "ebitda": 343600000,
    "ebitdaratio": 0.1251001238,
    "operatingIncome": 282400000,
    "operatingIncomeRatio": 0.1028180296,
    "totalOtherIncomeExpensesNet": -21400000,
    "incomeBeforeTax": 261000000,
    "incomeBeforeTaxRatio": 0.0950265783,
    "incomeTaxExpense": 88700000,
    "netIncome": 164500000,
    "netIncomeRatio": 0.0598922304,
    "eps": 0.53,
    "epsdiluted": 0.53,
    "weightedAverageShsOut": 307500000,
    "weightedAverageShsOutDil": 307600000,
    "link": "https://www.sec.gov/Archives/edgar/data/29989/000089109209001741/0000891092-09-001741-index.htm",
    "finalLink": "https://www.sec.gov/Archives/edgar/data/29989/000089109209001741/e35195_10q.htm"
  },
  {
    "date": "2008-12-31",
    "symbol": "OMC",
    "reportedCurrency": "USD",
    "cik": "0000029989",
    "fillingDate": "2009-02-27",
    "acceptedDate": "2009-02-27 16:46:00",
    "calendarYear": "2008",
    "period": "Q4",
    "revenue": 3371400000,
    "costOfRevenue": 0,
    "grossProfit": 3371400000,
    "grossProfitRatio": 1,
    "researchAndDevelopmentExpenses": 0,
    "generalAndAdministrativeExpenses": 2923000000,
    "sellingAndMarketingExpenses": 0,
    "sellingGeneralAndAdministrativeExpenses": 2923000000,
    "otherExpenses": 0,
    "operatingExpenses": 2923000000,
    "costAndExpenses": 2923000000,
    "interestIncome": 0,
    "interestExpense": 124600000,
    "depreciationAndAmortization": 119000000,
    "ebitda": 567400000,
    "ebitdaratio": 0.1682980364,
    "operatingIncome": 448400000,
    "operatingIncomeRatio": 0.1330011271,
    "totalOtherIncomeExpensesNet": -23900000,
    "incomeBeforeTax": 424500000,
    "incomeBeforeTaxRatio": 0.125912084,
    "incomeTaxExpense": 142100000,
    "netIncome": 271000000,
    "netIncomeRatio": 0.0803820371,
    "eps": 0.88,
    "epsdiluted": 0.88,
    "weightedAverageShsOut": 307000000,
    "weightedAverageShsOutDil": 307500000,
    "link": "https://www.sec.gov/Archives/edgar/data/29989/000089109209000891/0000891092-09-000891-index.htm",
    "finalLink": "https://www.sec.gov/Archives/edgar/data/29989/000089109209000891/e34339_10k.htm"
  },
  {
    "date": "2008-09-30",
    "symbol": "OMC",
    "reportedCurrency": "USD",
    "cik": "0000029989",
    "fillingDate": "2008-10-24",
    "acceptedDate": "2008-10-23 18:45:35",
    "calendarYear": "2008",
    "period": "Q3",
    "revenue": 3316200000,
    "costOfRevenue": 0,
    "grossProfit": 3316200000,
    "grossProfitRatio": 1,
    "researchAndDevelopmentExpenses": 0,
    "generalAndAdministrativeExpenses": 2942800000,
    "sellingAndMarketingExpenses": 0,
    "sellingGeneralAndAdministrativeExpenses": 2942800000,
    "otherExpenses": 0,
    "operatingExpenses": 2942800000,
    "costAndExpenses": 2942800000,
    "interestIncome": 14400000,
    "interestExpense": 35100000,
    "depreciationAndAmortization": 32700000,
    "ebitda": 448300000,
    "ebitdaratio": 0.1351848501,
    "operatingIncome": 373400000,
    "operatingIncomeRatio": 0.1125987576,
    "totalOtherIncomeExpensesNet": -20700000,
    "incomeBeforeTax": 352700000,
    "incomeBeforeTaxRatio": 0.1063566733,
    "incomeTaxExpense": 118200000,
    "netIncome": 213600000,
    "netIncomeRatio": 0.0644110729,
    "eps": 0.68,
    "epsdiluted": 0.68,
    "weightedAverageShsOut": 309100000,
    "weightedAverageShsOutDil": 310300000,
    "link": "https://www.sec.gov/Archives/edgar/data/29989/000089109208005175/0000891092-08-005175-index.htm",
    "finalLink": "https://www.sec.gov/Archives/edgar/data/29989/000089109208005175/e33331_10q.htm"
  },
  {
    "date": "2008-06-30",
    "symbol": "OMC",
    "reportedCurrency": "USD",
    "cik": "0000029989",
    "fillingDate": "2008-07-24",
    "acceptedDate": "2008-07-24 17:14:15",
    "calendarYear": "2008",
    "period": "Q2",
    "revenue": 3476900000,
    "costOfRevenue": 0,
    "grossProfit": 3476900000,
    "grossProfitRatio": 1,
    "researchAndDevelopmentExpenses": 0,
    "generalAndAdministrativeExpenses": 2960100000,
    "sellingAndMarketingExpenses": 0,
    "sellingGeneralAndAdministrativeExpenses": 2960100000,
    "otherExpenses": 0,
    "operatingExpenses": 2960100000,
    "costAndExpenses": 2960100000,
    "interestIncome": 12700000,
    "interestExpense": 31400000,
    "depreciationAndAmortization": 71100000,
    "ebitda": 588000000,
    "ebitdaratio": 0.1691161667,
    "operatingIncome": 516800000,
    "operatingIncomeRatio": 0.1486381547,
    "totalOtherIncomeExpensesNet": -18700000,
    "incomeBeforeTax": 498100000,
    "incomeBeforeTaxRatio": 0.1432598004,
    "incomeTaxExpense": 167200000,
    "netIncome": 307000000,
    "netIncomeRatio": 0.0882970462,
    "eps": 0.96,
    "epsdiluted": 0.95,
    "weightedAverageShsOut": 317500000,
    "weightedAverageShsOutDil": 319600000,
    "link": "https://www.sec.gov/Archives/edgar/data/29989/000089109208003721/0000891092-08-003721-index.htm",
    "finalLink": "https://www.sec.gov/Archives/edgar/data/29989/000089109208003721/e32377_10q.htm"
  },
  {
    "date": "2008-03-31",
    "symbol": "OMC",
    "reportedCurrency": "USD",
    "cik": "0000029989",
    "fillingDate": "2008-04-25",
    "acceptedDate": "2008-04-25 17:01:51",
    "calendarYear": "2008",
    "period": "Q1",
    "revenue": 3195400000,
    "costOfRevenue": 0,
    "grossProfit": 3195400000,
    "grossProfitRatio": 1,
    "researchAndDevelopmentExpenses": 0,
    "generalAndAdministrativeExpenses": 2844600000,
    "sellingAndMarketingExpenses": 0,
    "sellingGeneralAndAdministrativeExpenses": 2844600000,
    "otherExpenses": 0,
    "operatingExpenses": 2844600000,
    "costAndExpenses": 2844600000,
    "interestIncome": 14400000,
    "interestExpense": 25400000,
    "depreciationAndAmortization": 72400000,
    "ebitda": 422400000,
    "ebitdaratio": 0.1321900232,
    "operatingIncome": 350800000,
    "operatingIncomeRatio": 0.1097828128,
    "totalOtherIncomeExpensesNet": -11000000,
    "incomeBeforeTax": 339800000,
    "incomeBeforeTaxRatio": 0.1063403643,
    "incomeTaxExpense": 115200000,
    "netIncome": 208700000,
    "netIncomeRatio": 0.0653126369,
    "eps": 0.65,
    "epsdiluted": 0.64,
    "weightedAverageShsOut": 318300000,
    "weightedAverageShsOutDil": 320100000,
    "link": "https://www.sec.gov/Archives/edgar/data/29989/000089109208002232/0000891092-08-002232-index.htm",
    "finalLink": "https://www.sec.gov/Archives/edgar/data/29989/000089109208002232/e31336_10q.htm"
  },
  {
    "date": "2007-12-31",
    "symbol": "OMC",
    "reportedCurrency": "USD",
    "cik": "0000029989",
    "fillingDate": "2008-02-22",
    "acceptedDate": "2008-02-22 16:46:11",
    "calendarYear": "2007",
    "period": "Q4",
    "revenue": 3625900000,
    "costOfRevenue": 0,
    "grossProfit": 3625900000,
    "grossProfitRatio": 1,
    "researchAndDevelopmentExpenses": 0,
    "generalAndAdministrativeExpenses": 3094100000,
    "sellingAndMarketingExpenses": 0,
    "sellingGeneralAndAdministrativeExpenses": 3094100000,
    "otherExpenses": 0,
    "operatingExpenses": 3094100000,
    "costAndExpenses": 3094100000,
    "interestIncome": 0,
    "interestExpense": 0,
    "depreciationAndAmortization": 73100000,
    "ebitda": 604900000,
    "ebitdaratio": 0.1668275463,
    "operatingIncome": 531800000,
    "operatingIncomeRatio": 0.1466670344,
    "totalOtherIncomeExpensesNet": -14200000,
    "incomeBeforeTax": 517600000,
    "incomeBeforeTaxRatio": 0.1427507653,
    "incomeTaxExpense": 175500000,
    "netIncome": 313800000,
    "netIncomeRatio": 0.0865440304,
    "eps": 0.98,
    "epsdiluted": 0.98,
    "weightedAverageShsOut": 320980198,
    "weightedAverageShsOutDil": 321076923,
    "link": "https://www.sec.gov/Archives/edgar/data/29989/000089109208001149/0000891092-08-001149-index.htm",
    "finalLink": "https://www.sec.gov/Archives/edgar/data/29989/000089109208001149/e30407-10k.htm"
  },
  {
    "date": "2007-09-30",
    "symbol": "OMC",
    "reportedCurrency": "USD",
    "cik": "0000029989",
    "fillingDate": "2007-10-26",
    "acceptedDate": "2007-10-26 17:04:48",
    "calendarYear": "2007",
    "period": "Q3",
    "revenue": 3101400000,
    "costOfRevenue": 0,
    "grossProfit": 3101400000,
    "grossProfitRatio": 1,
    "researchAndDevelopmentExpenses": 0,
    "generalAndAdministrativeExpenses": 2751200000,
    "sellingAndMarketingExpenses": 0,
    "sellingGeneralAndAdministrativeExpenses": 2751200000,
    "otherExpenses": 0,
    "operatingExpenses": 2751200000,
    "costAndExpenses": 2751200000,
    "interestIncome": 0,
    "interestExpense": 0,
    "depreciationAndAmortization": 69700000,
    "ebitda": 350200000,
    "ebitdaratio": 0.1129167473,
    "operatingIncome": 350200000,
    "operatingIncomeRatio": 0.1129167473,
    "totalOtherIncomeExpensesNet": -19300000,
    "incomeBeforeTax": 330900000,
    "incomeBeforeTaxRatio": 0.1066937512,
    "incomeTaxExpense": 112100000,
    "netIncome": 202200000,
    "netIncomeRatio": 0.0651963629,
    "eps": 0.62,
    "epsdiluted": 0.62,
    "weightedAverageShsOut": 326129032,
    "weightedAverageShsOutDil": 326129032,
    "link": "https://www.sec.gov/Archives/edgar/data/29989/000089109207004579/0000891092-07-004579-index.htm",
    "finalLink": "https://www.sec.gov/Archives/edgar/data/29989/000089109207004579/e28928_10q.htm"
  },
  {
    "date": "2007-06-30",
    "symbol": "OMC",
    "reportedCurrency": "USD",
    "cik": "0000029989",
    "fillingDate": "2007-07-26",
    "acceptedDate": "2007-07-26 17:03:31",
    "calendarYear": "2007",
    "period": "Q2",
    "revenue": 3126100000,
    "costOfRevenue": 0,
    "grossProfit": 3126100000,
    "grossProfitRatio": 1,
    "researchAndDevelopmentExpenses": 0,
    "generalAndAdministrativeExpenses": 2664500000,
    "sellingAndMarketingExpenses": 0,
    "sellingGeneralAndAdministrativeExpenses": 2664500000,
    "otherExpenses": 0,
    "operatingExpenses": 2664500000,
    "costAndExpenses": 2664500000,
    "interestIncome": 0,
    "interestExpense": 0,
    "depreciationAndAmortization": 68300000,
    "ebitda": 461600000,
    "ebitdaratio": 0.1476600237,
    "operatingIncome": 461600000,
    "operatingIncomeRatio": 0.1476600237,
    "totalOtherIncomeExpensesNet": -22200000,
    "incomeBeforeTax": 439400000,
    "incomeBeforeTaxRatio": 0.1405585234,
    "incomeTaxExpense": 148800000,
    "netIncome": 276700000,
    "netIncomeRatio": 0.0885128435,
    "eps": 0.85,
    "epsdiluted": 0.84,
    "weightedAverageShsOut": 325529412,
    "weightedAverageShsOutDil": 329404762,
    "link": "https://www.sec.gov/Archives/edgar/data/29989/000089109207003076/0000891092-07-003076-index.htm",
    "finalLink": "https://www.sec.gov/Archives/edgar/data/29989/000089109207003076/e27994_10q.htm"
  },
  {
    "date": "2007-03-31",
    "symbol": "OMC",
    "reportedCurrency": "USD",
    "cik": "0000029989",
    "fillingDate": "2007-04-27",
    "acceptedDate": "2007-04-27 16:14:41",
    "calendarYear": "2007",
    "period": "Q1",
    "revenue": 2840600000,
    "costOfRevenue": 0,
    "grossProfit": 2840600000,
    "grossProfitRatio": 1,
    "researchAndDevelopmentExpenses": 0,
    "generalAndAdministrativeExpenses": 2525100000,
    "sellingAndMarketingExpenses": 0,
    "sellingGeneralAndAdministrativeExpenses": 2525100000,
    "otherExpenses": 0,
    "operatingExpenses": 2525100000,
    "costAndExpenses": 2525100000,
    "interestIncome": 0,
    "interestExpense": 0,
    "depreciationAndAmortization": 66200000,
    "ebitda": 381700000,
    "ebitdaratio": 0.1343730198,
    "operatingIncome": 315500000,
    "operatingIncomeRatio": 0.1110680842,
    "totalOtherIncomeExpensesNet": -18300000,
    "incomeBeforeTax": 297200000,
    "incomeBeforeTaxRatio": 0.1046257833,
    "incomeTaxExpense": 100500000,
    "netIncome": 183000000,
    "netIncomeRatio": 0.0644230092,
    "eps": 0.55,
    "epsdiluted": 0.55,
    "weightedAverageShsOut": 332727273,
    "weightedAverageShsOutDil": 332727273,
    "link": "https://www.sec.gov/Archives/edgar/data/29989/000089109207001649/0000891092-07-001649-index.htm",
    "finalLink": "https://www.sec.gov/Archives/edgar/data/29989/000089109207001649/e27078_10q.htm"
  },
  {
    "date": "2006-12-31",
    "symbol": "OMC",
    "reportedCurrency": "USD",
    "cik": "0000029989",
    "fillingDate": "2007-02-27",
    "acceptedDate": "2007-02-26 21:24:04",
    "calendarYear": "2006",
    "period": "Q4",
    "revenue": 3216200000,
    "costOfRevenue": 0,
    "grossProfit": 3216200000,
    "grossProfitRatio": 1,
    "researchAndDevelopmentExpenses": 0,
    "generalAndAdministrativeExpenses": 2742000000,
    "sellingAndMarketingExpenses": 0,
    "sellingGeneralAndAdministrativeExpenses": 2742000000,
    "otherExpenses": 0,
    "operatingExpenses": 2742000000,
    "costAndExpenses": 2742000000,
    "interestIncome": 0,
    "interestExpense": 0,
    "depreciationAndAmortization": 70900000,
    "ebitda": 545100000,
    "ebitdaratio": 0.1694857285,
    "operatingIncome": 474200000,
    "operatingIncomeRatio": 0.1474410795,
    "totalOtherIncomeExpensesNet": -24200000,
    "incomeBeforeTax": 450000000,
    "incomeBeforeTaxRatio": 0.1399166718,
    "incomeTaxExpense": 151400000,
    "netIncome": 277200000,
    "netIncomeRatio": 0.0861886699,
    "eps": 0.84,
    "epsdiluted": 0.84,
    "weightedAverageShsOut": 329729730,
    "weightedAverageShsOutDil": 329729730,
    "link": "https://www.sec.gov/Archives/edgar/data/29989/000089109207000620/0000891092-07-000620-index.htm",
    "finalLink": "https://www.sec.gov/Archives/edgar/data/29989/000089109207000620/e26283-10k.htm"
  },
  {
    "date": "2006-09-30",
    "symbol": "OMC",
    "reportedCurrency": "USD",
    "cik": "0000029989",
    "fillingDate": "2006-10-30",
    "acceptedDate": "2006-10-30 08:57:23",
    "calendarYear": "2006",
    "period": "Q3",
    "revenue": 2774300000,
    "costOfRevenue": 0,
    "grossProfit": 2774300000,
    "grossProfitRatio": 1,
    "researchAndDevelopmentExpenses": 0,
    "generalAndAdministrativeExpenses": 2466900000,
    "sellingAndMarketingExpenses": 0,
    "sellingGeneralAndAdministrativeExpenses": 2466900000,
    "otherExpenses": 0,
    "operatingExpenses": 2466900000,
    "costAndExpenses": 2466900000,
    "interestIncome": 0,
    "interestExpense": 0,
    "depreciationAndAmortization": 66000000,
    "ebitda": 373400000,
    "ebitdaratio": 0.1345925098,
    "operatingIncome": 307400000,
    "operatingIncomeRatio": 0.110802725,
    "totalOtherIncomeExpensesNet": -26700000,
    "incomeBeforeTax": 280700000,
    "incomeBeforeTaxRatio": 0.1011786757,
    "incomeTaxExpense": 92900000,
    "netIncome": 177100000,
    "netIncomeRatio": 0.0638359226,
    "eps": 0.52,
    "epsdiluted": 0.52,
    "weightedAverageShsOut": 340576923,
    "weightedAverageShsOutDil": 340576923,
    "link": "https://www.sec.gov/Archives/edgar/data/29989/000089109206003287/0000891092-06-003287-index.htm",
    "finalLink": "https://www.sec.gov/Archives/edgar/data/29989/000089109206003287/e25392-10q.htm"
  },
  {
    "date": "2006-06-30",
    "symbol": "OMC",
    "reportedCurrency": "USD",
    "cik": "0000029989",
    "fillingDate": "2006-08-09",
    "acceptedDate": "2006-08-08 19:43:47",
    "calendarYear": "2006",
    "period": "Q2",
    "revenue": 2823400000,
    "costOfRevenue": 0,
    "grossProfit": 2823400000,
    "grossProfitRatio": 1,
    "researchAndDevelopmentExpenses": 0,
    "generalAndAdministrativeExpenses": 2406000000,
    "sellingAndMarketingExpenses": 0,
    "sellingGeneralAndAdministrativeExpenses": 2406000000,
    "otherExpenses": 0,
    "operatingExpenses": 2406000000,
    "costAndExpenses": 2406000000,
    "interestIncome": 0,
    "interestExpense": 0,
    "depreciationAndAmortization": 64300000,
    "ebitda": 417400000,
    "ebitdaratio": 0.1478359425,
    "operatingIncome": 417400000,
    "operatingIncomeRatio": 0.1478359425,
    "totalOtherIncomeExpensesNet": -25500000,
    "incomeBeforeTax": 391900000,
    "incomeBeforeTaxRatio": 0.1388042785,
    "incomeTaxExpense": 131700000,
    "netIncome": 244100000,
    "netIncomeRatio": 0.0864560459,
    "eps": 0.72,
    "epsdiluted": 0.71,
    "weightedAverageShsOut": 339027778,
    "weightedAverageShsOutDil": 343802817,
    "link": "https://www.sec.gov/Archives/edgar/data/29989/000089109206002203/0000891092-06-002203-index.htm",
    "finalLink": "https://www.sec.gov/Archives/edgar/data/29989/000089109206002203/e24696_10q.htm"
  },
  {
    "date": "2006-03-31",
    "symbol": "OMC",
    "reportedCurrency": "USD",
    "cik": "0000029989",
    "fillingDate": "2006-05-02",
    "acceptedDate": "2006-05-01 17:33:50",
    "calendarYear": "2006",
    "period": "Q1",
    "revenue": 2562900000,
    "costOfRevenue": 0,
    "grossProfit": 2562900000,
    "grossProfitRatio": 1,
    "researchAndDevelopmentExpenses": 0,
    "generalAndAdministrativeExpenses": 2278500000,
    "sellingAndMarketingExpenses": 0,
    "sellingGeneralAndAdministrativeExpenses": 2278500000,
    "otherExpenses": 0,
    "operatingExpenses": 2278500000,
    "costAndExpenses": 2278500000,
    "interestIncome": 0,
    "interestExpense": 0,
    "depreciationAndAmortization": 59900000,
    "ebitda": 344300000,
    "ebitdaratio": 0.1343400055,
    "operatingIncome": 284400000,
    "operatingIncomeRatio": 0.110968044,
    "totalOtherIncomeExpensesNet": -15100000,
    "incomeBeforeTax": 269300000,
    "incomeBeforeTaxRatio": 0.1050762808,
    "incomeTaxExpense": 90900000,
    "netIncome": 165700000,
    "netIncomeRatio": 0.0646533224,
    "eps": 0.47,
    "epsdiluted": 0.47,
    "weightedAverageShsOut": 352553191,
    "weightedAverageShsOutDil": 356344086,
    "link": "https://www.sec.gov/Archives/edgar/data/29989/000089109206001146/0000891092-06-001146-index.htm",
    "finalLink": "https://www.sec.gov/Archives/edgar/data/29989/000089109206001146/e23953_10q.txt"
  },
  {
    "date": "2005-12-31",
    "symbol": "OMC",
    "reportedCurrency": "USD",
    "cik": "0000029989",
    "fillingDate": "2006-02-24",
    "acceptedDate": "2006-02-24 17:06:12",
    "calendarYear": "2005",
    "period": "Q4",
    "revenue": 2939400000,
    "costOfRevenue": 0,
    "grossProfit": 2939400000,
    "grossProfitRatio": 1,
    "researchAndDevelopmentExpenses": 0,
    "generalAndAdministrativeExpenses": 2513300000,
    "sellingAndMarketingExpenses": 0,
    "sellingGeneralAndAdministrativeExpenses": 2513300000,
    "otherExpenses": 0,
    "operatingExpenses": 2513300000,
    "costAndExpenses": 2513300000,
    "interestIncome": 0,
    "interestExpense": 0,
    "depreciationAndAmortization": 66600000,
    "ebitda": 492700000,
    "ebitdaratio": 0.167619242,
    "operatingIncome": 426100000,
    "operatingIncomeRatio": 0.1449615568,
    "totalOtherIncomeExpensesNet": -16500000,
    "incomeBeforeTax": 409600000,
    "incomeBeforeTaxRatio": 0.1393481663,
    "incomeTaxExpense": 137900000,
    "netIncome": 252600000,
    "netIncomeRatio": 0.0859359053,
    "eps": 0.72,
    "epsdiluted": 0.72,
    "weightedAverageShsOut": 352553191,
    "weightedAverageShsOutDil": 352553191,
    "link": "https://www.sec.gov/Archives/edgar/data/29989/000089109206000463/0000891092-06-000463-index.htm",
    "finalLink": "https://www.sec.gov/Archives/edgar/data/29989/000089109206000463/e23435_10k.txt"
  },
  {
    "date": "2005-09-30",
    "symbol": "OMC",
    "reportedCurrency": "USD",
    "cik": "0000029989",
    "fillingDate": "2005-11-01",
    "acceptedDate": "2005-11-01 16:29:01",
    "calendarYear": "2005",
    "period": "Q3",
    "revenue": 2522900000,
    "costOfRevenue": 0,
    "grossProfit": 2522900000,
    "grossProfitRatio": 1,
    "researchAndDevelopmentExpenses": 0,
    "generalAndAdministrativeExpenses": 2248400000,
    "sellingAndMarketingExpenses": 0,
    "sellingGeneralAndAdministrativeExpenses": 2248400000,
    "otherExpenses": 0,
    "operatingExpenses": 2248400000,
    "costAndExpenses": 2248400000,
    "interestIncome": 0,
    "interestExpense": 0,
    "depreciationAndAmortization": 62700000,
    "ebitda": 337200000,
    "ebitdaratio": 0.1336557137,
    "operatingIncome": 274500000,
    "operatingIncomeRatio": 0.1088033612,
    "totalOtherIncomeExpensesNet": -16300000,
    "incomeBeforeTax": 258200000,
    "incomeBeforeTaxRatio": 0.1023425423,
    "incomeTaxExpense": 86900000,
    "netIncome": 161700000,
    "netIncomeRatio": 0.064092909,
    "eps": 0.45,
    "epsdiluted": 0.45,
    "weightedAverageShsOut": 359333333,
    "weightedAverageShsOutDil": 359333333,
    "link": "https://www.sec.gov/Archives/edgar/data/29989/000089109205002125/0000891092-05-002125-index.htm",
    "finalLink": "https://www.sec.gov/Archives/edgar/data/29989/000089109205002125/e22697_10q.txt"
  },
  {
    "date": "2005-06-30",
    "symbol": "OMC",
    "reportedCurrency": "USD",
    "cik": "0000029989",
    "fillingDate": "2005-08-03",
    "acceptedDate": "2005-08-03 17:24:51",
    "calendarYear": "2005",
    "period": "Q2",
    "revenue": 2615800000,
    "costOfRevenue": 0,
    "grossProfit": 2615800000,
    "grossProfitRatio": 1,
    "researchAndDevelopmentExpenses": 0,
    "generalAndAdministrativeExpenses": 2233800000,
    "sellingAndMarketingExpenses": 0,
    "sellingGeneralAndAdministrativeExpenses": 2233800000,
    "otherExpenses": 0,
    "operatingExpenses": 2233800000,
    "costAndExpenses": 2233800000,
    "interestIncome": 0,
    "interestExpense": 0,
    "depreciationAndAmortization": 65200000,
    "ebitda": 447200000,
    "ebitdaratio": 0.1709610827,
    "operatingIncome": 382000000,
    "operatingIncomeRatio": 0.1460356296,
    "totalOtherIncomeExpensesNet": -14300000,
    "incomeBeforeTax": 367700000,
    "incomeBeforeTaxRatio": 0.1405688508,
    "incomeTaxExpense": 124300000,
    "netIncome": 225800000,
    "netIncomeRatio": 0.0863215842,
    "eps": 0.62,
    "epsdiluted": 0.62,
    "weightedAverageShsOut": 364193548,
    "weightedAverageShsOutDil": 364193548,
    "link": "https://www.sec.gov/Archives/edgar/data/29989/000089109205001508/0000891092-05-001508-index.htm",
    "finalLink": "https://www.sec.gov/Archives/edgar/data/29989/000089109205001508/e22252_10q.txt"
  },
  {
    "date": "2005-03-31",
    "symbol": "OMC",
    "reportedCurrency": "USD",
    "cik": "0000029989",
    "fillingDate": "2005-05-10",
    "acceptedDate": "2005-05-10 14:08:04",
    "calendarYear": "2005",
    "period": "Q1",
    "revenue": 2403000000,
    "costOfRevenue": 0,
    "grossProfit": 2403000000,
    "grossProfitRatio": 1,
    "researchAndDevelopmentExpenses": 0,
    "generalAndAdministrativeExpenses": 2145700000,
    "sellingAndMarketingExpenses": 0,
    "sellingGeneralAndAdministrativeExpenses": 2145700000,
    "otherExpenses": 0,
    "operatingExpenses": 2145700000,
    "costAndExpenses": 2145700000,
    "interestIncome": 0,
    "interestExpense": 0,
    "depreciationAndAmortization": 67700000,
    "ebitda": 325000000,
    "ebitdaratio": 0.1352476072,
    "operatingIncome": 257300000,
    "operatingIncomeRatio": 0.1070744902,
    "totalOtherIncomeExpensesNet": -12100000,
    "incomeBeforeTax": 245200000,
    "incomeBeforeTaxRatio": 0.1020391178,
    "incomeTaxExpense": 86100000,
    "netIncome": 150500000,
    "netIncomeRatio": 0.0626300458,
    "eps": 0.41,
    "epsdiluted": 0.41,
    "weightedAverageShsOut": 367073171,
    "weightedAverageShsOutDil": 367073171,
    "link": "https://www.sec.gov/Archives/edgar/data/29989/000089109205000920/0000891092-05-000920-index.htm",
    "finalLink": "https://www.sec.gov/Archives/edgar/data/29989/000089109205000920/e20861_10q.txt"
  },
  {
    "date": "2004-12-31",
    "symbol": "OMC",
    "reportedCurrency": "USD",
    "cik": "0000029989",
    "fillingDate": "2005-03-15",
    "acceptedDate": "2005-03-15 10:34:02",
    "calendarYear": "2004",
    "period": "Q4",
    "revenue": 2789100000,
    "costOfRevenue": 0,
    "grossProfit": 2789100000,
    "grossProfitRatio": 1,
    "researchAndDevelopmentExpenses": 0,
    "generalAndAdministrativeExpenses": 2394200000,
    "sellingAndMarketingExpenses": 0,
    "sellingGeneralAndAdministrativeExpenses": 2394200000,
    "otherExpenses": 0,
    "operatingExpenses": 2394200000,
    "costAndExpenses": 2394200000,
    "interestIncome": 0,
    "interestExpense": 0,
    "depreciationAndAmortization": 70900000,
    "ebitda": 465800000,
    "ebitdaratio": 0.1670072783,
    "operatingIncome": 394900000,
    "operatingIncomeRatio": 0.1415868918,
    "totalOtherIncomeExpensesNet": -10000000,
    "incomeBeforeTax": 384900000,
    "incomeBeforeTaxRatio": 0.1380015059,
    "incomeTaxExpense": 129400000,
    "netIncome": 236500000,
    "netIncomeRatio": 0.0847943781,
    "eps": 0.64,
    "epsdiluted": 0.64,
    "weightedAverageShsOut": 364562334,
    "weightedAverageShsOutDil": 367073171,
    "link": "https://www.sec.gov/Archives/edgar/data/29989/000089109205000493/0000891092-05-000493-index.htm",
    "finalLink": "https://www.sec.gov/Archives/edgar/data/29989/000089109205000493/e20546_10k.txt"
  },
  {
    "date": "2004-09-30",
    "symbol": "OMC",
    "reportedCurrency": "USD",
    "cik": "0000029989",
    "fillingDate": "2004-11-05",
    "acceptedDate": "2004-11-05 17:03:45",
    "calendarYear": "2004",
    "period": "Q3",
    "revenue": 2319000000,
    "costOfRevenue": 0,
    "grossProfit": 2319000000,
    "grossProfitRatio": 1,
    "researchAndDevelopmentExpenses": 0,
    "generalAndAdministrativeExpenses": 2071600000,
    "sellingAndMarketingExpenses": 0,
    "sellingGeneralAndAdministrativeExpenses": 2071600000,
    "otherExpenses": 0,
    "operatingExpenses": 2071600000,
    "costAndExpenses": 2071600000,
    "interestIncome": 0,
    "interestExpense": 0,
    "depreciationAndAmortization": 70200000,
    "ebitda": 317600000,
    "ebitdaratio": 0.1369555843,
    "operatingIncome": 247400000,
    "operatingIncomeRatio": 0.1066839155,
    "totalOtherIncomeExpensesNet": -8800000,
    "incomeBeforeTax": 238600000,
    "incomeBeforeTaxRatio": 0.1028891764,
    "incomeTaxExpense": 80300000,
    "netIncome": 145300000,
    "netIncomeRatio": 0.0626563174,
    "eps": 0.4,
    "epsdiluted": 0.4,
    "weightedAverageShsOut": 367848101,
    "weightedAverageShsOutDil": 367848101,
    "link": "https://www.sec.gov/Archives/edgar/data/29989/000089109204005426/0000891092-04-005426-index.htm",
    "finalLink": "https://www.sec.gov/Archives/edgar/data/29989/000089109204005426/e19576_10q.txt"
  },
  {
    "date": "2004-06-30",
    "symbol": "OMC",
    "reportedCurrency": "USD",
    "cik": "0000029989",
    "fillingDate": "2004-08-09",
    "acceptedDate": "2004-08-09 17:24:40",
    "calendarYear": "2004",
    "period": "Q2",
    "revenue": 2407800000,
    "costOfRevenue": 0,
    "grossProfit": 2407800000,
    "grossProfitRatio": 1,
    "researchAndDevelopmentExpenses": 0,
    "generalAndAdministrativeExpenses": 2064100000,
    "sellingAndMarketingExpenses": 0,
    "sellingGeneralAndAdministrativeExpenses": 2064100000,
    "otherExpenses": 0,
    "operatingExpenses": 2064100000,
    "costAndExpenses": 2064100000,
    "interestIncome": 0,
    "interestExpense": 0,
    "depreciationAndAmortization": 71300000,
    "ebitda": 415000000,
    "ebitdaratio": 0.172356508,
    "operatingIncome": 343700000,
    "operatingIncomeRatio": 0.142744414,
    "totalOtherIncomeExpensesNet": -7300000,
    "incomeBeforeTax": 336400000,
    "incomeBeforeTaxRatio": 0.1397126007,
    "incomeTaxExpense": 113100000,
    "netIncome": 206100000,
    "netIncomeRatio": 0.0855968104,
    "eps": 0.55,
    "epsdiluted": 0.55,
    "weightedAverageShsOut": 374727273,
    "weightedAverageShsOutDil": 374727273,
    "link": "https://www.sec.gov/Archives/edgar/data/29989/000089109204003975/0000891092-04-003975-index.htm",
    "finalLink": "https://www.sec.gov/Archives/edgar/data/29989/000089109204003975/e18062_10q.txt"
  },
  {
    "date": "2004-03-31",
    "symbol": "OMC",
    "reportedCurrency": "USD",
    "cik": "0000029989",
    "fillingDate": "2004-05-07",
    "acceptedDate": "2004-05-07 17:22:47",
    "calendarYear": "2004",
    "period": "Q1",
    "revenue": 2231400000,
    "costOfRevenue": 0,
    "grossProfit": 2231400000,
    "grossProfitRatio": 1,
    "researchAndDevelopmentExpenses": 0,
    "generalAndAdministrativeExpenses": 2002100000,
    "sellingAndMarketingExpenses": 0,
    "sellingGeneralAndAdministrativeExpenses": 2002100000,
    "otherExpenses": 0,
    "operatingExpenses": 2002100000,
    "costAndExpenses": 2002100000,
    "interestIncome": 0,
    "interestExpense": 0,
    "depreciationAndAmortization": 76900000,
    "ebitda": 306200000,
    "ebitdaratio": 0.1372232679,
    "operatingIncome": 229300000,
    "operatingIncomeRatio": 0.1027605987,
    "totalOtherIncomeExpensesNet": -10400000,
    "incomeBeforeTax": 218900000,
    "incomeBeforeTaxRatio": 0.0980998476,
    "incomeTaxExpense": 73600000,
    "netIncome": 135600000,
    "netIncomeRatio": 0.0607690239,
    "eps": 0.36,
    "epsdiluted": 0.36,
    "weightedAverageShsOut": 376666667,
    "weightedAverageShsOutDil": 376666667,
    "link": "https://www.sec.gov/Archives/edgar/data/29989/000089109204002349/0000891092-04-002349-index.htm",
    "finalLink": "https://www.sec.gov/Archives/edgar/data/29989/000089109204002349/e17800_10q.txt"
  },
  {
    "date": "2003-12-31",
    "symbol": "OMC",
    "reportedCurrency": "USD",
    "cik": "0000029989",
    "fillingDate": "2004-03-15",
    "acceptedDate": "2004-03-15 16:17:04",
    "calendarYear": "2003",
    "period": "Q4",
    "revenue": 2506048000,
    "costOfRevenue": 0,
    "grossProfit": 2506048000,
    "grossProfitRatio": 1,
    "researchAndDevelopmentExpenses": 0,
    "generalAndAdministrativeExpenses": 2135784000,
    "sellingAndMarketingExpenses": 0,
    "sellingGeneralAndAdministrativeExpenses": 2135784000,
    "otherExpenses": 0,
    "operatingExpenses": 2135784000,
    "costAndExpenses": 2135784000,
    "interestIncome": 0,
    "interestExpense": 0,
    "depreciationAndAmortization": 68235000,
    "ebitda": 438499000,
    "ebitdaratio": 0.1749762973,
    "operatingIncome": 370264000,
    "operatingIncomeRatio": 0.1477481676,
    "totalOtherIncomeExpensesNet": -29331000,
    "incomeBeforeTax": 340933000,
    "incomeBeforeTaxRatio": 0.1360440822,
    "incomeTaxExpense": 119651000,
    "netIncome": 221282000,
    "netIncomeRatio": 0.0882991866,
    "eps": 0.59,
    "epsdiluted": 0.59,
    "weightedAverageShsOut": 376666667,
    "weightedAverageShsOutDil": 376666667,
    "link": "https://www.sec.gov/Archives/edgar/data/29989/000089109204001284/0000891092-04-001284-index.htm",
    "finalLink": "https://www.sec.gov/Archives/edgar/data/29989/000089109204001284/e17132_10k.txt"
  },
  {
    "date": "2003-09-30",
    "symbol": "OMC",
    "reportedCurrency": "USD",
    "cik": "0000029989",
    "fillingDate": "2003-11-07",
    "acceptedDate": "2003-11-07 16:37:07",
    "calendarYear": "2003",
    "period": "Q3",
    "revenue": 2028603000,
    "costOfRevenue": 0,
    "grossProfit": 2028603000,
    "grossProfitRatio": 1,
    "researchAndDevelopmentExpenses": 0,
    "generalAndAdministrativeExpenses": 1794192000,
    "sellingAndMarketingExpenses": 0,
    "sellingGeneralAndAdministrativeExpenses": 1794192000,
    "otherExpenses": 0,
    "operatingExpenses": 1794192000,
    "costAndExpenses": 1794192000,
    "interestIncome": 0,
    "interestExpense": 0,
    "depreciationAndAmortization": 52702000,
    "ebitda": 287113000,
    "ebitdaratio": 0.1415323747,
    "operatingIncome": 234411000,
    "operatingIncomeRatio": 0.1155529199,
    "totalOtherIncomeExpensesNet": -23632000,
    "incomeBeforeTax": 210779000,
    "incomeBeforeTaxRatio": 0.1039035238,
    "incomeTaxExpense": 75510000,
    "netIncome": 135269000,
    "netIncomeRatio": 0.0666808636,
    "eps": 0.36,
    "epsdiluted": 0.36,
    "weightedAverageShsOut": 375747222,
    "weightedAverageShsOutDil": 375747222,
    "link": "https://www.sec.gov/Archives/edgar/data/29989/000089109203003227/0000891092-03-003227-index.htm",
    "finalLink": "https://www.sec.gov/Archives/edgar/data/29989/000089109203003227/e16147_10q.txt"
  },
  {
    "date": "2003-06-30",
    "symbol": "OMC",
    "reportedCurrency": "USD",
    "cik": "0000029989",
    "fillingDate": "2003-08-08",
    "acceptedDate": "2003-08-08 14:40:39",
    "calendarYear": "2003",
    "period": "Q2",
    "revenue": 2149508000,
    "costOfRevenue": 0,
    "grossProfit": 2149508000,
    "grossProfitRatio": 1,
    "researchAndDevelopmentExpenses": 0,
    "generalAndAdministrativeExpenses": 1812863000,
    "sellingAndMarketingExpenses": 0,
    "sellingGeneralAndAdministrativeExpenses": 1812863000,
    "otherExpenses": 0,
    "operatingExpenses": 1812863000,
    "costAndExpenses": 1812863000,
    "interestIncome": 0,
    "interestExpense": 0,
    "depreciationAndAmortization": 52917000,
    "ebitda": 389562000,
    "ebitdaratio": 0.1812331008,
    "operatingIncome": 336645000,
    "operatingIncomeRatio": 0.1566149091,
    "totalOtherIncomeExpensesNet": -12952000,
    "incomeBeforeTax": 323693000,
    "incomeBeforeTaxRatio": 0.1505893442,
    "incomeTaxExpense": 110555000,
    "netIncome": 190747000,
    "netIncomeRatio": 0.0887398419,
    "eps": 0.51,
    "epsdiluted": 0.51,
    "weightedAverageShsOut": 374013725,
    "weightedAverageShsOutDil": 374013725,
    "link": "https://www.sec.gov/Archives/edgar/data/29989/000089109203002022/0000891092-03-002022-index.htm",
    "finalLink": "https://www.sec.gov/Archives/edgar/data/29989/000089109203002022/e15387_10q.txt"
  },
  {
    "date": "2003-03-31",
    "symbol": "OMC",
    "reportedCurrency": "USD",
    "cik": "0000029989",
    "fillingDate": "2003-05-15",
    "acceptedDate": "2003-05-15 15:43:27",
    "calendarYear": "2003",
    "period": "Q1",
    "revenue": 1937245000,
    "costOfRevenue": 0,
    "grossProfit": 1937245000,
    "grossProfitRatio": 1,
    "researchAndDevelopmentExpenses": 0,
    "generalAndAdministrativeExpenses": 1713891000,
    "sellingAndMarketingExpenses": 0,
    "sellingGeneralAndAdministrativeExpenses": 1713891000,
    "otherExpenses": 0,
    "operatingExpenses": 1713891000,
    "costAndExpenses": 1713891000,
    "interestIncome": 0,
    "interestExpense": 0,
    "depreciationAndAmortization": 47337000,
    "ebitda": 274400000,
    "ebitdaratio": 0.1416444487,
    "operatingIncome": 223354000,
    "operatingIncomeRatio": 0.1152946581,
    "totalOtherIncomeExpensesNet": -8300000,
    "incomeBeforeTax": 215086000,
    "incomeBeforeTaxRatio": 0.1110267416,
    "incomeTaxExpense": 75211000,
    "netIncome": 128584000,
    "netIncomeRatio": 0.0663746712,
    "eps": 0.31,
    "epsdiluted": 0.31,
    "weightedAverageShsOut": 372580645,
    "weightedAverageShsOutDil": 372580645,
    "link": "https://www.sec.gov/Archives/edgar/data/29989/000089109203001088/0000891092-03-001088-index.htm",
    "finalLink": "https://www.sec.gov/Archives/edgar/data/29989/000089109203001088/e14858.txt"
  },
  {
    "date": "2002-12-31",
    "symbol": "OMC",
    "reportedCurrency": "USD",
    "cik": "0000029989",
    "fillingDate": "2003-03-27",
    "acceptedDate": "2003-03-26 20:31:42",
    "calendarYear": "2002",
    "period": "Q4",
    "revenue": 2118845000,
    "costOfRevenue": 0,
    "grossProfit": 2118845000,
    "grossProfitRatio": 1,
    "researchAndDevelopmentExpenses": 0,
    "generalAndAdministrativeExpenses": 1785470000,
    "sellingAndMarketingExpenses": 0,
    "sellingGeneralAndAdministrativeExpenses": 1785470000,
    "otherExpenses": 0,
    "operatingExpenses": 1785470000,
    "costAndExpenses": 1785470000,
    "interestIncome": 0,
    "interestExpense": 0,
    "depreciationAndAmortization": 54022000,
    "ebitda": 387397000,
    "ebitdaratio": 0.182834044,
    "operatingIncome": 333375000,
    "operatingIncomeRatio": 0.1573380781,
    "totalOtherIncomeExpensesNet": -62190000,
    "incomeBeforeTax": 271185000,
    "incomeBeforeTaxRatio": 0.1279871817,
    "incomeTaxExpense": 104069000,
    "netIncome": 201474000,
    "netIncomeRatio": 0.09508671,
    "eps": 0.54,
    "epsdiluted": 0.54,
    "weightedAverageShsOut": 367695584,
    "weightedAverageShsOutDil": 372707246,
    "link": "https://www.sec.gov/Archives/edgar/data/29989/000089109203000497/0000891092-03-000497-index.htm",
    "finalLink": "https://www.sec.gov/Archives/edgar/data/29989/000089109203000497/e14241form10-k.txt"
  },
  {
    "date": "2002-09-30",
    "symbol": "OMC",
    "reportedCurrency": "USD",
    "cik": "0000029989",
    "fillingDate": "2002-11-14",
    "acceptedDate": "2002-11-14 15:11:39",
    "calendarYear": "2002",
    "period": "Q3",
    "revenue": 1768459000,
    "costOfRevenue": 0,
    "grossProfit": 1768459000,
    "grossProfitRatio": 1,
    "researchAndDevelopmentExpenses": 0,
    "generalAndAdministrativeExpenses": 1557068000,
    "sellingAndMarketingExpenses": 0,
    "sellingGeneralAndAdministrativeExpenses": 1557068000,
    "otherExpenses": 0,
    "operatingExpenses": 1557068000,
    "costAndExpenses": 1557068000,
    "interestIncome": 0,
    "interestExpense": 0,
    "depreciationAndAmortization": 51697000,
    "ebitda": 263088000,
    "ebitdaratio": 0.1487668077,
    "operatingIncome": 211391000,
    "operatingIncomeRatio": 0.1195340124,
    "totalOtherIncomeExpensesNet": -5564000,
    "incomeBeforeTax": 205827000,
    "incomeBeforeTaxRatio": 0.1163877704,
    "incomeTaxExpense": 69696000,
    "netIncome": 126104000,
    "netIncomeRatio": 0.0713072794,
    "eps": 0.34,
    "epsdiluted": 0.34,
    "weightedAverageShsOut": 370894118,
    "weightedAverageShsOutDil": 370894118,
    "link": "https://www.sec.gov/Archives/edgar/data/29989/000089109202001311/0000891092-02-001311-index.htm",
    "finalLink": "https://www.sec.gov/Archives/edgar/data/29989/000089109202001311/e13966_10q.txt"
  },
  {
    "date": "2002-06-30",
    "symbol": "OMC",
    "reportedCurrency": "USD",
    "cik": "0000029989",
    "fillingDate": "2002-08-14",
    "acceptedDate": "2002-08-14 17:44:10",
    "calendarYear": "2002",
    "period": "Q2",
    "revenue": 1916569000,
    "costOfRevenue": 0,
    "grossProfit": 1916569000,
    "grossProfitRatio": 1,
    "researchAndDevelopmentExpenses": 0,
    "generalAndAdministrativeExpenses": 1586079000,
    "sellingAndMarketingExpenses": 0,
    "sellingGeneralAndAdministrativeExpenses": 1586079000,
    "otherExpenses": 0,
    "operatingExpenses": 1586079000,
    "costAndExpenses": 1586079000,
    "interestIncome": 0,
    "interestExpense": 0,
    "depreciationAndAmortization": 49980000,
    "ebitda": 380470000,
    "ebitdaratio": 0.1985162027,
    "operatingIncome": 330490000,
    "operatingIncomeRatio": 0.1724383521,
    "totalOtherIncomeExpensesNet": -5942000,
    "incomeBeforeTax": 324548000,
    "incomeBeforeTaxRatio": 0.1693380202,
    "incomeTaxExpense": 122014000,
    "netIncome": 187315000,
    "netIncomeRatio": 0.0977345454,
    "eps": 0.51,
    "epsdiluted": 0.5,
    "weightedAverageShsOut": 370920792,
    "weightedAverageShsOutDil": 374630000,
    "link": "https://www.sec.gov/Archives/edgar/data/29989/000089109202000982/0000891092-02-000982-index.htm",
    "finalLink": "https://www.sec.gov/Archives/edgar/data/29989/000089109202000982/e13715_10q.txt"
  },
  {
    "date": "2002-03-31",
    "symbol": "OMC",
    "reportedCurrency": "USD",
    "cik": "0000029989",
    "fillingDate": "2002-05-15",
    "acceptedDate": "2002-05-15 17:01:40",
    "calendarYear": "2002",
    "period": "Q1",
    "revenue": 1732426000,
    "costOfRevenue": 0,
    "grossProfit": 1732426000,
    "grossProfitRatio": 1,
    "researchAndDevelopmentExpenses": 0,
    "generalAndAdministrativeExpenses": 1503567000,
    "sellingAndMarketingExpenses": 0,
    "sellingGeneralAndAdministrativeExpenses": 1503567000,
    "otherExpenses": 0,
    "operatingExpenses": 1503567000,
    "costAndExpenses": 1503567000,
    "interestIncome": 0,
    "interestExpense": 0,
    "depreciationAndAmortization": 49107000,
    "ebitda": 277966000,
    "ebitdaratio": 0.1604489889,
    "operatingIncome": 228859000,
    "operatingIncomeRatio": 0.1321031894,
    "totalOtherIncomeExpensesNet": -11323000,
    "incomeBeforeTax": 217536000,
    "incomeBeforeTaxRatio": 0.1255672681,
    "incomeTaxExpense": 79858000,
    "netIncome": 128566000,
    "netIncomeRatio": 0.0742115392,
    "eps": 0.35,
    "epsdiluted": 0.34,
    "weightedAverageShsOut": 372655072,
    "weightedAverageShsOutDil": 378135294,
    "link": "https://www.sec.gov/Archives/edgar/data/29989/000089109202000679/0000891092-02-000679-index.htm",
    "finalLink": "https://www.sec.gov/Archives/edgar/data/29989/000089109202000679/e13425form10q.txt"
  },
  {
    "date": "2001-12-31",
    "symbol": "OMC",
    "reportedCurrency": "USD",
    "cik": "0000029989",
    "fillingDate": "2002-03-28",
    "acceptedDate": "2002-03-28 00:00:00",
    "calendarYear": "2001",
    "period": "Q4",
    "revenue": 1970473000,
    "costOfRevenue": 0,
    "grossProfit": 1970473000,
    "grossProfitRatio": 1,
    "researchAndDevelopmentExpenses": 0,
    "generalAndAdministrativeExpenses": 1666889000,
    "sellingAndMarketingExpenses": 0,
    "sellingGeneralAndAdministrativeExpenses": 1666889000,
    "otherExpenses": 0,
    "operatingExpenses": 1666889000,
    "costAndExpenses": 1666889000,
    "interestIncome": 0,
    "interestExpense": 0,
    "depreciationAndAmortization": 64255000,
    "ebitda": 367839000,
    "ebitdaratio": 0.1866754835,
    "operatingIncome": 303584000,
    "operatingIncomeRatio": 0.1540665617,
    "totalOtherIncomeExpensesNet": -55046000,
    "incomeBeforeTax": 248538000,
    "incomeBeforeTaxRatio": 0.126131137,
    "incomeTaxExpense": 112453000,
    "netIncome": 164141000,
    "netIncomeRatio": 0.083300304,
    "eps": 0.44,
    "epsdiluted": 0.44,
    "weightedAverageShsOut": 372655072,
    "weightedAverageShsOutDil": 372655072,
    "link": "https://www.sec.gov/Archives/edgar/data/29989/000089109202000433/0000891092-02-000433-index.htm",
    "finalLink": "https://www.sec.gov/Archives/edgar/data/29989/000089109202000433/e13177_10-k.txt"
  },
  {
    "date": "2001-09-30",
    "symbol": "OMC",
    "reportedCurrency": "USD",
    "cik": "0000029989",
    "fillingDate": "2001-11-14",
    "acceptedDate": "2001-11-14 00:00:00",
    "calendarYear": "2001",
    "period": "Q3",
    "revenue": 1571012000,
    "costOfRevenue": 0,
    "grossProfit": 1571012000,
    "grossProfitRatio": 1,
    "researchAndDevelopmentExpenses": 0,
    "generalAndAdministrativeExpenses": 1388802000,
    "sellingAndMarketingExpenses": 0,
    "sellingGeneralAndAdministrativeExpenses": 1388802000,
    "otherExpenses": 0,
    "operatingExpenses": 1388802000,
    "costAndExpenses": 1388802000,
    "interestIncome": 0,
    "interestExpense": 0,
    "depreciationAndAmortization": 67948000,
    "ebitda": 250158000,
    "ebitdaratio": 0.1592336659,
    "operatingIncome": 182210000,
    "operatingIncomeRatio": 0.1159825641,
    "totalOtherIncomeExpensesNet": -18120000,
    "incomeBeforeTax": 164090000,
    "incomeBeforeTaxRatio": 0.1044485975,
    "incomeTaxExpense": 64340000,
    "netIncome": 92355000,
    "netIncomeRatio": 0.0587869475,
    "eps": 0.25,
    "epsdiluted": 0.25,
    "weightedAverageShsOut": 369420000,
    "weightedAverageShsOutDil": 369420000,
    "link": "https://www.sec.gov/Archives/edgar/data/29989/000089109201500939/0000891092-01-500939-index.htm",
    "finalLink": "https://www.sec.gov/Archives/edgar/data/29989/000089109201500939/file001.txt"
  },
  {
    "date": "2001-06-30",
    "symbol": "OMC",
    "reportedCurrency": "USD",
    "cik": "0000029989",
    "fillingDate": "2001-08-14",
    "acceptedDate": "2001-08-14 00:00:00",
    "calendarYear": "2001",
    "period": "Q2",
    "revenue": 1746788000,
    "costOfRevenue": 0,
    "grossProfit": 1746788000,
    "grossProfitRatio": 1,
    "researchAndDevelopmentExpenses": 0,
    "generalAndAdministrativeExpenses": 1455682000,
    "sellingAndMarketingExpenses": 0,
    "sellingGeneralAndAdministrativeExpenses": 1455682000,
    "otherExpenses": 0,
    "operatingExpenses": 1455682000,
    "costAndExpenses": 1455682000,
    "interestIncome": 0,
    "interestExpense": 0,
    "depreciationAndAmortization": 65908000,
    "ebitda": 357014000,
    "ebitdaratio": 0.2043831306,
    "operatingIncome": 291106000,
    "operatingIncomeRatio": 0.1666521639,
    "totalOtherIncomeExpensesNet": -19439000,
    "incomeBeforeTax": 271667000,
    "incomeBeforeTaxRatio": 0.1555237384,
    "incomeTaxExpense": 107613000,
    "netIncome": 151366000,
    "netIncomeRatio": 0.0866539042,
    "eps": 0.42,
    "epsdiluted": 0.41,
    "weightedAverageShsOut": 364737349,
    "weightedAverageShsOutDil": 373743210,
    "link": "https://www.sec.gov/Archives/edgar/data/29989/000089109201500508/0000891092-01-500508-index.htm",
    "finalLink": "https://www.sec.gov/Archives/edgar/data/29989/000089109201500508/file001.txt"
  },
  {
    "date": "2001-03-31",
    "symbol": "OMC",
    "reportedCurrency": "USD",
    "cik": "0000029989",
    "fillingDate": "2001-05-14",
    "acceptedDate": "2001-05-14 00:00:00",
    "calendarYear": "2001",
    "period": "Q1",
    "revenue": 1601134000,
    "costOfRevenue": 0,
    "grossProfit": 1601134000,
    "grossProfitRatio": 1,
    "researchAndDevelopmentExpenses": 0,
    "generalAndAdministrativeExpenses": 1409850000,
    "sellingAndMarketingExpenses": 0,
    "sellingGeneralAndAdministrativeExpenses": 1409850000,
    "otherExpenses": 0,
    "operatingExpenses": 1409850000,
    "costAndExpenses": 1409850000,
    "interestIncome": 0,
    "interestExpense": 0,
    "depreciationAndAmortization": 59933000,
    "ebitda": 251217000,
    "ebitdaratio": 0.1568994225,
    "operatingIncome": 191284000,
    "operatingIncomeRatio": 0.1194678272,
    "totalOtherIncomeExpensesNet": -20309000,
    "incomeBeforeTax": 170975000,
    "incomeBeforeTaxRatio": 0.1067836921,
    "incomeTaxExpense": 67723000,
    "netIncome": 95280000,
    "netIncomeRatio": 0.0595078238,
    "eps": 0.26,
    "epsdiluted": 0.26,
    "weightedAverageShsOut": 366461538,
    "weightedAverageShsOutDil": 366461538,
    "link": "https://www.sec.gov/Archives/edgar/data/29989/000089109201500153/0000891092-01-500153-index.htm",
    "finalLink": "https://www.sec.gov/Archives/edgar/data/29989/000089109201500153/file001.txt"
  },
  {
    "date": "2000-12-31",
    "symbol": "OMC",
    "reportedCurrency": "USD",
    "cik": "0000029989",
    "fillingDate": "2001-03-27",
    "acceptedDate": "2001-03-27 00:00:00",
    "calendarYear": "2000",
    "period": "Q4",
    "revenue": 1802447000,
    "costOfRevenue": -58653000,
    "grossProfit": 1861100000,
    "grossProfitRatio": 1.0325407626,
    "researchAndDevelopmentExpenses": 0,
    "generalAndAdministrativeExpenses": 1524015000,
    "sellingAndMarketingExpenses": 0,
    "sellingGeneralAndAdministrativeExpenses": 1524015000,
    "otherExpenses": 58653000,
    "operatingExpenses": 1582668000,
    "costAndExpenses": 1524015000,
    "interestIncome": 0,
    "interestExpense": 0,
    "depreciationAndAmortization": 58653000,
    "ebitda": 337085000,
    "ebitdaratio": 0.1870152077,
    "operatingIncome": 278432000,
    "operatingIncomeRatio": 0.154474445,
    "totalOtherIncomeExpensesNet": -36362000,
    "incomeBeforeTax": 242070000,
    "incomeBeforeTaxRatio": 0.1343007589,
    "incomeTaxExpense": 99864000,
    "netIncome": 142206000,
    "netIncomeRatio": 0.0788960785,
    "eps": 0.39,
    "epsdiluted": 0.39,
    "weightedAverageShsOut": 366461538,
    "weightedAverageShsOutDil": 366461538,
    "link": "https://www.sec.gov/Archives/edgar/data/29989/000089109201000449/0000891092-01-000449-index.htm",
    "finalLink": "https://www.sec.gov/Archives/edgar/data/29989/000089109201000449/0000891092-01-000449-0001.txt"
  },
  {
    "date": "2000-09-30",
    "symbol": "OMC",
    "reportedCurrency": "USD",
    "cik": "0000029989",
    "fillingDate": "2000-11-14",
    "acceptedDate": "2000-11-14 00:00:00",
    "calendarYear": "2000",
    "period": "Q3",
    "revenue": 1452523000,
    "costOfRevenue": -57338000,
    "grossProfit": 1509861000,
    "grossProfitRatio": 1.0394747622,
    "researchAndDevelopmentExpenses": 0,
    "generalAndAdministrativeExpenses": 1270269000,
    "sellingAndMarketingExpenses": 0,
    "sellingGeneralAndAdministrativeExpenses": 1270269000,
    "otherExpenses": 57338000,
    "operatingExpenses": 1327607000,
    "costAndExpenses": 1270269000,
    "interestIncome": 0,
    "interestExpense": 0,
    "depreciationAndAmortization": 57338000,
    "ebitda": 239592000,
    "ebitdaratio": 0.1649488511,
    "operatingIncome": 182254000,
    "operatingIncomeRatio": 0.1254740889,
    "totalOtherIncomeExpensesNet": -32038000,
    "incomeBeforeTax": 150216000,
    "incomeBeforeTaxRatio": 0.1034172953,
    "incomeTaxExpense": 64552000,
    "netIncome": 85664000,
    "netIncomeRatio": 0.0589760024,
    "eps": 0.25,
    "epsdiluted": 0.24,
    "weightedAverageShsOut": 349648980,
    "weightedAverageShsOutDil": 356933333,
    "link": "https://www.sec.gov/Archives/edgar/data/29989/000089109200001091/0000891092-00-001091-index.htm",
    "finalLink": "https://www.sec.gov/Archives/edgar/data/29989/000089109200001091/0000891092-00-001091-0001.txt"
  },
  {
    "date": "2000-06-30",
    "symbol": "OMC",
    "reportedCurrency": "USD",
    "cik": "0000029989",
    "fillingDate": "2000-08-14",
    "acceptedDate": "2000-08-14 00:00:00",
    "calendarYear": "2000",
    "period": "Q2",
    "revenue": 1520245000,
    "costOfRevenue": -57043000,
    "grossProfit": 1577288000,
    "grossProfitRatio": 1.0375222415,
    "researchAndDevelopmentExpenses": 0,
    "generalAndAdministrativeExpenses": 1266528000,
    "sellingAndMarketingExpenses": 0,
    "sellingGeneralAndAdministrativeExpenses": 1266528000,
    "otherExpenses": 57043000,
    "operatingExpenses": 1323571000,
    "costAndExpenses": 1266528000,
    "interestIncome": 0,
    "interestExpense": 0,
    "depreciationAndAmortization": 57043000,
    "ebitda": 310760000,
    "ebitdaratio": 0.20441442,
    "operatingIncome": 253717000,
    "operatingIncomeRatio": 0.1668921786,
    "totalOtherIncomeExpensesNet": -30074000,
    "incomeBeforeTax": 223643000,
    "incomeBeforeTaxRatio": 0.1471098408,
    "incomeTaxExpense": 96256000,
    "netIncome": 127387000,
    "netIncomeRatio": 0.0837937306,
    "eps": 0.37,
    "epsdiluted": 0.35,
    "weightedAverageShsOut": 349005479,
    "weightedAverageShsOutDil": 363962857,
    "link": "https://www.sec.gov/Archives/edgar/data/29989/000089109200000709/0000891092-00-000709-index.htm",
    "finalLink": "https://www.sec.gov/Archives/edgar/data/29989/000089109200000709/0000891092-00-000709-0001.txt"
  },
  {
    "date": "2000-03-31",
    "symbol": "OMC",
    "reportedCurrency": "USD",
    "cik": "0000029989",
    "fillingDate": "2000-05-15",
    "acceptedDate": "2000-05-15 00:00:00",
    "calendarYear": "2000",
    "period": "Q1",
    "revenue": 1379015000,
    "costOfRevenue": -52636000,
    "grossProfit": 1431651000,
    "grossProfitRatio": 1.038169273,
    "researchAndDevelopmentExpenses": 0,
    "generalAndAdministrativeExpenses": 1215328000,
    "sellingAndMarketingExpenses": 0,
    "sellingGeneralAndAdministrativeExpenses": 1215328000,
    "otherExpenses": 52636000,
    "operatingExpenses": 1267964000,
    "costAndExpenses": 1215328000,
    "interestIncome": 0,
    "interestExpense": 0,
    "depreciationAndAmortization": 52636000,
    "ebitda": 216323000,
    "ebitdaratio": 0.1568677643,
    "operatingIncome": 163687000,
    "operatingIncomeRatio": 0.1186984913,
    "totalOtherIncomeExpensesNet": 88320000,
    "incomeBeforeTax": 252007000,
    "incomeBeforeTaxRatio": 0.1827442051,
    "incomeTaxExpense": 108469000,
    "netIncome": 143538000,
    "netIncomeRatio": 0.1040873377,
    "eps": 0.41,
    "epsdiluted": 0.39,
    "weightedAverageShsOut": 350092683,
    "weightedAverageShsOutDil": 368046154,
    "link": "https://www.sec.gov/Archives/edgar/data/29989/000089109200000426/0000891092-00-000426-index.html",
    "finalLink": "https://www.sec.gov/Archives/edgar/data/29989/000089109200000426/0000891092-00-000426.txt"
  },
  {
    "date": "1999-12-31",
    "symbol": "OMC",
    "reportedCurrency": "USD",
    "cik": "0000029989",
    "fillingDate": "2000-03-30",
    "acceptedDate": "2000-03-30 00:00:00",
    "calendarYear": "1999",
    "period": "Q4",
    "revenue": 1502400000,
    "costOfRevenue": -74700000,
    "grossProfit": 1577100000,
    "grossProfitRatio": 1.0497204473,
    "researchAndDevelopmentExpenses": 0,
    "generalAndAdministrativeExpenses": 1270500000,
    "sellingAndMarketingExpenses": 0,
    "sellingGeneralAndAdministrativeExpenses": 1270500000,
    "otherExpenses": 74700000,
    "operatingExpenses": 1345200000,
    "costAndExpenses": 1270500000,
    "interestIncome": 0,
    "interestExpense": 0,
    "depreciationAndAmortization": 74700000,
    "ebitda": 306600000,
    "ebitdaratio": 0.2040734824,
    "operatingIncome": 231900000,
    "operatingIncomeRatio": 0.1543530351,
    "totalOtherIncomeExpensesNet": -23700000,
    "incomeBeforeTax": 208200000,
    "incomeBeforeTaxRatio": 0.1385782748,
    "incomeTaxExpense": 88300000,
    "netIncome": 119900000,
    "netIncomeRatio": 0.0798056443,
    "eps": 0.34,
    "epsdiluted": 0.34,
    "weightedAverageShsOut": 350092683,
    "weightedAverageShsOutDil": 350092683,
    "link": "https://www.sec.gov/Archives/edgar/data/29989/000089109200000272/0000891092-00-000272-index.html",
    "finalLink": "https://www.sec.gov/Archives/edgar/data/29989/000089109200000272/0000891092-00-000272.txt"
  },
  {
    "date": "1999-09-30",
    "symbol": "OMC",
    "reportedCurrency": "USD",
    "cik": "0000029989",
    "fillingDate": "1999-11-12",
    "acceptedDate": "1999-11-12 00:00:00",
    "calendarYear": "1999",
    "period": "Q3",
    "revenue": 1210900000,
    "costOfRevenue": -29000000,
    "grossProfit": 1239900000,
    "grossProfitRatio": 1.0239491287,
    "researchAndDevelopmentExpenses": 0,
    "generalAndAdministrativeExpenses": 1063700000,
    "sellingAndMarketingExpenses": 0,
    "sellingGeneralAndAdministrativeExpenses": 1063700000,
    "otherExpenses": 29000000,
    "operatingExpenses": 1092700000,
    "costAndExpenses": 1063700000,
    "interestIncome": 0,
    "interestExpense": 0,
    "depreciationAndAmortization": 29000000,
    "ebitda": 176200000,
    "ebitdaratio": 0.1455116029,
    "operatingIncome": 147200000,
    "operatingIncomeRatio": 0.1215624742,
    "totalOtherIncomeExpensesNet": -23000000,
    "incomeBeforeTax": 124200000,
    "incomeBeforeTaxRatio": 0.1025683376,
    "incomeTaxExpense": 53900000,
    "netIncome": 70300000,
    "netIncomeRatio": 0.0580559914,
    "eps": 0.2,
    "epsdiluted": 0.2,
    "weightedAverageShsOut": 351500000,
    "weightedAverageShsOutDil": 360512821,
    "link": "https://www.sec.gov/Archives/edgar/data/29989/000089109299000726/0000891092-99-000726-index.html",
    "finalLink": "https://www.sec.gov/Archives/edgar/data/29989/000089109299000726/0000891092-99-000726.txt"
  },
  {
    "date": "1999-06-30",
    "symbol": "OMC",
    "reportedCurrency": "USD",
    "cik": "0000029989",
    "fillingDate": "1999-08-12",
    "acceptedDate": "1999-08-12 00:00:00",
    "calendarYear": "1999",
    "period": "Q2",
    "revenue": 1270400000,
    "costOfRevenue": -47000000,
    "grossProfit": 1317400000,
    "grossProfitRatio": 1.0369962217,
    "researchAndDevelopmentExpenses": 0,
    "generalAndAdministrativeExpenses": 1059900000,
    "sellingAndMarketingExpenses": 0,
    "sellingGeneralAndAdministrativeExpenses": 1059900000,
    "otherExpenses": 47000000,
    "operatingExpenses": 1106900000,
    "costAndExpenses": 1059900000,
    "interestIncome": 0,
    "interestExpense": 0,
    "depreciationAndAmortization": 47000000,
    "ebitda": 257469000,
    "ebitdaratio": 0.2026676637,
    "operatingIncome": 210500000,
    "operatingIncomeRatio": 0.1656958438,
    "totalOtherIncomeExpensesNet": -22769000,
    "incomeBeforeTax": 187700000,
    "incomeBeforeTaxRatio": 0.1477487406,
    "incomeTaxExpense": 80600000,
    "netIncome": 107100000,
    "netIncomeRatio": 0.0843041562,
    "eps": 0.31,
    "epsdiluted": 0.3,
    "weightedAverageShsOut": 351147541,
    "weightedAverageShsOutDil": 363050847,
    "link": "https://www.sec.gov/Archives/edgar/data/29989/000089109299000475/0000891092-99-000475-index.html",
    "finalLink": "https://www.sec.gov/Archives/edgar/data/29989/000089109299000475/0000891092-99-000475.txt"
  },
  {
    "date": "1999-04-30",
    "symbol": "OMC",
    "reportedCurrency": "USD",
    "cik": "0000029989",
    "fillingDate": "1999-05-17",
    "acceptedDate": "1999-05-17 00:00:00",
    "calendarYear": "1999",
    "period": "Q1",
    "revenue": 1146900000,
    "costOfRevenue": -45000000,
    "grossProfit": 1191900000,
    "grossProfitRatio": 1.0392362019,
    "researchAndDevelopmentExpenses": 0,
    "generalAndAdministrativeExpenses": 1012300000,
    "sellingAndMarketingExpenses": 0,
    "sellingGeneralAndAdministrativeExpenses": 1012300000,
    "otherExpenses": 45000000,
    "operatingExpenses": 1057300000,
    "costAndExpenses": 1012300000,
    "interestIncome": 0,
    "interestExpense": 0,
    "depreciationAndAmortization": 45000000,
    "ebitda": 179577000,
    "ebitdaratio": 0.1565759874,
    "operatingIncome": 134600000,
    "operatingIncomeRatio": 0.1173598396,
    "totalOtherIncomeExpensesNet": -18477000,
    "incomeBeforeTax": 116100000,
    "incomeBeforeTaxRatio": 0.101229401,
    "incomeTaxExpense": 50500000,
    "netIncome": 65600000,
    "netIncomeRatio": 0.0571976633,
    "eps": 0.19,
    "epsdiluted": 0.19,
    "weightedAverageShsOut": 354594595,
    "weightedAverageShsOutDil": 354594595,
    "link": "https://www.sec.gov/Archives/edgar/data/29989/000089109299000289/0000891092-99-000289-index.html",
    "finalLink": "https://www.sec.gov/Archives/edgar/data/29989/0000891092-99-000289.txt"
  },
  {
    "date": "1998-12-31",
    "symbol": "OMC",
    "reportedCurrency": "USD",
    "cik": "0000029989",
    "fillingDate": "1999-03-30",
    "acceptedDate": "1999-03-30 00:00:00",
    "calendarYear": "1998",
    "period": "Q4",
    "revenue": 1197900000,
    "costOfRevenue": -44000000,
    "grossProfit": 1241900000,
    "grossProfitRatio": 1.0367309458,
    "researchAndDevelopmentExpenses": 0,
    "generalAndAdministrativeExpenses": 1022800000,
    "sellingAndMarketingExpenses": 0,
    "sellingGeneralAndAdministrativeExpenses": 1022800000,
    "otherExpenses": 44000000,
    "operatingExpenses": 1066800000,
    "costAndExpenses": 1022800000,
    "interestIncome": 0,
    "interestExpense": 0,
    "depreciationAndAmortization": 44000000,
    "ebitda": 219100000,
    "ebitdaratio": 0.1829034143,
    "operatingIncome": 175100000,
    "operatingIncomeRatio": 0.1461724685,
    "totalOtherIncomeExpensesNet": -14900000,
    "incomeBeforeTax": 160200000,
    "incomeBeforeTaxRatio": 0.1337340346,
    "incomeTaxExpense": 65800000,
    "netIncome": 94400000,
    "netIncomeRatio": 0.0788045747,
    "eps": 0.27,
    "epsdiluted": 0.27,
    "weightedAverageShsOut": 348198758,
    "weightedAverageShsOutDil": 354594595,
    "link": "https://www.sec.gov/Archives/edgar/data/29989/000089109299000158/0000891092-99-000158-index.html",
    "finalLink": "https://www.sec.gov/Archives/edgar/data/29989/0000891092-99-000158.txt"
  },
  {
    "date": "1998-09-30",
    "symbol": "OMC",
    "reportedCurrency": "USD",
    "cik": "0000029989",
    "fillingDate": "1998-11-13",
    "acceptedDate": "1998-11-13 00:00:00",
    "calendarYear": "1998",
    "period": "Q3",
    "revenue": 981600000,
    "costOfRevenue": -42200000,
    "grossProfit": 1023800000,
    "grossProfitRatio": 1.042991035,
    "researchAndDevelopmentExpenses": 100000,
    "generalAndAdministrativeExpenses": 870600000,
    "sellingAndMarketingExpenses": 0,
    "sellingGeneralAndAdministrativeExpenses": 870600000,
    "otherExpenses": 42200000,
    "operatingExpenses": 912900000,
    "costAndExpenses": 870700000,
    "interestIncome": 0,
    "interestExpense": 0,
    "depreciationAndAmortization": 42200000,
    "ebitda": 160800000,
    "ebitdaratio": 0.1638141809,
    "operatingIncome": 110900000,
    "operatingIncomeRatio": 0.1129788101,
    "totalOtherIncomeExpensesNet": -8800000,
    "incomeBeforeTax": 96000000,
    "incomeBeforeTaxRatio": 0.097799511,
    "incomeTaxExpense": 42200000,
    "netIncome": 53800000,
    "netIncomeRatio": 0.054808476,
    "eps": 0.16,
    "epsdiluted": 0.16,
    "weightedAverageShsOut": 350000000,
    "weightedAverageShsOutDil": 350000000,
    "link": "https://www.sec.gov/Archives/edgar/data/29989/000089109298000399/0000891092-98-000399-index.html",
    "finalLink": "https://www.sec.gov/Archives/edgar/data/29989/0000891092-98-000399.txt"
  },
  {
    "date": "1998-06-30",
    "symbol": "OMC",
    "reportedCurrency": "USD",
    "cik": "0000029989",
    "fillingDate": "1998-08-14",
    "acceptedDate": "1998-08-14 00:00:00",
    "calendarYear": "1998",
    "period": "Q2",
    "revenue": 1051500000,
    "costOfRevenue": -41000000,
    "grossProfit": 1092500000,
    "grossProfitRatio": 1.0389919163,
    "researchAndDevelopmentExpenses": 0,
    "generalAndAdministrativeExpenses": 876700000,
    "sellingAndMarketingExpenses": 0,
    "sellingGeneralAndAdministrativeExpenses": 876700000,
    "otherExpenses": 41000000,
    "operatingExpenses": 917700000,
    "costAndExpenses": 876700000,
    "interestIncome": 0,
    "interestExpense": 0,
    "depreciationAndAmortization": 41000000,
    "ebitda": 218800000,
    "ebitdaratio": 0.20808369,
    "operatingIncome": 174800000,
    "operatingIncomeRatio": 0.1662387066,
    "totalOtherIncomeExpensesNet": -19900000,
    "incomeBeforeTax": 155800000,
    "incomeBeforeTaxRatio": 0.148169282,
    "incomeTaxExpense": 69800000,
    "netIncome": 86000000,
    "netIncomeRatio": 0.081787922,
    "eps": 0.25,
    "epsdiluted": 0.24,
    "weightedAverageShsOut": 345200000,
    "weightedAverageShsOutDil": 359583333,
    "link": "https://www.sec.gov/Archives/edgar/data/29989/000089109298000301/0000891092-98-000301-index.html",
    "finalLink": "https://www.sec.gov/Archives/edgar/data/29989/0000891092-98-000301.txt"
  },
  {
    "date": "1998-03-31",
    "symbol": "OMC",
    "reportedCurrency": "USD",
    "cik": "0000029989",
    "fillingDate": "1998-05-15",
    "acceptedDate": "1998-05-15 00:00:00",
    "calendarYear": "1998",
    "period": "Q1",
    "revenue": 861000000,
    "costOfRevenue": -27200000,
    "grossProfit": 888200000,
    "grossProfitRatio": 1.0315911731,
    "researchAndDevelopmentExpenses": 0,
    "generalAndAdministrativeExpenses": 761800000,
    "sellingAndMarketingExpenses": 0,
    "sellingGeneralAndAdministrativeExpenses": 761800000,
    "otherExpenses": 27200000,
    "operatingExpenses": 789000000,
    "costAndExpenses": 761800000,
    "interestIncome": 0,
    "interestExpense": 0,
    "depreciationAndAmortization": 27200000,
    "ebitda": 135500000,
    "ebitdaratio": 0.1573751452,
    "operatingIncome": 99200000,
    "operatingIncomeRatio": 0.1152148664,
    "totalOtherIncomeExpensesNet": -10900000,
    "incomeBeforeTax": 88900000,
    "incomeBeforeTaxRatio": 0.1032520325,
    "incomeTaxExpense": 38000000,
    "netIncome": 50900000,
    "netIncomeRatio": 0.0591173055,
    "eps": 0.15,
    "epsdiluted": 0.14,
    "weightedAverageShsOut": 342000000,
    "weightedAverageShsOutDil": 353793103,
    "link": "https://www.sec.gov/Archives/edgar/data/29989/000089109298000180/0000891092-98-000180-index.html",
    "finalLink": "https://www.sec.gov/Archives/edgar/data/29989/0000891092-98-000180.txt"
  },
  {
    "date": "1997-12-31",
    "symbol": "OMC",
    "reportedCurrency": "USD",
    "cik": "0000029989",
    "fillingDate": "1998-03-26",
    "acceptedDate": "1998-03-26 00:00:00",
    "calendarYear": "1997",
    "period": "Q4",
    "revenue": 895000000,
    "costOfRevenue": -34900000,
    "grossProfit": 929900000,
    "grossProfitRatio": 1.0389944134,
    "researchAndDevelopmentExpenses": 0,
    "generalAndAdministrativeExpenses": 768200000,
    "sellingAndMarketingExpenses": 0,
    "sellingGeneralAndAdministrativeExpenses": 768200000,
    "otherExpenses": 34900000,
    "operatingExpenses": 803100000,
    "costAndExpenses": 768200000,
    "interestIncome": 0,
    "interestExpense": 0,
    "depreciationAndAmortization": 34900000,
    "ebitda": 161700000,
    "ebitdaratio": 0.1806703911,
    "operatingIncome": 126800000,
    "operatingIncomeRatio": 0.1416759777,
    "totalOtherIncomeExpensesNet": -2100000,
    "incomeBeforeTax": 124700000,
    "incomeBeforeTaxRatio": 0.1393296089,
    "incomeTaxExpense": 50300000,
    "netIncome": 74400000,
    "netIncomeRatio": 0.0831284916,
    "eps": 0.23,
    "epsdiluted": 0.23,
    "weightedAverageShsOut": 328387097,
    "weightedAverageShsOutDil": 328387097,
    "link": "https://www.sec.gov/Archives/edgar/data/29989/000089109298000100/0000891092-98-000100-index.html",
    "finalLink": "https://www.sec.gov/Archives/edgar/data/29989/0000891092-98-000100.txt"
  },
  {
    "date": "1997-09-30",
    "symbol": "OMC",
    "reportedCurrency": "USD",
    "cik": "0000029989",
    "fillingDate": "1997-11-12",
    "acceptedDate": "1997-11-12 00:00:00",
    "calendarYear": "1997",
    "period": "Q3",
    "revenue": 746800000,
    "costOfRevenue": -29800000,
    "grossProfit": 776600000,
    "grossProfitRatio": 1.0399035886,
    "researchAndDevelopmentExpenses": 0,
    "generalAndAdministrativeExpenses": 667000000,
    "sellingAndMarketingExpenses": 0,
    "sellingGeneralAndAdministrativeExpenses": 667000000,
    "otherExpenses": 29800000,
    "operatingExpenses": 696800000,
    "costAndExpenses": 667000000,
    "interestIncome": 0,
    "interestExpense": 0,
    "depreciationAndAmortization": 29800000,
    "ebitda": 109600000,
    "ebitdaratio": 0.1467595072,
    "operatingIncome": 79800000,
    "operatingIncomeRatio": 0.1068559186,
    "totalOtherIncomeExpensesNet": -8400000,
    "incomeBeforeTax": 71400000,
    "incomeBeforeTaxRatio": 0.0956079272,
    "incomeTaxExpense": 29900000,
    "netIncome": 41500000,
    "netIncomeRatio": 0.0555704339,
    "eps": 0.13,
    "epsdiluted": 0.13,
    "weightedAverageShsOut": 319230769,
    "weightedAverageShsOutDil": 319230769,
    "link": "https://www.sec.gov/Archives/edgar/data/29989/000089109297000441/0000891092-97-000441-index.html",
    "finalLink": "https://www.sec.gov/Archives/edgar/data/29989/0000891092-97-000441.txt"
  },
  {
    "date": "1997-06-30",
    "symbol": "OMC",
    "reportedCurrency": "USD",
    "cik": "0000029989",
    "fillingDate": "1997-08-13",
    "acceptedDate": "1997-08-13 00:00:00",
    "calendarYear": "1997",
    "period": "Q2",
    "revenue": 786300000,
    "costOfRevenue": -29400000,
    "grossProfit": 815700000,
    "grossProfitRatio": 1.037390309,
    "researchAndDevelopmentExpenses": 0,
    "generalAndAdministrativeExpenses": 663500000,
    "sellingAndMarketingExpenses": 0,
    "sellingGeneralAndAdministrativeExpenses": 663500000,
    "otherExpenses": 29400000,
    "operatingExpenses": 692900000,
    "costAndExpenses": 663500000,
    "interestIncome": 0,
    "interestExpense": 0,
    "depreciationAndAmortization": 29400000,
    "ebitda": 152200000,
    "ebitdaratio": 0.1935647972,
    "operatingIncome": 122800000,
    "operatingIncomeRatio": 0.1561744881,
    "totalOtherIncomeExpensesNet": -8400000,
    "incomeBeforeTax": 114400000,
    "incomeBeforeTaxRatio": 0.1454915427,
    "incomeTaxExpense": 48000000,
    "netIncome": 66400000,
    "netIncomeRatio": 0.0844461402,
    "eps": 0.21,
    "epsdiluted": 0.2,
    "weightedAverageShsOut": 323902439,
    "weightedAverageShsOutDil": 332000000,
    "link": "https://www.sec.gov/Archives/edgar/data/29989/000089109297000312/0000891092-97-000312-index.html",
    "finalLink": "https://www.sec.gov/Archives/edgar/data/29989/0000891092-97-000312.txt"
  },
  {
    "date": "1997-03-31",
    "symbol": "OMC",
    "reportedCurrency": "USD",
    "cik": "0000029989",
    "fillingDate": "1997-05-13",
    "acceptedDate": "1997-05-13 00:00:00",
    "calendarYear": "1997",
    "period": "Q1",
    "revenue": 696600000,
    "costOfRevenue": -26000000,
    "grossProfit": 722600000,
    "grossProfitRatio": 1.0373241459,
    "researchAndDevelopmentExpenses": 0,
    "generalAndAdministrativeExpenses": 622600000,
    "sellingAndMarketingExpenses": 0,
    "sellingGeneralAndAdministrativeExpenses": 622600000,
    "otherExpenses": 26000000,
    "operatingExpenses": 648600000,
    "costAndExpenses": 622600000,
    "interestIncome": 0,
    "interestExpense": 0,
    "depreciationAndAmortization": 26000000,
    "ebitda": 100000000,
    "ebitdaratio": 0.1435544071,
    "operatingIncome": 74000000,
    "operatingIncomeRatio": 0.1062302613,
    "totalOtherIncomeExpensesNet": -5600000,
    "incomeBeforeTax": 68400000,
    "incomeBeforeTaxRatio": 0.0981912145,
    "incomeTaxExpense": 28300000,
    "netIncome": 40100000,
    "netIncomeRatio": 0.0575653173,
    "eps": 0.13,
    "epsdiluted": 0.13,
    "weightedAverageShsOut": 320800000,
    "weightedAverageShsOutDil": 320800000,
    "link": "https://www.sec.gov/Archives/edgar/data/29989/000089109297000148/0000891092-97-000148-index.html",
    "finalLink": "https://www.sec.gov/Archives/edgar/data/29989/0000891092-97-000148.txt"
  },
  {
    "date": "1996-12-31",
    "symbol": "OMC",
    "reportedCurrency": "USD",
    "cik": "0000029989",
    "fillingDate": "1997-03-26",
    "acceptedDate": "1997-03-26 00:00:00",
    "calendarYear": "1996",
    "period": "Q4",
    "revenue": 751900000,
    "costOfRevenue": -30000000,
    "grossProfit": 781900000,
    "grossProfitRatio": 1.0398989227,
    "researchAndDevelopmentExpenses": 0,
    "generalAndAdministrativeExpenses": 647200000,
    "sellingAndMarketingExpenses": 0,
    "sellingGeneralAndAdministrativeExpenses": 647200000,
    "otherExpenses": 30000000,
    "operatingExpenses": 677200000,
    "costAndExpenses": 647200000,
    "interestIncome": 0,
    "interestExpense": 0,
    "depreciationAndAmortization": 30000000,
    "ebitda": 134700000,
    "ebitdaratio": 0.1791461631,
    "operatingIncome": 104700000,
    "operatingIncomeRatio": 0.1392472403,
    "totalOtherIncomeExpensesNet": -3800000,
    "incomeBeforeTax": 100900000,
    "incomeBeforeTaxRatio": 0.1341933768,
    "incomeTaxExpense": 40700000,
    "netIncome": 60200000,
    "netIncomeRatio": 0.0800638383,
    "eps": 0.19,
    "epsdiluted": 0.19,
    "weightedAverageShsOut": 320800000,
    "weightedAverageShsOutDil": 320800000,
    "link": "https://www.sec.gov/Archives/edgar/data/29989/000089109297000069/0000891092-97-000069-index.html",
    "finalLink": "https://www.sec.gov/Archives/edgar/data/29989/0000891092-97-000069.txt"
  },
  {
    "date": "1996-09-30",
    "symbol": "OMC",
    "reportedCurrency": "USD",
    "cik": "0000029989",
    "fillingDate": "1996-11-12",
    "acceptedDate": "1996-11-12 00:00:00",
    "calendarYear": "1996",
    "period": "Q3",
    "revenue": 631800000,
    "costOfRevenue": -24500000,
    "grossProfit": 656300000,
    "grossProfitRatio": 1.0387780943,
    "researchAndDevelopmentExpenses": 0,
    "generalAndAdministrativeExpenses": 572200000,
    "sellingAndMarketingExpenses": 0,
    "sellingGeneralAndAdministrativeExpenses": 572200000,
    "otherExpenses": 24500000,
    "operatingExpenses": 596700000,
    "costAndExpenses": 572200000,
    "interestIncome": 0,
    "interestExpense": 0,
    "depreciationAndAmortization": 24500000,
    "ebitda": 84100000,
    "ebitdaratio": 0.1331117442,
    "operatingIncome": 59600000,
    "operatingIncomeRatio": 0.0943336499,
    "totalOtherIncomeExpensesNet": -5200000,
    "incomeBeforeTax": 54400000,
    "incomeBeforeTaxRatio": 0.0861031972,
    "incomeTaxExpense": 22200000,
    "netIncome": 32200000,
    "netIncomeRatio": 0.0509654954,
    "eps": 0.11,
    "epsdiluted": 0.11,
    "weightedAverageShsOut": 306666667,
    "weightedAverageShsOutDil": 306666667,
    "link": "https://www.sec.gov/Archives/edgar/data/29989/000089109296000199/0000891092-96-000199-index.html",
    "finalLink": "https://www.sec.gov/Archives/edgar/data/29989/0000891092-96-000199.txt"
  },
  {
    "date": "1996-06-30",
    "symbol": "OMC",
    "reportedCurrency": "USD",
    "cik": "0000029989",
    "fillingDate": "1996-08-13",
    "acceptedDate": "1996-08-13 00:00:00",
    "calendarYear": "1996",
    "period": "Q2",
    "revenue": 666500000,
    "costOfRevenue": -24700000,
    "grossProfit": 691200000,
    "grossProfitRatio": 1.0370592648,
    "researchAndDevelopmentExpenses": 0,
    "generalAndAdministrativeExpenses": 565300000,
    "sellingAndMarketingExpenses": 0,
    "sellingGeneralAndAdministrativeExpenses": 565300000,
    "otherExpenses": 24700000,
    "operatingExpenses": 590000000,
    "costAndExpenses": 565300000,
    "interestIncome": 0,
    "interestExpense": 0,
    "depreciationAndAmortization": 24700000,
    "ebitda": 125900000,
    "ebitdaratio": 0.1888972243,
    "operatingIncome": 101200000,
    "operatingIncomeRatio": 0.1518379595,
    "totalOtherIncomeExpensesNet": -9800000,
    "incomeBeforeTax": 91400000,
    "incomeBeforeTaxRatio": 0.1371342836,
    "incomeTaxExpense": 38400000,
    "netIncome": 53000000,
    "netIncomeRatio": 0.07951988,
    "eps": 0.18,
    "epsdiluted": 0.17,
    "weightedAverageShsOut": 294444444,
    "weightedAverageShsOutDil": 311764706,
    "link": "https://www.sec.gov/Archives/edgar/data/29989/000089109296000151/0000891092-96-000151-index.html",
    "finalLink": "https://www.sec.gov/Archives/edgar/data/29989/0000891092-96-000151.txt"
  },
  {
    "date": "1996-03-31",
    "symbol": "OMC",
    "reportedCurrency": "USD",
    "cik": "0000029989",
    "fillingDate": "1996-05-14",
    "acceptedDate": "1996-05-14 00:00:00",
    "calendarYear": "1996",
    "period": "Q1",
    "revenue": 567000000,
    "costOfRevenue": -20500000,
    "grossProfit": 587500000,
    "grossProfitRatio": 1.0361552028,
    "researchAndDevelopmentExpenses": 0,
    "generalAndAdministrativeExpenses": 507400000,
    "sellingAndMarketingExpenses": 0,
    "sellingGeneralAndAdministrativeExpenses": 507400000,
    "otherExpenses": 20500000,
    "operatingExpenses": 527900000,
    "costAndExpenses": 507400000,
    "interestIncome": 0,
    "interestExpense": 0,
    "depreciationAndAmortization": 20500000,
    "ebitda": 80100000,
    "ebitdaratio": 0.1412698413,
    "operatingIncome": 59600000,
    "operatingIncomeRatio": 0.1051146384,
    "totalOtherIncomeExpensesNet": -7400000,
    "incomeBeforeTax": 52200000,
    "incomeBeforeTaxRatio": 0.0920634921,
    "incomeTaxExpense": 21700000,
    "netIncome": 30500000,
    "netIncomeRatio": 0.0537918871,
    "eps": 0.11,
    "epsdiluted": 0.11,
    "weightedAverageShsOut": 290476190,
    "weightedAverageShsOutDil": 290476190,
    "link": "https://www.sec.gov/Archives/edgar/data/29989/000089109296000087/0000891092-96-000087-index.html",
    "finalLink": "https://www.sec.gov/Archives/edgar/data/29989/0000891092-96-000087.txt"
  },
  {
    "date": "1995-12-31",
    "symbol": "OMC",
    "reportedCurrency": "USD",
    "cik": "0000029989",
    "fillingDate": "1996-03-27",
    "acceptedDate": "1996-03-27 00:00:00",
    "calendarYear": "1995",
    "period": "Q4",
    "revenue": 650500000,
    "costOfRevenue": -22200000,
    "grossProfit": 672700000,
    "grossProfitRatio": 1.0341275942,
    "researchAndDevelopmentExpenses": 0,
    "generalAndAdministrativeExpenses": 562700000,
    "sellingAndMarketingExpenses": 0,
    "sellingGeneralAndAdministrativeExpenses": 562700000,
    "otherExpenses": 22200000,
    "operatingExpenses": 584900000,
    "costAndExpenses": 562700000,
    "interestIncome": 0,
    "interestExpense": 0,
    "depreciationAndAmortization": 22200000,
    "ebitda": 110000000,
    "ebitdaratio": 0.1691006918,
    "operatingIncome": 87800000,
    "operatingIncomeRatio": 0.1349730976,
    "totalOtherIncomeExpensesNet": -7700000,
    "incomeBeforeTax": 80100000,
    "incomeBeforeTaxRatio": 0.1231360492,
    "incomeTaxExpense": 32500000,
    "netIncome": 47600000,
    "netIncomeRatio": 0.0731744812,
    "eps": 0.16,
    "epsdiluted": 0.16,
    "weightedAverageShsOut": 290476190,
    "weightedAverageShsOutDil": 290476190,
    "link": "https://www.sec.gov/Archives/edgar/data/29989/000089109296000043/0000891092-96-000043-index.html",
    "finalLink": "https://www.sec.gov/Archives/edgar/data/29989/0000891092-96-000043.txt"
  },
  {
    "date": "1995-09-30",
    "symbol": "OMC",
    "reportedCurrency": "USD",
    "cik": "0000029989",
    "fillingDate": "1995-11-14",
    "acceptedDate": "1995-11-14 00:00:00",
    "calendarYear": "1995",
    "period": "Q3",
    "revenue": 537700000,
    "costOfRevenue": -28500000,
    "grossProfit": 566200000,
    "grossProfitRatio": 1.0530035336,
    "researchAndDevelopmentExpenses": 0,
    "generalAndAdministrativeExpenses": 491900000,
    "sellingAndMarketingExpenses": 0,
    "sellingGeneralAndAdministrativeExpenses": 491900000,
    "otherExpenses": 28500000,
    "operatingExpenses": 520400000,
    "costAndExpenses": 491900000,
    "interestIncome": 0,
    "interestExpense": 0,
    "depreciationAndAmortization": 28500000,
    "ebitda": 74300000,
    "ebitdaratio": 0.1381811419,
    "operatingIncome": 45800000,
    "operatingIncomeRatio": 0.0851776083,
    "totalOtherIncomeExpensesNet": -6600000,
    "incomeBeforeTax": 39200000,
    "incomeBeforeTaxRatio": 0.0729031058,
    "incomeTaxExpense": 15500000,
    "netIncome": 23700000,
    "netIncomeRatio": 0.0440766227,
    "eps": 0.08,
    "epsdiluted": 0.08,
    "weightedAverageShsOut": 296250000,
    "weightedAverageShsOutDil": 296250000,
    "link": "https://www.sec.gov/Archives/edgar/data/29989/000089109295000185/0000891092-95-000185-index.html",
    "finalLink": "https://www.sec.gov/Archives/edgar/data/29989/0000891092-95-000185.txt"
  }
]