[
  {
    "date": "2024-12-31",
    "symbol": "OMC",
    "reportedCurrency": "USD",
    "cik": "0000029989",
    "fillingDate": "2025-02-05",
    "acceptedDate": "2025-02-04 18:14:45",
    "calendarYear": "2024",
    "period": "FY",
    "revenue": 15689100000,
    "costOfRevenue": 12948600000,
    "grossProfit": 2740500000,
    "grossProfitRatio": 0.1746754116,
    "researchAndDevelopmentExpenses": 0,
    "generalAndAdministrativeExpenses": 0,
    "sellingAndMarketingExpenses": 0,
    "sellingGeneralAndAdministrativeExpenses": 393500000,
    "otherExpenses": 0,
    "operatingExpenses": 393500000,
    "costAndExpenses": 13342100000,
    "interestIncome": 100900000,
    "interestExpense": 247900000,
    "depreciationAndAmortization": 241700000,
    "ebitda": 2617200000,
    "ebitdaratio": 0.1668164522,
    "operatingIncome": 2347000000,
    "operatingIncomeRatio": 0.1495943043,
    "totalOtherIncomeExpensesNet": -212500000,
    "incomeBeforeTax": 2134500000,
    "incomeBeforeTaxRatio": 0.136049869,
    "incomeTaxExpense": 560500000,
    "netIncome": 1480600000,
    "netIncomeRatio": 0.0943712514,
    "eps": 7.54,
    "epsdiluted": 7.46,
    "weightedAverageShsOut": 196400000,
    "weightedAverageShsOutDil": 198600000,
    "link": "https://www.sec.gov/Archives/edgar/data/29989/000002998925000009/0000029989-25-000009-index.htm",
    "finalLink": "https://www.sec.gov/Archives/edgar/data/29989/000002998925000009/omc-20241231.htm"
  },
  {
    "date": "2023-12-31",
    "symbol": "OMC",
    "reportedCurrency": "USD",
    "cik": "0000029989",
    "fillingDate": "2024-02-07",
    "acceptedDate": "2024-02-07 06:35:35",
    "calendarYear": "2023",
    "period": "FY",
    "revenue": 14692200000,
    "costOfRevenue": 12193800000,
    "grossProfit": 2498400000,
    "grossProfitRatio": 0.170049414,
    "researchAndDevelopmentExpenses": 0,
    "generalAndAdministrativeExpenses": 0,
    "sellingAndMarketingExpenses": 0,
    "sellingGeneralAndAdministrativeExpenses": 393700000,
    "otherExpenses": 0,
    "operatingExpenses": 393700000,
    "costAndExpenses": 12587500000,
    "interestIncome": 106700000,
    "interestExpense": 218500000,
    "depreciationAndAmortization": 211100000,
    "ebitda": 2422500000,
    "ebitdaratio": 0.1648834075,
    "operatingIncome": 2104699999,
    "operatingIncomeRatio": 0.1432528824,
    "totalOtherIncomeExpensesNet": -106599999,
    "incomeBeforeTax": 1998100000,
    "incomeBeforeTaxRatio": 0.1359973319,
    "incomeTaxExpense": 524900000,
    "netIncome": 1391400000,
    "netIncomeRatio": 0.094703312,
    "eps": 6.98,
    "epsdiluted": 6.91,
    "weightedAverageShsOut": 199340974,
    "weightedAverageShsOutDil": 201400000,
    "link": "https://www.sec.gov/Archives/edgar/data/29989/000002998924000007/0000029989-24-000007-index.htm",
    "finalLink": "https://www.sec.gov/Archives/edgar/data/29989/000002998924000007/omc-20231231.htm"
  },
  {
    "date": "2022-12-31",
    "symbol": "OMC",
    "reportedCurrency": "USD",
    "cik": "0000029989",
    "fillingDate": "2023-02-08",
    "acceptedDate": "2023-02-08 06:27:42",
    "calendarYear": "2022",
    "period": "FY",
    "revenue": 14289100000,
    "costOfRevenue": 11713900000,
    "grossProfit": 2575200000,
    "grossProfitRatio": 0.1802212876,
    "researchAndDevelopmentExpenses": 0,
    "generalAndAdministrativeExpenses": 0,
    "sellingAndMarketingExpenses": 0,
    "sellingGeneralAndAdministrativeExpenses": 378500000,
    "otherExpenses": 0,
    "operatingExpenses": 378500000,
    "costAndExpenses": 12092400000,
    "interestIncome": 70700000,
    "interestExpense": 208600000,
    "depreciationAndAmortization": 219400000,
    "ebitda": 2373400000,
    "ebitdaratio": 0.1660986346,
    "operatingIncome": 2196700000,
    "operatingIncomeRatio": 0.1537325654,
    "totalOtherIncomeExpensesNet": -246100000,
    "incomeBeforeTax": 1950600000,
    "incomeBeforeTaxRatio": 0.1365096472,
    "incomeTaxExpense": 546800000,
    "netIncome": 1299400000,
    "netIncomeRatio": 0.0909364481,
    "eps": 6.4,
    "epsdiluted": 6.36,
    "weightedAverageShsOut": 205600000,
    "weightedAverageShsOutDil": 207000000,
    "link": "https://www.sec.gov/Archives/edgar/data/29989/000002998923000005/0000029989-23-000005-index.htm",
    "finalLink": "https://www.sec.gov/Archives/edgar/data/29989/000002998923000005/omc-20221231.htm"
  },
  {
    "date": "2021-12-31",
    "symbol": "OMC",
    "reportedCurrency": "USD",
    "cik": "0000029989",
    "fillingDate": "2022-02-09",
    "acceptedDate": "2022-02-09 06:36:00",
    "calendarYear": "2021",
    "period": "FY",
    "revenue": 14289400000,
    "costOfRevenue": 11762300000,
    "grossProfit": 2527100000,
    "grossProfitRatio": 0.1768513723,
    "researchAndDevelopmentExpenses": 0,
    "generalAndAdministrativeExpenses": 0,
    "sellingAndMarketingExpenses": 0,
    "sellingGeneralAndAdministrativeExpenses": 379700000,
    "otherExpenses": 0,
    "operatingExpenses": 379700000,
    "costAndExpenses": 12142000000,
    "interestIncome": 27300000,
    "interestExpense": 209800000,
    "depreciationAndAmortization": 212100000,
    "ebitda": 2410700000,
    "ebitdaratio": 0.168705474,
    "operatingIncome": 2147400000,
    "operatingIncomeRatio": 0.150279228,
    "totalOtherIncomeExpensesNet": -151100000,
    "incomeBeforeTax": 1996300000,
    "incomeBeforeTaxRatio": 0.1397049561,
    "incomeTaxExpense": 488700000,
    "netIncome": 1395600000,
    "netIncomeRatio": 0.097666802,
    "eps": 6.57,
    "epsdiluted": 6.53,
    "weightedAverageShsOut": 214300000,
    "weightedAverageShsOutDil": 215600000,
    "link": "https://www.sec.gov/Archives/edgar/data/29989/000002998922000012/0000029989-22-000012-index.htm",
    "finalLink": "https://www.sec.gov/Archives/edgar/data/29989/000002998922000012/omc-20211231.htm"
  },
  {
    "date": "2020-12-31",
    "symbol": "OMC",
    "reportedCurrency": "USD",
    "cik": "0000029989",
    "fillingDate": "2021-02-18",
    "acceptedDate": "2021-02-18 16:36:41",
    "calendarYear": "2020",
    "period": "FY",
    "revenue": 13171100000,
    "costOfRevenue": 11096500000,
    "grossProfit": 2074600000,
    "grossProfitRatio": 0.1575115214,
    "researchAndDevelopmentExpenses": 0,
    "generalAndAdministrativeExpenses": 0,
    "sellingAndMarketingExpenses": 0,
    "sellingGeneralAndAdministrativeExpenses": 360500000,
    "otherExpenses": 0,
    "operatingExpenses": 360500000,
    "costAndExpenses": 11457000000,
    "interestIncome": 32299999,
    "interestExpense": 214100000,
    "depreciationAndAmortization": 222600000,
    "ebitda": 1846000000,
    "ebitdaratio": 0.1401553401,
    "operatingIncome": 1714100000,
    "operatingIncomeRatio": 0.1301409905,
    "totalOtherIncomeExpensesNet": -311600000,
    "incomeBeforeTax": 1402500000,
    "incomeBeforeTaxRatio": 0.1064831335,
    "incomeTaxExpense": 381700000,
    "netIncome": 951200000,
    "netIncomeRatio": 0.0722187213,
    "eps": 4.39,
    "epsdiluted": 4.37,
    "weightedAverageShsOut": 215600000,
    "weightedAverageShsOutDil": 216200000,
    "link": "https://www.sec.gov/Archives/edgar/data/29989/000002998921000004/0000029989-21-000004-index.htm",
    "finalLink": "https://www.sec.gov/Archives/edgar/data/29989/000002998921000004/omc-20201231.htm"
  },
  {
    "date": "2019-12-31",
    "symbol": "OMC",
    "reportedCurrency": "USD",
    "cik": "0000029989",
    "fillingDate": "2020-02-11",
    "acceptedDate": "2020-02-11 16:48:07",
    "calendarYear": "2019",
    "period": "FY",
    "revenue": 14953700000,
    "costOfRevenue": 12425500000,
    "grossProfit": 2528200000,
    "grossProfitRatio": 0.1690685248,
    "researchAndDevelopmentExpenses": 0,
    "generalAndAdministrativeExpenses": 0,
    "sellingAndMarketingExpenses": 0,
    "sellingGeneralAndAdministrativeExpenses": 405900000,
    "otherExpenses": 0,
    "operatingExpenses": 405900000,
    "costAndExpenses": 12831400000,
    "interestIncome": 60300000,
    "interestExpense": 238100000,
    "depreciationAndAmortization": 231500000,
    "ebitda": 2407900000,
    "ebitdaratio": 0.1610236931,
    "operatingIncome": 2122300000,
    "operatingIncomeRatio": 0.141924741,
    "totalOtherIncomeExpensesNet": -182000000,
    "incomeBeforeTax": 1940300000,
    "incomeBeforeTaxRatio": 0.1297538402,
    "incomeTaxExpense": 504400000,
    "netIncome": 1339100000,
    "netIncomeRatio": 0.0895497435,
    "eps": 6.09,
    "epsdiluted": 6.06,
    "weightedAverageShsOut": 219800000,
    "weightedAverageShsOutDil": 220900000,
    "link": "https://www.sec.gov/Archives/edgar/data/29989/000002998920000005/0000029989-20-000005-index.htm",
    "finalLink": "https://www.sec.gov/Archives/edgar/data/29989/000002998920000005/omc-20191231.htm"
  },
  {
    "date": "2018-12-31",
    "symbol": "OMC",
    "reportedCurrency": "USD",
    "cik": "0000029989",
    "fillingDate": "2019-02-12",
    "acceptedDate": "2019-02-12 16:51:43",
    "calendarYear": "2018",
    "period": "FY",
    "revenue": 15290200000,
    "costOfRevenue": 12732500000,
    "grossProfit": 2557700000,
    "grossProfitRatio": 0.1672770794,
    "researchAndDevelopmentExpenses": 0,
    "generalAndAdministrativeExpenses": 455400000,
    "sellingAndMarketingExpenses": 0,
    "sellingGeneralAndAdministrativeExpenses": 453200000,
    "otherExpenses": 0,
    "operatingExpenses": 453200000,
    "costAndExpenses": 13185700000,
    "interestIncome": 57200000,
    "interestExpense": 241900000,
    "depreciationAndAmortization": 264000000,
    "ebitda": 2430200000,
    "ebitdaratio": 0.158938405,
    "operatingIncome": 2104500000,
    "operatingIncomeRatio": 0.1376371794,
    "totalOtherIncomeExpensesNet": -171300000,
    "incomeBeforeTax": 1933200000,
    "incomeBeforeTaxRatio": 0.126433925,
    "incomeTaxExpense": 492700000,
    "netIncome": 1326400000,
    "netIncomeRatio": 0.0867483748,
    "eps": 5.85,
    "epsdiluted": 5.83,
    "weightedAverageShsOut": 226600000,
    "weightedAverageShsOutDil": 227600000,
    "link": "https://www.sec.gov/Archives/edgar/data/29989/000002998919000007/0000029989-19-000007-index.htm",
    "finalLink": "https://www.sec.gov/Archives/edgar/data/29989/000002998919000007/a2018q410-k.htm"
  },
  {
    "date": "2017-12-31",
    "symbol": "OMC",
    "reportedCurrency": "USD",
    "cik": "0000029989",
    "fillingDate": "2018-02-15",
    "acceptedDate": "2018-02-15 16:15:53",
    "calendarYear": "2017",
    "period": "FY",
    "revenue": 15273600000,
    "costOfRevenue": 12750100000,
    "grossProfit": 2523500000,
    "grossProfitRatio": 0.1652197255,
    "researchAndDevelopmentExpenses": 0,
    "generalAndAdministrativeExpenses": 450000000,
    "sellingAndMarketingExpenses": 0,
    "sellingGeneralAndAdministrativeExpenses": 439700000,
    "otherExpenses": 0,
    "operatingExpenses": 439700000,
    "costAndExpenses": 13189800000,
    "interestIncome": 49700000,
    "interestExpense": 224500000,
    "depreciationAndAmortization": 282100000,
    "ebitda": 2391500000,
    "ebitdaratio": 0.1565773622,
    "operatingIncome": 2083800000,
    "operatingIncomeRatio": 0.1364314896,
    "totalOtherIncomeExpensesNet": -195400000,
    "incomeBeforeTax": 1888400000,
    "incomeBeforeTaxRatio": 0.1236381731,
    "incomeTaxExpense": 696200000,
    "netIncome": 1088400000,
    "netIncomeRatio": 0.0712602137,
    "eps": 4.68,
    "epsdiluted": 4.65,
    "weightedAverageShsOut": 232300000,
    "weightedAverageShsOutDil": 233900000,
    "link": "https://www.sec.gov/Archives/edgar/data/29989/000002998918000004/0000029989-18-000004-index.htm",
    "finalLink": "https://www.sec.gov/Archives/edgar/data/29989/000002998918000004/a2017q410-k.htm"
  },
  {
    "date": "2016-12-31",
    "symbol": "OMC",
    "reportedCurrency": "USD",
    "cik": "0000029989",
    "fillingDate": "2017-02-09",
    "acceptedDate": "2017-02-09 15:17:15",
    "calendarYear": "2016",
    "period": "FY",
    "revenue": 15416900000,
    "costOfRevenue": 12964100000,
    "grossProfit": 2452800000,
    "grossProfitRatio": 0.1590981326,
    "researchAndDevelopmentExpenses": 0,
    "generalAndAdministrativeExpenses": 443900000,
    "sellingAndMarketingExpenses": 0,
    "sellingGeneralAndAdministrativeExpenses": 443900000,
    "otherExpenses": 0,
    "operatingExpenses": 443900000,
    "costAndExpenses": 13408000000,
    "interestIncome": 42600000,
    "interestExpense": 209700000,
    "depreciationAndAmortization": 292900000,
    "ebitda": 2344400000,
    "ebitdaratio": 0.1520668876,
    "operatingIncome": 2008900000,
    "operatingIncomeRatio": 0.1303050548,
    "totalOtherIncomeExpensesNet": -161700000,
    "incomeBeforeTax": 1847200000,
    "incomeBeforeTaxRatio": 0.1198165649,
    "incomeTaxExpense": 600500000,
    "netIncome": 1148600000,
    "netIncomeRatio": 0.0745026562,
    "eps": 4.8,
    "epsdiluted": 4.78,
    "weightedAverageShsOut": 237900000,
    "weightedAverageShsOutDil": 239200000,
    "link": "https://www.sec.gov/Archives/edgar/data/29989/000002998917000004/0000029989-17-000004-index.htm",
    "finalLink": "https://www.sec.gov/Archives/edgar/data/29989/000002998917000004/a201610-k.htm"
  },
  {
    "date": "2015-12-31",
    "symbol": "OMC",
    "reportedCurrency": "USD",
    "cik": "0000029989",
    "fillingDate": "2016-02-09",
    "acceptedDate": "2016-02-09 16:38:22",
    "calendarYear": "2015",
    "period": "FY",
    "revenue": 15134400000,
    "costOfRevenue": 11653000000,
    "grossProfit": 3481400000,
    "grossProfitRatio": 0.2300322444,
    "researchAndDevelopmentExpenses": 0,
    "generalAndAdministrativeExpenses": 1852400000,
    "sellingAndMarketingExpenses": 0,
    "sellingGeneralAndAdministrativeExpenses": 1561300000,
    "otherExpenses": 0,
    "operatingExpenses": 1561300000,
    "costAndExpenses": 13214300000,
    "interestIncome": 39600000,
    "interestExpense": 181100000,
    "depreciationAndAmortization": 291100000,
    "ebitda": 2250800000,
    "ebitdaratio": 0.148720795,
    "operatingIncome": 1920100000,
    "operatingIncomeRatio": 0.1268699123,
    "totalOtherIncomeExpensesNet": -133100000,
    "incomeBeforeTax": 1787000000,
    "incomeBeforeTaxRatio": 0.1180753779,
    "incomeTaxExpense": 583600000,
    "netIncome": 1093900000,
    "netIncomeRatio": 0.0722790464,
    "eps": 4.43,
    "epsdiluted": 4.41,
    "weightedAverageShsOut": 244200000,
    "weightedAverageShsOutDil": 245200000,
    "link": "https://www.sec.gov/Archives/edgar/data/29989/000002998916000015/0000029989-16-000015-index.htm",
    "finalLink": "https://www.sec.gov/Archives/edgar/data/29989/000002998916000015/a201510-k.htm"
  },
  {
    "date": "2014-12-31",
    "symbol": "OMC",
    "reportedCurrency": "USD",
    "cik": "0000029989",
    "fillingDate": "2015-02-10",
    "acceptedDate": "2015-02-10 16:33:17",
    "calendarYear": "2014",
    "period": "FY",
    "revenue": 15317800000,
    "costOfRevenue": 11644400000,
    "grossProfit": 3673400000,
    "grossProfitRatio": 0.2398125057,
    "researchAndDevelopmentExpenses": 0,
    "generalAndAdministrativeExpenses": 2023700000,
    "sellingAndMarketingExpenses": 11242900000,
    "sellingGeneralAndAdministrativeExpenses": 1720500000,
    "otherExpenses": 0,
    "operatingExpenses": 1720500000,
    "costAndExpenses": 13364900000,
    "interestIncome": 43100000,
    "interestExpense": 177200000,
    "depreciationAndAmortization": 107100000,
    "ebitda": 2281600000,
    "ebitdaratio": 0.1489508937,
    "operatingIncome": 1952900000,
    "operatingIncomeRatio": 0.1274921986,
    "totalOtherIncomeExpensesNet": -126700000,
    "incomeBeforeTax": 1826200000,
    "incomeBeforeTaxRatio": 0.1192207758,
    "incomeTaxExpense": 593100000,
    "netIncome": 1104000000,
    "netIncomeRatio": 0.0720730131,
    "eps": 4.27,
    "epsdiluted": 4.24,
    "weightedAverageShsOut": 253900000,
    "weightedAverageShsOutDil": 255300000,
    "link": "https://www.sec.gov/Archives/edgar/data/29989/000002998915000003/0000029989-15-000003-index.htm",
    "finalLink": "https://www.sec.gov/Archives/edgar/data/29989/000002998915000003/a201410-k.htm"
  },
  {
    "date": "2013-12-31",
    "symbol": "OMC",
    "reportedCurrency": "USD",
    "cik": "0000029989",
    "fillingDate": "2014-02-12",
    "acceptedDate": "2014-02-12 17:16:34",
    "calendarYear": "2013",
    "period": "FY",
    "revenue": 14584500000,
    "costOfRevenue": 11009200000,
    "grossProfit": 3575300000,
    "grossProfitRatio": 0.2451438171,
    "researchAndDevelopmentExpenses": 0,
    "generalAndAdministrativeExpenses": 1993400000,
    "sellingAndMarketingExpenses": 0,
    "sellingGeneralAndAdministrativeExpenses": 1708600000,
    "otherExpenses": 0,
    "operatingExpenses": 1708600000,
    "costAndExpenses": 12717800000,
    "interestIncome": 32800000,
    "interestExpense": 197200000,
    "depreciationAndAmortization": 284800000,
    "ebitda": 2142900000,
    "ebitdaratio": 0.1469299599,
    "operatingIncome": 1866700000,
    "operatingIncomeRatio": 0.1279920464,
    "totalOtherIncomeExpensesNet": -189900000,
    "incomeBeforeTax": 1676800000,
    "incomeBeforeTaxRatio": 0.1149713737,
    "incomeTaxExpense": 565200000,
    "netIncome": 991100000,
    "netIncomeRatio": 0.0679557064,
    "eps": 3.73,
    "epsdiluted": 3.71,
    "weightedAverageShsOut": 258900000,
    "weightedAverageShsOutDil": 260400000,
    "link": "https://www.sec.gov/Archives/edgar/data/29989/000002998914000002/0000029989-14-000002-index.htm",
    "finalLink": "https://www.sec.gov/Archives/edgar/data/29989/000002998914000002/a201310-k.htm"
  },
  {
    "date": "2012-12-31",
    "symbol": "OMC",
    "reportedCurrency": "USD",
    "cik": "0000029989",
    "fillingDate": "2013-02-19",
    "acceptedDate": "2013-02-19 16:45:58",
    "calendarYear": "2012",
    "period": "FY",
    "revenue": 14219400000,
    "costOfRevenue": 10663400000,
    "grossProfit": 3556000000,
    "grossProfitRatio": 0.2500808754,
    "researchAndDevelopmentExpenses": 0,
    "generalAndAdministrativeExpenses": 2034500000,
    "sellingAndMarketingExpenses": 0,
    "sellingGeneralAndAdministrativeExpenses": 1751800000,
    "otherExpenses": 0,
    "operatingExpenses": 1751800000,
    "costAndExpenses": 12415200000,
    "interestIncome": 35100000,
    "interestExpense": 179700000,
    "depreciationAndAmortization": 282700000,
    "ebitda": 2122000000,
    "ebitdaratio": 0.1492327384,
    "operatingIncome": 1804200000,
    "operatingIncomeRatio": 0.1268829908,
    "totalOtherIncomeExpensesNet": -159600000,
    "incomeBeforeTax": 1644600000,
    "incomeBeforeTaxRatio": 0.1156588886,
    "incomeTaxExpense": 527100000,
    "netIncome": 998300000,
    "netIncomeRatio": 0.0702069004,
    "eps": 3.64,
    "epsdiluted": 3.61,
    "weightedAverageShsOut": 268300000,
    "weightedAverageShsOutDil": 270000000,
    "link": "https://www.sec.gov/Archives/edgar/data/29989/000002998913000004/0000029989-13-000004-index.htm",
    "finalLink": "https://www.sec.gov/Archives/edgar/data/29989/000002998913000004/a201210-k.htm"
  },
  {
    "date": "2011-12-31",
    "symbol": "OMC",
    "reportedCurrency": "USD",
    "cik": "0000029989",
    "fillingDate": "2012-02-17",
    "acceptedDate": "2012-02-17 16:05:11",
    "calendarYear": "2011",
    "period": "FY",
    "revenue": 13872500000,
    "costOfRevenue": 10431500000,
    "grossProfit": 3441000000,
    "grossProfitRatio": 0.2480446927,
    "researchAndDevelopmentExpenses": 0,
    "generalAndAdministrativeExpenses": 1950800000,
    "sellingAndMarketingExpenses": 0,
    "sellingGeneralAndAdministrativeExpenses": 1762000000,
    "otherExpenses": 0,
    "operatingExpenses": 1762000000,
    "costAndExpenses": 12193500000,
    "interestIncome": 36000000,
    "interestExpense": 158100000,
    "depreciationAndAmortization": 91400000,
    "ebitda": 1980800000,
    "ebitdaratio": 0.1427860876,
    "operatingIncome": 1679000000,
    "operatingIncomeRatio": 0.1210308164,
    "totalOtherIncomeExpensesNet": -112800000,
    "incomeBeforeTax": 1566200000,
    "incomeBeforeTaxRatio": 0.1128996216,
    "incomeTaxExpense": 505800000,
    "netIncome": 952600000,
    "netIncomeRatio": 0.0686682285,
    "eps": 3.38,
    "epsdiluted": 3.33,
    "weightedAverageShsOut": 279000000,
    "weightedAverageShsOutDil": 283300000,
    "link": "https://www.sec.gov/Archives/edgar/data/29989/000002998912000005/0000029989-12-000005-index.htm",
    "finalLink": "https://www.sec.gov/Archives/edgar/data/29989/000002998912000005/omc10-k.htm"
  },
  {
    "date": "2010-12-31",
    "symbol": "OMC",
    "reportedCurrency": "USD",
    "cik": "0000029989",
    "fillingDate": "2011-02-23",
    "acceptedDate": "2011-02-23 17:05:41",
    "calendarYear": "2010",
    "period": "FY",
    "revenue": 12542500000,
    "costOfRevenue": 9467200000,
    "grossProfit": 3075300000,
    "grossProfitRatio": 0.2451903528,
    "researchAndDevelopmentExpenses": 0,
    "generalAndAdministrativeExpenses": 10829300000,
    "sellingAndMarketingExpenses": 0,
    "sellingGeneralAndAdministrativeExpenses": 1628100000,
    "otherExpenses": 0,
    "operatingExpenses": 1628100000,
    "costAndExpenses": 11095300000,
    "interestIncome": 24900000,
    "interestExpense": 109800000,
    "depreciationAndAmortization": 253000000,
    "ebitda": 1738100000,
    "ebitdaratio": 0.1385768387,
    "operatingIncome": 1447200000,
    "operatingIncomeRatio": 0.1153836954,
    "totalOtherIncomeExpensesNet": -63300000,
    "incomeBeforeTax": 1383900000,
    "incomeBeforeTaxRatio": 0.1103368547,
    "incomeTaxExpense": 460200000,
    "netIncome": 827700000,
    "netIncomeRatio": 0.0659916285,
    "eps": 2.74,
    "epsdiluted": 2.7,
    "weightedAverageShsOut": 299600000,
    "weightedAverageShsOutDil": 303500000,
    "link": "https://www.sec.gov/Archives/edgar/data/29989/000089109211001226/0000891092-11-001226-index.htm",
    "finalLink": "https://www.sec.gov/Archives/edgar/data/29989/000089109211001226/e41307_10k.htm"
  },
  {
    "date": "2009-12-31",
    "symbol": "OMC",
    "reportedCurrency": "USD",
    "cik": "0000029989",
    "fillingDate": "2010-02-19",
    "acceptedDate": "2010-02-19 17:23:05",
    "calendarYear": "2009",
    "period": "FY",
    "revenue": 11720700000,
    "costOfRevenue": 8693400000,
    "grossProfit": 3027300000,
    "grossProfitRatio": 0.2582866211,
    "researchAndDevelopmentExpenses": 0,
    "generalAndAdministrativeExpenses": 1895200000,
    "sellingAndMarketingExpenses": 0,
    "sellingGeneralAndAdministrativeExpenses": 1652400000,
    "otherExpenses": 0,
    "operatingExpenses": 1652400000,
    "costAndExpenses": 10345800000,
    "interestIncome": 21500000,
    "interestExpense": 100700000,
    "depreciationAndAmortization": 242800000,
    "ebitda": 1639200000,
    "ebitdaratio": 0.1398551281,
    "operatingIncome": 1374900000,
    "operatingIncomeRatio": 0.1173052804,
    "totalOtherIncomeExpensesNet": -69900000,
    "incomeBeforeTax": 1305000000,
    "incomeBeforeTaxRatio": 0.1113414728,
    "incomeTaxExpense": 433600000,
    "netIncome": 793000000,
    "netIncomeRatio": 0.067658075,
    "eps": 2.54,
    "epsdiluted": 2.53,
    "weightedAverageShsOut": 308200000,
    "weightedAverageShsOutDil": 310400000,
    "link": "https://www.sec.gov/Archives/edgar/data/29989/000089109210000656/0000891092-10-000656-index.htm",
    "finalLink": "https://www.sec.gov/Archives/edgar/data/29989/000089109210000656/e37246_10k.htm"
  },
  {
    "date": "2008-12-31",
    "symbol": "OMC",
    "reportedCurrency": "USD",
    "cik": "0000029989",
    "fillingDate": "2009-02-27",
    "acceptedDate": "2009-02-27 16:46:00",
    "calendarYear": "2008",
    "period": "FY",
    "revenue": 13359900000,
    "costOfRevenue": 9796100000,
    "grossProfit": 3563800000,
    "grossProfitRatio": 0.2667534937,
    "researchAndDevelopmentExpenses": 0,
    "generalAndAdministrativeExpenses": 11670500000,
    "sellingAndMarketingExpenses": 0,
    "sellingGeneralAndAdministrativeExpenses": 1874400000,
    "otherExpenses": 0,
    "operatingExpenses": 1874400000,
    "costAndExpenses": 11670500000,
    "interestIncome": 50300000,
    "interestExpense": 124600000,
    "depreciationAndAmortization": 295200000,
    "ebitda": 1975600000,
    "ebitdaratio": 0.1478753583,
    "operatingIncome": 1689400000,
    "operatingIncomeRatio": 0.1264530423,
    "totalOtherIncomeExpensesNet": -32300000,
    "incomeBeforeTax": 1657100000,
    "incomeBeforeTaxRatio": 0.1240353595,
    "incomeTaxExpense": 542700000,
    "netIncome": 1000300000,
    "netIncomeRatio": 0.0748733149,
    "eps": 3.17,
    "epsdiluted": 3.14,
    "weightedAverageShsOut": 313000000,
    "weightedAverageShsOutDil": 314800000,
    "link": "https://www.sec.gov/Archives/edgar/data/29989/000089109209000891/0000891092-09-000891-index.htm",
    "finalLink": "https://www.sec.gov/Archives/edgar/data/29989/000089109209000891/e34339_10k.htm"
  },
  {
    "date": "2007-12-31",
    "symbol": "OMC",
    "reportedCurrency": "USD",
    "cik": "0000029989",
    "fillingDate": "2008-02-22",
    "acceptedDate": "2008-02-22 16:46:11",
    "calendarYear": "2007",
    "period": "FY",
    "revenue": 12694000000,
    "costOfRevenue": 9216800000,
    "grossProfit": 3477200000,
    "grossProfitRatio": 0.2739246888,
    "researchAndDevelopmentExpenses": 0,
    "generalAndAdministrativeExpenses": 11034900000,
    "sellingAndMarketingExpenses": 0,
    "sellingGeneralAndAdministrativeExpenses": 1818100000,
    "otherExpenses": 0,
    "operatingExpenses": 1818100000,
    "costAndExpenses": 11034900000,
    "interestIncome": 32900000,
    "interestExpense": 106900000,
    "depreciationAndAmortization": 277300000,
    "ebitda": 1900600000,
    "ebitdaratio": 0.1497242792,
    "operatingIncome": 1659100000,
    "operatingIncomeRatio": 0.1306995431,
    "totalOtherIncomeExpensesNet": -35600000,
    "incomeBeforeTax": 1623500000,
    "incomeBeforeTaxRatio": 0.1278950685,
    "incomeTaxExpense": 536900000,
    "netIncome": 975700000,
    "netIncomeRatio": 0.0768630849,
    "eps": 2.95,
    "epsdiluted": 2.93,
    "weightedAverageShsOut": 326000000,
    "weightedAverageShsOutDil": 329100000,
    "link": "https://www.sec.gov/Archives/edgar/data/29989/000089109208001149/0000891092-08-001149-index.htm",
    "finalLink": "https://www.sec.gov/Archives/edgar/data/29989/000089109208001149/e30407-10k.htm"
  },
  {
    "date": "2006-12-31",
    "symbol": "OMC",
    "reportedCurrency": "USD",
    "cik": "0000029989",
    "fillingDate": "2007-02-27",
    "acceptedDate": "2007-02-26 21:24:04",
    "calendarYear": "2006",
    "period": "FY",
    "revenue": 11376900000,
    "costOfRevenue": 8277799999,
    "grossProfit": 3099100000,
    "grossProfitRatio": 0.2724028514,
    "researchAndDevelopmentExpenses": 0,
    "generalAndAdministrativeExpenses": 9893400000,
    "sellingAndMarketingExpenses": 0,
    "sellingGeneralAndAdministrativeExpenses": 1615100000,
    "otherExpenses": 0,
    "operatingExpenses": 1615100000,
    "costAndExpenses": 9892900000,
    "interestIncome": 0,
    "interestExpense": 0,
    "depreciationAndAmortization": 261100000,
    "ebitda": 1706800000,
    "ebitdaratio": 0.1500232928,
    "operatingIncome": 1484000000,
    "operatingIncomeRatio": 0.1304397507,
    "totalOtherIncomeExpensesNet": -62500000,
    "incomeBeforeTax": 1421500000,
    "incomeBeforeTaxRatio": 0.1249461628,
    "incomeTaxExpense": 466900000,
    "netIncome": 864000000,
    "netIncomeRatio": 0.0759433589,
    "eps": 2.52,
    "epsdiluted": 2.5,
    "weightedAverageShsOut": 342857143,
    "weightedAverageShsOutDil": 345600000,
    "link": "https://www.sec.gov/Archives/edgar/data/29989/000089109207000620/0000891092-07-000620-index.htm",
    "finalLink": "https://www.sec.gov/Archives/edgar/data/29989/000089109207000620/e26283-10k.htm"
  },
  {
    "date": "2005-12-31",
    "symbol": "OMC",
    "reportedCurrency": "USD",
    "cik": "0000029989",
    "fillingDate": "2006-02-24",
    "acceptedDate": "2006-02-24 17:06:12",
    "calendarYear": "2005",
    "period": "FY",
    "revenue": 10481100000,
    "costOfRevenue": 7588100000,
    "grossProfit": 2893000000,
    "grossProfitRatio": 0.2760206467,
    "researchAndDevelopmentExpenses": 0,
    "generalAndAdministrativeExpenses": 9141300000,
    "sellingAndMarketingExpenses": 0,
    "sellingGeneralAndAdministrativeExpenses": 1560100000,
    "otherExpenses": 0,
    "operatingExpenses": 1560100000,
    "costAndExpenses": 9148200000,
    "interestIncome": 0,
    "interestExpense": 0,
    "depreciationAndAmortization": 262200000,
    "ebitda": 1533800000,
    "ebitdaratio": 0.1463396018,
    "operatingIncome": 1332900000,
    "operatingIncomeRatio": 0.1271717663,
    "totalOtherIncomeExpensesNet": -24700000,
    "incomeBeforeTax": 1308200000,
    "incomeBeforeTaxRatio": 0.1248151434,
    "incomeTaxExpense": 435300000,
    "netIncome": 790700000,
    "netIncomeRatio": 0.0754405549,
    "eps": 2.19,
    "epsdiluted": 2.18,
    "weightedAverageShsOut": 361050228,
    "weightedAverageShsOutDil": 362706422,
    "link": "https://www.sec.gov/Archives/edgar/data/29989/000089109206000463/0000891092-06-000463-index.htm",
    "finalLink": "https://www.sec.gov/Archives/edgar/data/29989/000089109206000463/e23435_10k.txt"
  },
  {
    "date": "2004-12-31",
    "symbol": "OMC",
    "reportedCurrency": "USD",
    "cik": "0000029989",
    "fillingDate": "2005-03-15",
    "acceptedDate": "2005-03-15 10:34:02",
    "calendarYear": "2004",
    "period": "FY",
    "revenue": 9747200000,
    "costOfRevenue": 7018900000,
    "grossProfit": 2728300000,
    "grossProfitRatio": 0.2799060243,
    "researchAndDevelopmentExpenses": 0,
    "generalAndAdministrativeExpenses": 8531800000,
    "sellingAndMarketingExpenses": 0,
    "sellingGeneralAndAdministrativeExpenses": 1526000000,
    "otherExpenses": 0,
    "operatingExpenses": 1526000000,
    "costAndExpenses": 8544900000,
    "interestIncome": 0,
    "interestExpense": 0,
    "depreciationAndAmortization": 289300000,
    "ebitda": 1402000000,
    "ebitdaratio": 0.1438361786,
    "operatingIncome": 1202300000,
    "operatingIncomeRatio": 0.1233482436,
    "totalOtherIncomeExpensesNet": -23500000,
    "incomeBeforeTax": 1178800000,
    "incomeBeforeTaxRatio": 0.1209372948,
    "incomeTaxExpense": 396300000,
    "netIncome": 723500000,
    "netIncomeRatio": 0.0742264445,
    "eps": 1.95,
    "epsdiluted": 1.94,
    "weightedAverageShsOut": 371025641,
    "weightedAverageShsOutDil": 372938144,
    "link": "https://www.sec.gov/Archives/edgar/data/29989/000089109205000493/0000891092-05-000493-index.htm",
    "finalLink": "https://www.sec.gov/Archives/edgar/data/29989/000089109205000493/e20546_10k.txt"
  },
  {
    "date": "2003-12-31",
    "symbol": "OMC",
    "reportedCurrency": "USD",
    "cik": "0000029989",
    "fillingDate": "2004-03-15",
    "acceptedDate": "2004-03-15 16:17:04",
    "calendarYear": "2003",
    "period": "FY",
    "revenue": 8621404000,
    "costOfRevenue": 0,
    "grossProfit": 8621404000,
    "grossProfitRatio": 1,
    "researchAndDevelopmentExpenses": 0,
    "generalAndAdministrativeExpenses": 7456729000,
    "sellingAndMarketingExpenses": 0,
    "sellingGeneralAndAdministrativeExpenses": 7456729000,
    "otherExpenses": 0,
    "operatingExpenses": 7456729000,
    "costAndExpenses": 7456729000,
    "interestIncome": 0,
    "interestExpense": 0,
    "depreciationAndAmortization": 221191000,
    "ebitda": 1385866000,
    "ebitdaratio": 0.1607471358,
    "operatingIncome": 1164675000,
    "operatingIncomeRatio": 0.1350911058,
    "totalOtherIncomeExpensesNet": -42800000,
    "incomeBeforeTax": 1056810000,
    "incomeBeforeTaxRatio": 0.1225798025,
    "incomeTaxExpense": 380927000,
    "netIncome": 675883000,
    "netIncomeRatio": 0.0783959318,
    "eps": 1.68,
    "epsdiluted": 1.68,
    "weightedAverageShsOut": 375595238,
    "weightedAverageShsOutDil": 375595238,
    "link": "https://www.sec.gov/Archives/edgar/data/29989/000089109204001284/0000891092-04-001284-index.htm",
    "finalLink": "https://www.sec.gov/Archives/edgar/data/29989/000089109204001284/e17132_10k.txt"
  },
  {
    "date": "2002-12-31",
    "symbol": "OMC",
    "reportedCurrency": "USD",
    "cik": "0000029989",
    "fillingDate": "2003-03-27",
    "acceptedDate": "2003-03-26 20:31:42",
    "calendarYear": "2002",
    "period": "FY",
    "revenue": 7536299000,
    "costOfRevenue": 0,
    "grossProfit": 7536299000,
    "grossProfitRatio": 1,
    "researchAndDevelopmentExpenses": 0,
    "generalAndAdministrativeExpenses": 6432184000,
    "sellingAndMarketingExpenses": 0,
    "sellingGeneralAndAdministrativeExpenses": 6432184000,
    "otherExpenses": 0,
    "operatingExpenses": 6432184000,
    "costAndExpenses": 6432184000,
    "interestIncome": 0,
    "interestExpense": 0,
    "depreciationAndAmortization": 204806000,
    "ebitda": 1308921000,
    "ebitdaratio": 0.1736822013,
    "operatingIncome": 1104115000,
    "operatingIncomeRatio": 0.1465062626,
    "totalOtherIncomeExpensesNet": -30500000,
    "incomeBeforeTax": 1019096000,
    "incomeBeforeTaxRatio": 0.1352249957,
    "incomeTaxExpense": 375637000,
    "netIncome": 643459000,
    "netIncomeRatio": 0.0853812992,
    "eps": 1.54,
    "epsdiluted": 1.54,
    "weightedAverageShsOut": 371661238,
    "weightedAverageShsOutDil": 371661238,
    "link": "https://www.sec.gov/Archives/edgar/data/29989/000089109203000497/0000891092-03-000497-index.htm",
    "finalLink": "https://www.sec.gov/Archives/edgar/data/29989/000089109203000497/e14241form10-k.txt"
  },
  {
    "date": "2001-12-31",
    "symbol": "OMC",
    "reportedCurrency": "USD",
    "cik": "0000029989",
    "fillingDate": "2002-03-28",
    "acceptedDate": "2002-03-28 00:00:00",
    "calendarYear": "2001",
    "period": "FY",
    "revenue": 6889406000,
    "costOfRevenue": 0,
    "grossProfit": 6889406000,
    "grossProfitRatio": 1,
    "researchAndDevelopmentExpenses": 0,
    "generalAndAdministrativeExpenses": 5921222000,
    "sellingAndMarketingExpenses": 0,
    "sellingGeneralAndAdministrativeExpenses": 5921222000,
    "otherExpenses": 0,
    "operatingExpenses": 5921222000,
    "costAndExpenses": 5921222000,
    "interestIncome": 0,
    "interestExpense": 0,
    "depreciationAndAmortization": 258044000,
    "ebitda": 1226228000,
    "ebitdaratio": 0.1779874782,
    "operatingIncome": 968184000,
    "operatingIncomeRatio": 0.1405322897,
    "totalOtherIncomeExpensesNet": -112914000,
    "incomeBeforeTax": 855270000,
    "incomeBeforeTaxRatio": 0.1241427781,
    "incomeTaxExpense": 352128000,
    "netIncome": 503142000,
    "netIncomeRatio": 0.0730312599,
    "eps": 1.25,
    "epsdiluted": 1.24,
    "weightedAverageShsOut": 404130120,
    "weightedAverageShsOutDil": 405759677,
    "link": "https://www.sec.gov/Archives/edgar/data/29989/000089109202000433/0000891092-02-000433-index.htm",
    "finalLink": "https://www.sec.gov/Archives/edgar/data/29989/000089109202000433/e13177_10-k.txt"
  },
  {
    "date": "2000-12-31",
    "symbol": "OMC",
    "reportedCurrency": "USD",
    "cik": "0000029989",
    "fillingDate": "2001-03-27",
    "acceptedDate": "2001-03-27 00:00:00",
    "calendarYear": "2000",
    "period": "FY",
    "revenue": 6154230000,
    "costOfRevenue": -225670000,
    "grossProfit": 6379900000,
    "grossProfitRatio": 1.0366690878,
    "researchAndDevelopmentExpenses": 0,
    "generalAndAdministrativeExpenses": 5276140000,
    "sellingAndMarketingExpenses": 0,
    "sellingGeneralAndAdministrativeExpenses": 5276140000,
    "otherExpenses": 225670000,
    "operatingExpenses": 5501810000,
    "costAndExpenses": 5276140000,
    "interestIncome": 0,
    "interestExpense": 0,
    "depreciationAndAmortization": 225670000,
    "ebitda": 1103760000,
    "ebitdaratio": 0.1793498131,
    "operatingIncome": 878090000,
    "operatingIncomeRatio": 0.1426807253,
    "totalOtherIncomeExpensesNet": -10155000,
    "incomeBeforeTax": 867935000,
    "incomeBeforeTaxRatio": 0.1410306407,
    "incomeTaxExpense": 369140000,
    "netIncome": 498795000,
    "netIncomeRatio": 0.0810491321,
    "eps": 1.36,
    "epsdiluted": 1.31,
    "weightedAverageShsOut": 366761029,
    "weightedAverageShsOutDil": 382218391,
    "link": "https://www.sec.gov/Archives/edgar/data/29989/000089109201000449/0000891092-01-000449-index.htm",
    "finalLink": "https://www.sec.gov/Archives/edgar/data/29989/000089109201000449/0000891092-01-000449-0001.txt"
  },
  {
    "date": "1999-12-31",
    "symbol": "OMC",
    "reportedCurrency": "USD",
    "cik": "0000029989",
    "fillingDate": "2000-03-30",
    "acceptedDate": "2000-03-30 00:00:00",
    "calendarYear": "1999",
    "period": "FY",
    "revenue": 5130500000,
    "costOfRevenue": -195700000,
    "grossProfit": 5326200000,
    "grossProfitRatio": 1.0381444304,
    "researchAndDevelopmentExpenses": 0,
    "generalAndAdministrativeExpenses": 4406400000,
    "sellingAndMarketingExpenses": 0,
    "sellingGeneralAndAdministrativeExpenses": 4406400000,
    "otherExpenses": 195700000,
    "operatingExpenses": 4602100000,
    "costAndExpenses": 4406400000,
    "interestIncome": 0,
    "interestExpense": 0,
    "depreciationAndAmortization": 195700000,
    "ebitda": 919800000,
    "ebitdaratio": 0.1792807719,
    "operatingIncome": 724100000,
    "operatingIncomeRatio": 0.1411363415,
    "totalOtherIncomeExpensesNet": -88000000,
    "incomeBeforeTax": 636100000,
    "incomeBeforeTaxRatio": 0.1239840172,
    "incomeTaxExpense": 273200000,
    "netIncome": 362900000,
    "netIncomeRatio": 0.0707338466,
    "eps": 1.03,
    "epsdiluted": 1,
    "weightedAverageShsOut": 350628019,
    "weightedAverageShsOutDil": 361094527,
    "link": "https://www.sec.gov/Archives/edgar/data/29989/000089109200000272/0000891092-00-000272-index.html",
    "finalLink": "https://www.sec.gov/Archives/edgar/data/29989/000089109200000272/0000891092-00-000272.txt"
  },
  {
    "date": "1998-12-31",
    "symbol": "OMC",
    "reportedCurrency": "USD",
    "cik": "0000029989",
    "fillingDate": "1999-03-30",
    "acceptedDate": "1999-03-30 00:00:00",
    "calendarYear": "1998",
    "period": "FY",
    "revenue": 4092000000,
    "costOfRevenue": -154400000,
    "grossProfit": 4246400000,
    "grossProfitRatio": 1.0377321603,
    "researchAndDevelopmentExpenses": 0,
    "generalAndAdministrativeExpenses": 3531900000,
    "sellingAndMarketingExpenses": 0,
    "sellingGeneralAndAdministrativeExpenses": 3531900000,
    "otherExpenses": 154400000,
    "operatingExpenses": 3686300000,
    "costAndExpenses": 3531900000,
    "interestIncome": 0,
    "interestExpense": 0,
    "depreciationAndAmortization": 154400000,
    "ebitda": 726100000,
    "ebitdaratio": 0.1774437928,
    "operatingIncome": 560100000,
    "operatingIncomeRatio": 0.1368768328,
    "totalOtherIncomeExpensesNet": -64300000,
    "incomeBeforeTax": 500900000,
    "incomeBeforeTaxRatio": 0.1224095797,
    "incomeTaxExpense": 215800000,
    "netIncome": 285100000,
    "netIncomeRatio": 0.0696725318,
    "eps": 0.81,
    "epsdiluted": 0.79,
    "weightedAverageShsOut": 346335404,
    "weightedAverageShsOutDil": 355159236,
    "link": "https://www.sec.gov/Archives/edgar/data/29989/000089109299000158/0000891092-99-000158-index.html",
    "finalLink": "https://www.sec.gov/Archives/edgar/data/29989/0000891092-99-000158.txt"
  },
  {
    "date": "1997-12-31",
    "symbol": "OMC",
    "reportedCurrency": "USD",
    "cik": "0000029989",
    "fillingDate": "1998-03-26",
    "acceptedDate": "1998-03-26 00:00:00",
    "calendarYear": "1997",
    "period": "FY",
    "revenue": 3124800000,
    "costOfRevenue": -120100000,
    "grossProfit": 3244900000,
    "grossProfitRatio": 1.0384344598,
    "researchAndDevelopmentExpenses": 0,
    "generalAndAdministrativeExpenses": 2721200000,
    "sellingAndMarketingExpenses": 0,
    "sellingGeneralAndAdministrativeExpenses": 2721200000,
    "otherExpenses": 120100000,
    "operatingExpenses": 2841300000,
    "costAndExpenses": 2721200000,
    "interestIncome": 0,
    "interestExpense": 0,
    "depreciationAndAmortization": 120100000,
    "ebitda": 539600000,
    "ebitdaratio": 0.1726830517,
    "operatingIncome": 403600000,
    "operatingIncomeRatio": 0.1291602663,
    "totalOtherIncomeExpensesNet": -27900000,
    "incomeBeforeTax": 378900000,
    "incomeBeforeTaxRatio": 0.1212557604,
    "incomeTaxExpense": 156500000,
    "netIncome": 222400000,
    "netIncomeRatio": 0.071172555,
    "eps": 0.65,
    "epsdiluted": 0.64,
    "weightedAverageShsOut": 334307692,
    "weightedAverageShsOutDil": 339531250,
    "link": "https://www.sec.gov/Archives/edgar/data/29989/000089109298000100/0000891092-98-000100-index.html",
    "finalLink": "https://www.sec.gov/Archives/edgar/data/29989/0000891092-98-000100.txt"
  },
  {
    "date": "1996-12-31",
    "symbol": "OMC",
    "reportedCurrency": "USD",
    "cik": "0000029989",
    "fillingDate": "1997-03-26",
    "acceptedDate": "1997-03-26 00:00:00",
    "calendarYear": "1996",
    "period": "FY",
    "revenue": 2641700000,
    "costOfRevenue": -99700000,
    "grossProfit": 2741400000,
    "grossProfitRatio": 1.0377408487,
    "researchAndDevelopmentExpenses": 0,
    "generalAndAdministrativeExpenses": 2315100000,
    "sellingAndMarketingExpenses": 0,
    "sellingGeneralAndAdministrativeExpenses": 2315100000,
    "otherExpenses": 99700000,
    "operatingExpenses": 2414800000,
    "costAndExpenses": 2315100000,
    "interestIncome": 0,
    "interestExpense": 0,
    "depreciationAndAmortization": 99700000,
    "ebitda": 426300000,
    "ebitdaratio": 0.1613733581,
    "operatingIncome": 326600000,
    "operatingIncomeRatio": 0.1236325094,
    "totalOtherIncomeExpensesNet": -26700000,
    "incomeBeforeTax": 299900000,
    "incomeBeforeTaxRatio": 0.1135253814,
    "incomeTaxExpense": 123600000,
    "netIncome": 176300000,
    "netIncomeRatio": 0.0667373282,
    "eps": 0.57,
    "epsdiluted": 0.56,
    "weightedAverageShsOut": 307947598,
    "weightedAverageShsOutDil": 313422222,
    "link": "https://www.sec.gov/Archives/edgar/data/29989/000089109297000069/0000891092-97-000069-index.html",
    "finalLink": "https://www.sec.gov/Archives/edgar/data/29989/0000891092-97-000069.txt"
  },
  {
    "date": "1995-12-31",
    "symbol": "OMC",
    "reportedCurrency": "USD",
    "cik": "0000029989",
    "fillingDate": "1996-03-27",
    "acceptedDate": "1996-03-27 00:00:00",
    "calendarYear": "1995",
    "period": "FY",
    "revenue": 2257500000,
    "costOfRevenue": -84800000,
    "grossProfit": 2342300000,
    "grossProfitRatio": 1.0375636766,
    "researchAndDevelopmentExpenses": 0,
    "generalAndAdministrativeExpenses": 1986600000,
    "sellingAndMarketingExpenses": 0,
    "sellingGeneralAndAdministrativeExpenses": 1986600000,
    "otherExpenses": 84800000,
    "operatingExpenses": 2071400000,
    "costAndExpenses": 1986600000,
    "interestIncome": 0,
    "interestExpense": 0,
    "depreciationAndAmortization": 84800000,
    "ebitda": 355700000,
    "ebitdaratio": 0.1575636766,
    "operatingIncome": 270900000,
    "operatingIncomeRatio": 0.12,
    "totalOtherIncomeExpensesNet": -33500000,
    "incomeBeforeTax": 237400000,
    "incomeBeforeTaxRatio": 0.1051605759,
    "incomeTaxExpense": 97400000,
    "netIncome": 140000000,
    "netIncomeRatio": 0.0620155039,
    "eps": 0.47,
    "epsdiluted": 0.46,
    "weightedAverageShsOut": 296296296,
    "weightedAverageShsOutDil": 302702703,
    "link": "https://www.sec.gov/Archives/edgar/data/29989/000089109296000043/0000891092-96-000043-index.html",
    "finalLink": "https://www.sec.gov/Archives/edgar/data/29989/0000891092-96-000043.txt"
  },
  {
    "date": "1994-12-31",
    "symbol": "OMC",
    "reportedCurrency": "USD",
    "cik": "0000029989",
    "fillingDate": "1995-03-29",
    "acceptedDate": "1995-03-29 00:00:00",
    "calendarYear": "1994",
    "period": "FY",
    "revenue": 1756200000,
    "costOfRevenue": -72300000,
    "grossProfit": 1828500000,
    "grossProfitRatio": 1.0411684318,
    "researchAndDevelopmentExpenses": 0,
    "generalAndAdministrativeExpenses": 1551600000,
    "sellingAndMarketingExpenses": 0,
    "sellingGeneralAndAdministrativeExpenses": 1551600000,
    "otherExpenses": 72300000,
    "operatingExpenses": 1623900000,
    "costAndExpenses": 1551600000,
    "interestIncome": 0,
    "interestExpense": 0,
    "depreciationAndAmortization": 72300000,
    "ebitda": 276900000,
    "ebitdaratio": 0.1576699693,
    "operatingIncome": 204600000,
    "operatingIncomeRatio": 0.1165015374,
    "totalOtherIncomeExpensesNet": -22200000,
    "incomeBeforeTax": 182400000,
    "incomeBeforeTaxRatio": 0.1038606081,
    "incomeTaxExpense": 74300000,
    "netIncome": 80100000,
    "netIncomeRatio": 0.0456098394,
    "eps": 0.29,
    "epsdiluted": 0.29,
    "weightedAverageShsOut": 273846154,
    "weightedAverageShsOutDil": 273846154,
    "link": "https://www.sec.gov/Archives/edgar/data/29989/000089109295000025/0000891092-95-000025-index.html",
    "finalLink": "https://www.sec.gov/Archives/edgar/data/29989/0000891092-95-000025.txt"
  },
  {
    "date": "1993-12-31",
    "symbol": "OMC",
    "reportedCurrency": "USD",
    "cik": "0000029989",
    "fillingDate": "1994-03-30",
    "acceptedDate": "1994-03-30 00:00:00",
    "calendarYear": "1993",
    "period": "FY",
    "revenue": 1516500000,
    "costOfRevenue": -60600000,
    "grossProfit": 1577100000,
    "grossProfitRatio": 1.0399604352,
    "researchAndDevelopmentExpenses": 0,
    "generalAndAdministrativeExpenses": 0,
    "sellingAndMarketingExpenses": 0,
    "sellingGeneralAndAdministrativeExpenses": 1347300000,
    "otherExpenses": 60600000,
    "operatingExpenses": 1407900000,
    "costAndExpenses": 1347300000,
    "interestIncome": 0,
    "interestExpense": 0,
    "depreciationAndAmortization": 60600000,
    "ebitda": 229800000,
    "ebitdaratio": 0.1515331355,
    "operatingIncome": 169200000,
    "operatingIncomeRatio": 0.1115727003,
    "totalOtherIncomeExpensesNet": -24000000,
    "incomeBeforeTax": 145200000,
    "incomeBeforeTaxRatio": 0.0957467854,
    "incomeTaxExpense": 59900000,
    "netIncome": 85300000,
    "netIncomeRatio": 0.0562479393,
    "eps": 0.26,
    "epsdiluted": 0.37,
    "weightedAverageShsOut": 232727273,
    "weightedAverageShsOutDil": 232727273,
    "link": "https://www.sec.gov/Archives/edgar/data/29989/000089155494000031/0000891554-94-000031-index.html",
    "finalLink": "https://www.sec.gov/Archives/edgar/data/29989/0000891554-94-000031.txt"
  },
  {
    "date": "1992-12-31",
    "symbol": "OMC",
    "reportedCurrency": "USD",
    "cik": "0000029989",
    "fillingDate": "1992-12-31",
    "acceptedDate": "1992-12-31 00:00:00",
    "calendarYear": "1992",
    "period": "FY",
    "revenue": 1385200000,
    "costOfRevenue": 384100000,
    "grossProfit": 1001100000,
    "grossProfitRatio": 0.7227115218,
    "researchAndDevelopmentExpenses": 0,
    "generalAndAdministrativeExpenses": 0,
    "sellingAndMarketingExpenses": 0,
    "sellingGeneralAndAdministrativeExpenses": 804900000,
    "otherExpenses": 49800000,
    "operatingExpenses": 854700000,
    "costAndExpenses": 1238800000,
    "interestIncome": 0,
    "interestExpense": 0,
    "depreciationAndAmortization": 49800000,
    "ebitda": 196200000,
    "ebitdaratio": 0.1416401964,
    "operatingIncome": 146400000,
    "operatingIncomeRatio": 0.1056887092,
    "totalOtherIncomeExpensesNet": -27600000,
    "incomeBeforeTax": 118800000,
    "incomeBeforeTaxRatio": 0.0857637886,
    "incomeTaxExpense": 53300000,
    "netIncome": 69300000,
    "netIncomeRatio": 0.0500288767,
    "eps": 0.31,
    "epsdiluted": 0.29,
    "weightedAverageShsOut": 223548387,
    "weightedAverageShsOutDil": 238965517,
    "link": null,
    "finalLink": null
  },
  {
    "date": "1991-12-31",
    "symbol": "OMC",
    "reportedCurrency": "USD",
    "cik": "0000029989",
    "fillingDate": "1991-12-31",
    "acceptedDate": "1991-12-31 00:00:00",
    "calendarYear": "1991",
    "period": "FY",
    "revenue": 1236200000,
    "costOfRevenue": 333000000,
    "grossProfit": 903200000,
    "grossProfitRatio": 0.7306261123,
    "researchAndDevelopmentExpenses": 0,
    "generalAndAdministrativeExpenses": 0,
    "sellingAndMarketingExpenses": 0,
    "sellingGeneralAndAdministrativeExpenses": 721800000,
    "otherExpenses": 46200000,
    "operatingExpenses": 768000000,
    "costAndExpenses": 1101000000,
    "interestIncome": 0,
    "interestExpense": 0,
    "depreciationAndAmortization": 46200000,
    "ebitda": 181400000,
    "ebitdaratio": 0.1467400097,
    "operatingIncome": 135200000,
    "operatingIncomeRatio": 0.1093674163,
    "totalOtherIncomeExpensesNet": -28900000,
    "incomeBeforeTax": 106300000,
    "incomeBeforeTaxRatio": 0.0859893221,
    "incomeTaxExpense": 49200000,
    "netIncome": 57100000,
    "netIncomeRatio": 0.0461899369,
    "eps": 0.26,
    "epsdiluted": 0.26,
    "weightedAverageShsOut": 219615385,
    "weightedAverageShsOutDil": 223921569,
    "link": null,
    "finalLink": null
  },
  {
    "date": "1990-12-31",
    "symbol": "OMC",
    "reportedCurrency": "USD",
    "cik": "0000029989",
    "fillingDate": "1990-12-31",
    "acceptedDate": "1990-12-31 00:00:00",
    "calendarYear": "1990",
    "period": "FY",
    "revenue": 1178200000,
    "costOfRevenue": 319800000,
    "grossProfit": 858400000,
    "grossProfitRatio": 0.7285690036,
    "researchAndDevelopmentExpenses": 0,
    "generalAndAdministrativeExpenses": 0,
    "sellingAndMarketingExpenses": 0,
    "sellingGeneralAndAdministrativeExpenses": 685200000,
    "otherExpenses": 46400000,
    "operatingExpenses": 731600000,
    "costAndExpenses": 1051400000,
    "interestIncome": 0,
    "interestExpense": 0,
    "depreciationAndAmortization": 46400000,
    "ebitda": 173200000,
    "ebitdaratio": 0.1470039043,
    "operatingIncome": 126800000,
    "operatingIncomeRatio": 0.107621796,
    "totalOtherIncomeExpensesNet": -28900000,
    "incomeBeforeTax": 97900000,
    "incomeBeforeTaxRatio": 0.0830928535,
    "incomeTaxExpense": 45900000,
    "netIncome": 52000000,
    "netIncomeRatio": 0.0441351214,
    "eps": 0.26,
    "epsdiluted": 0.25,
    "weightedAverageShsOut": 203921569,
    "weightedAverageShsOutDil": 212244898,
    "link": null,
    "finalLink": null
  },
  {
    "date": "1989-12-31",
    "symbol": "OMC",
    "reportedCurrency": "USD",
    "cik": "0000029989",
    "fillingDate": "1989-12-31",
    "acceptedDate": "1989-12-31 00:00:00",
    "calendarYear": "1989",
    "period": "FY",
    "revenue": 1007200000,
    "costOfRevenue": 541000000,
    "grossProfit": 466200000,
    "grossProfitRatio": 0.462867355,
    "researchAndDevelopmentExpenses": 0,
    "generalAndAdministrativeExpenses": 0,
    "sellingAndMarketingExpenses": 0,
    "sellingGeneralAndAdministrativeExpenses": 328000000,
    "otherExpenses": 35700000,
    "operatingExpenses": 363700000,
    "costAndExpenses": 904700000,
    "interestIncome": 0,
    "interestExpense": 0,
    "depreciationAndAmortization": 35700000,
    "ebitda": 138200000,
    "ebitdaratio": 0.1372120731,
    "operatingIncome": 102500000,
    "operatingIncomeRatio": 0.1017672756,
    "totalOtherIncomeExpensesNet": -15000000,
    "incomeBeforeTax": 87500000,
    "incomeBeforeTaxRatio": 0.0868745036,
    "incomeTaxExpense": 40700000,
    "netIncome": 46800000,
    "netIncomeRatio": 0.0464654488,
    "eps": 0.23,
    "epsdiluted": 0.22,
    "weightedAverageShsOut": 203478261,
    "weightedAverageShsOutDil": 217674419,
    "link": null,
    "finalLink": null
  },
  {
    "date": "1988-12-31",
    "symbol": "OMC",
    "reportedCurrency": "USD",
    "cik": "0000029989",
    "fillingDate": "1988-12-31",
    "acceptedDate": "1988-12-30 19:00:00",
    "calendarYear": "1988",
    "period": "FY",
    "revenue": 881300000,
    "costOfRevenue": 487200000,
    "grossProfit": 394100000,
    "grossProfitRatio": 0.4471803018,
    "researchAndDevelopmentExpenses": 0,
    "generalAndAdministrativeExpenses": 0,
    "sellingAndMarketingExpenses": 0,
    "sellingGeneralAndAdministrativeExpenses": 280900000,
    "otherExpenses": 28600000,
    "operatingExpenses": 309500000,
    "costAndExpenses": 796700000,
    "interestIncome": 0,
    "interestExpense": 0,
    "depreciationAndAmortization": 28600000,
    "ebitda": 113200000,
    "ebitdaratio": 0.128446613,
    "operatingIncome": 84600000,
    "operatingIncomeRatio": 0.0959945535,
    "totalOtherIncomeExpensesNet": -10000000,
    "incomeBeforeTax": 74600000,
    "incomeBeforeTaxRatio": 0.0846476796,
    "incomeTaxExpense": 35400000,
    "netIncome": 39200000,
    "netIncomeRatio": 0.0444797458,
    "eps": 0.2,
    "epsdiluted": 0.2,
    "weightedAverageShsOut": 196000000,
    "weightedAverageShsOutDil": 201025641,
    "link": "",
    "finalLink": ""
  },
  {
    "date": "1987-12-31",
    "symbol": "OMC",
    "reportedCurrency": "USD",
    "cik": "0000029989",
    "fillingDate": "1987-12-31",
    "acceptedDate": "1987-12-30 19:00:00",
    "calendarYear": "1987",
    "period": "FY",
    "revenue": 811400000,
    "costOfRevenue": 455400000,
    "grossProfit": 356000000,
    "grossProfitRatio": 0.4387478432,
    "researchAndDevelopmentExpenses": 0,
    "generalAndAdministrativeExpenses": 0,
    "sellingAndMarketingExpenses": 0,
    "sellingGeneralAndAdministrativeExpenses": 256000000,
    "otherExpenses": 25700000,
    "operatingExpenses": 281700000,
    "costAndExpenses": 737100000,
    "interestIncome": 0,
    "interestExpense": 0,
    "depreciationAndAmortization": 25700000,
    "ebitda": 100000000,
    "ebitdaratio": 0.1232437762,
    "operatingIncome": 74300000,
    "operatingIncomeRatio": 0.0915701257,
    "totalOtherIncomeExpensesNet": -4700000,
    "incomeBeforeTax": 69600000,
    "incomeBeforeTaxRatio": 0.0857776682,
    "incomeTaxExpense": 34800000,
    "netIncome": 34800000,
    "netIncomeRatio": 0.0428888341,
    "eps": 0.18,
    "epsdiluted": 0.18,
    "weightedAverageShsOut": 193333333,
    "weightedAverageShsOutDil": 193333333,
    "link": "",
    "finalLink": ""
  },
  {
    "date": "1986-12-31",
    "symbol": "OMC",
    "reportedCurrency": "USD",
    "cik": "0000029989",
    "fillingDate": "1986-12-31",
    "acceptedDate": "1986-12-30 19:00:00",
    "calendarYear": "1986",
    "period": "FY",
    "revenue": 753500000,
    "costOfRevenue": 228600000,
    "grossProfit": 524900000,
    "grossProfitRatio": 0.696615793,
    "researchAndDevelopmentExpenses": 0,
    "generalAndAdministrativeExpenses": 0,
    "sellingAndMarketingExpenses": 0,
    "sellingGeneralAndAdministrativeExpenses": 441200000,
    "otherExpenses": 22600000,
    "operatingExpenses": 463800000,
    "costAndExpenses": 692400000,
    "interestIncome": 0,
    "interestExpense": 0,
    "depreciationAndAmortization": 22600000,
    "ebitda": 83700000,
    "ebitdaratio": 0.1110816191,
    "operatingIncome": 61100000,
    "operatingIncomeRatio": 0.0810882548,
    "totalOtherIncomeExpensesNet": -39800000,
    "incomeBeforeTax": 21300000,
    "incomeBeforeTaxRatio": 0.0282680823,
    "incomeTaxExpense": 25400000,
    "netIncome": -4100000,
    "netIncomeRatio": -0.0054412741,
    "eps": -0.025,
    "epsdiluted": -0.025,
    "weightedAverageShsOut": 164000000,
    "weightedAverageShsOutDil": 164000000,
    "link": "",
    "finalLink": ""
  },
  {
    "date": "1985-12-31",
    "symbol": "OMC",
    "reportedCurrency": "USD",
    "cik": "0000029989",
    "fillingDate": "1985-12-31",
    "acceptedDate": "1985-12-30 19:00:00",
    "calendarYear": "1985",
    "period": "FY",
    "revenue": 220900000,
    "costOfRevenue": 131800000,
    "grossProfit": 89100000,
    "grossProfitRatio": 0.4033499321,
    "researchAndDevelopmentExpenses": 0,
    "generalAndAdministrativeExpenses": 0,
    "sellingAndMarketingExpenses": 0,
    "sellingGeneralAndAdministrativeExpenses": 69000000,
    "otherExpenses": 5800000,
    "operatingExpenses": 74800000,
    "costAndExpenses": 206600000,
    "interestIncome": 0,
    "interestExpense": 0,
    "depreciationAndAmortization": 5800000,
    "ebitda": 20100000,
    "ebitdaratio": 0.0909913988,
    "operatingIncome": 14300000,
    "operatingIncomeRatio": 0.0647351743,
    "totalOtherIncomeExpensesNet": 600000,
    "incomeBeforeTax": 14900000,
    "incomeBeforeTaxRatio": 0.0674513354,
    "incomeTaxExpense": 8800000,
    "netIncome": 6100000,
    "netIncomeRatio": 0.0276143051,
    "eps": 0.14,
    "epsdiluted": 0.14,
    "weightedAverageShsOut": 45185185,
    "weightedAverageShsOutDil": 45185185,
    "link": "",
    "finalLink": ""
  }
]