[
  {
    "date": "2024-12-31",
    "symbol": "ON",
    "reportedCurrency": "USD",
    "cik": "0001097864",
    "fillingDate": "2025-02-10",
    "acceptedDate": "2025-02-10 11:50:49",
    "calendarYear": "2024",
    "period": "FY",
    "revenue": 7082300000,
    "costOfRevenue": 3908200000,
    "grossProfit": 3174100000,
    "grossProfitRatio": 0.4481736159,
    "researchAndDevelopmentExpenses": 612700000,
    "generalAndAdministrativeExpenses": 0,
    "sellingAndMarketingExpenses": 0,
    "sellingGeneralAndAdministrativeExpenses": 649800000,
    "otherExpenses": 0,
    "operatingExpenses": 1262500000,
    "costAndExpenses": 5170700000,
    "interestIncome": 111400000,
    "interestExpense": 62300000,
    "depreciationAndAmortization": 642900000,
    "ebitda": 2542600000,
    "ebitdaratio": 0.359007667,
    "operatingIncome": 1911600000,
    "operatingIncomeRatio": 0.2699123166,
    "totalOtherIncomeExpensesNet": -74200000,
    "incomeBeforeTax": 1837400000,
    "incomeBeforeTaxRatio": 0.2594354941,
    "incomeTaxExpense": 262800000,
    "netIncome": 1572800000,
    "netIncomeRatio": 0.2220747497,
    "eps": 3.68,
    "epsdiluted": 3.63,
    "weightedAverageShsOut": 427400000,
    "weightedAverageShsOutDil": 432700000,
    "link": "https://www.sec.gov/Archives/edgar/data/1097864/000162828025004557/0001628280-25-004557-index.htm",
    "finalLink": "https://www.sec.gov/Archives/edgar/data/1097864/000162828025004557/on-20241231.htm"
  },
  {
    "date": "2023-12-31",
    "symbol": "ON",
    "reportedCurrency": "USD",
    "cik": "0001097864",
    "fillingDate": "2024-02-05",
    "acceptedDate": "2024-02-05 11:27:48",
    "calendarYear": "2023",
    "period": "FY",
    "revenue": 8253000000,
    "costOfRevenue": 4420500000,
    "grossProfit": 3832500000,
    "grossProfitRatio": 0.4643765903,
    "researchAndDevelopmentExpenses": 577300000,
    "generalAndAdministrativeExpenses": 0,
    "sellingAndMarketingExpenses": 0,
    "sellingGeneralAndAdministrativeExpenses": 641500000,
    "otherExpenses": 0,
    "operatingExpenses": 1218800000,
    "costAndExpenses": 5639300000,
    "interestIncome": 93100000,
    "interestExpense": 74800000,
    "depreciationAndAmortization": 609500000,
    "ebitda": 3206300000,
    "ebitdaratio": 0.3885011511,
    "operatingIncome": 2613700000,
    "operatingIncomeRatio": 0.3166969587,
    "totalOtherIncomeExpensesNet": -77900000,
    "incomeBeforeTax": 2535800000,
    "incomeBeforeTaxRatio": 0.3072579668,
    "incomeTaxExpense": 350200000,
    "netIncome": 2183700000,
    "netIncomeRatio": 0.2645946928,
    "eps": 5.07,
    "epsdiluted": 4.89,
    "weightedAverageShsOut": 430700000,
    "weightedAverageShsOutDil": 446800000,
    "link": "https://www.sec.gov/Archives/edgar/data/1097864/000162828024003201/0001628280-24-003201-index.htm",
    "finalLink": "https://www.sec.gov/Archives/edgar/data/1097864/000162828024003201/on-20231231.htm"
  },
  {
    "date": "2022-12-31",
    "symbol": "ON",
    "reportedCurrency": "USD",
    "cik": "0001097864",
    "fillingDate": "2023-02-06",
    "acceptedDate": "2023-02-06 10:50:17",
    "calendarYear": "2022",
    "period": "FY",
    "revenue": 8326200000,
    "costOfRevenue": 4330200000,
    "grossProfit": 3996000000,
    "grossProfitRatio": 0.4799308208,
    "researchAndDevelopmentExpenses": 600200000,
    "generalAndAdministrativeExpenses": 0,
    "sellingAndMarketingExpenses": 0,
    "sellingGeneralAndAdministrativeExpenses": 618200000,
    "otherExpenses": 0,
    "operatingExpenses": 1218400000,
    "costAndExpenses": 5548600000,
    "interestIncome": 15500000,
    "interestExpense": 94900000,
    "depreciationAndAmortization": 551800000,
    "ebitda": 3000000000,
    "ebitdaratio": 0.360308424,
    "operatingIncome": 2777600000,
    "operatingIncomeRatio": 0.3335975595,
    "totalOtherIncomeExpensesNet": -415400000,
    "incomeBeforeTax": 2362200000,
    "incomeBeforeTaxRatio": 0.2837068531,
    "incomeTaxExpense": 458400000,
    "netIncome": 1902200000,
    "netIncomeRatio": 0.2284595614,
    "eps": 4.39,
    "epsdiluted": 4.25,
    "weightedAverageShsOut": 433200000,
    "weightedAverageShsOutDil": 448200000,
    "link": "https://www.sec.gov/Archives/edgar/data/1097864/000162828023002350/0001628280-23-002350-index.htm",
    "finalLink": "https://www.sec.gov/Archives/edgar/data/1097864/000162828023002350/on-20221231.htm"
  },
  {
    "date": "2021-12-31",
    "symbol": "ON",
    "reportedCurrency": "USD",
    "cik": "0001097864",
    "fillingDate": "2022-02-14",
    "acceptedDate": "2022-02-14 09:20:06",
    "calendarYear": "2021",
    "period": "FY",
    "revenue": 6739800000,
    "costOfRevenue": 4124500000,
    "grossProfit": 2615300000,
    "grossProfitRatio": 0.3880382207,
    "researchAndDevelopmentExpenses": 655000000,
    "generalAndAdministrativeExpenses": 0,
    "sellingAndMarketingExpenses": 0,
    "sellingGeneralAndAdministrativeExpenses": 586500000,
    "otherExpenses": 0,
    "operatingExpenses": 1241500000,
    "costAndExpenses": 5366000000,
    "interestIncome": 1400000,
    "interestExpense": 130400000,
    "depreciationAndAmortization": 596700000,
    "ebitda": 1904000000,
    "ebitdaratio": 0.2825009644,
    "operatingIncome": 1373800000,
    "operatingIncomeRatio": 0.2038339417,
    "totalOtherIncomeExpensesNet": -216000000,
    "incomeBeforeTax": 1157800000,
    "incomeBeforeTaxRatio": 0.1717855129,
    "incomeTaxExpense": 146600000,
    "netIncome": 1009600000,
    "netIncomeRatio": 0.1497967299,
    "eps": 2.37,
    "epsdiluted": 2.27,
    "weightedAverageShsOut": 425700000,
    "weightedAverageShsOutDil": 443800000,
    "link": "https://www.sec.gov/Archives/edgar/data/1097864/000162828022002416/0001628280-22-002416-index.htm",
    "finalLink": "https://www.sec.gov/Archives/edgar/data/1097864/000162828022002416/on-20211231.htm"
  },
  {
    "date": "2020-12-31",
    "symbol": "ON",
    "reportedCurrency": "USD",
    "cik": "0001097864",
    "fillingDate": "2021-02-16",
    "acceptedDate": "2021-02-16 11:50:24",
    "calendarYear": "2020",
    "period": "FY",
    "revenue": 5255000000,
    "costOfRevenue": 3659500000,
    "grossProfit": 1595500000,
    "grossProfitRatio": 0.3036156042,
    "researchAndDevelopmentExpenses": 642900000,
    "generalAndAdministrativeExpenses": 0,
    "sellingAndMarketingExpenses": 0,
    "sellingGeneralAndAdministrativeExpenses": 536400000,
    "otherExpenses": 0,
    "operatingExpenses": 1179300000,
    "costAndExpenses": 4838800000,
    "interestIncome": 4900000,
    "interestExpense": 168400000,
    "depreciationAndAmortization": 625100000,
    "ebitda": 990100000,
    "ebitdaratio": 0.1884110371,
    "operatingIncome": 416200000,
    "operatingIncomeRatio": 0.0792007612,
    "totalOtherIncomeExpensesNet": -239600000,
    "incomeBeforeTax": 176600000,
    "incomeBeforeTaxRatio": 0.0336060894,
    "incomeTaxExpense": -59800000,
    "netIncome": 234200000,
    "netIncomeRatio": 0.044567079,
    "eps": 0.57,
    "epsdiluted": 0.56,
    "weightedAverageShsOut": 410700000,
    "weightedAverageShsOutDil": 418800000,
    "link": "https://www.sec.gov/Archives/edgar/data/1097864/000162828021002219/0001628280-21-002219-index.htm",
    "finalLink": "https://www.sec.gov/Archives/edgar/data/1097864/000162828021002219/on-20201231.htm"
  },
  {
    "date": "2019-12-31",
    "symbol": "ON",
    "reportedCurrency": "USD",
    "cik": "0001097864",
    "fillingDate": "2020-02-19",
    "acceptedDate": "2020-02-19 14:25:39",
    "calendarYear": "2019",
    "period": "FY",
    "revenue": 5517900000,
    "costOfRevenue": 3659500000,
    "grossProfit": 1858400000,
    "grossProfitRatio": 0.3367947951,
    "researchAndDevelopmentExpenses": 640900000,
    "generalAndAdministrativeExpenses": 0,
    "sellingAndMarketingExpenses": 0,
    "sellingGeneralAndAdministrativeExpenses": 573700000,
    "otherExpenses": 0,
    "operatingExpenses": 1214600000,
    "costAndExpenses": 4874100000,
    "interestIncome": 10200000,
    "interestExpense": 148300000,
    "depreciationAndAmortization": 593100000,
    "ebitda": 1014900000,
    "ebitdaratio": 0.1839286685,
    "operatingIncome": 643800000,
    "operatingIncomeRatio": 0.1166748219,
    "totalOtherIncomeExpensesNet": -367200000,
    "incomeBeforeTax": 276600000,
    "incomeBeforeTaxRatio": 0.050127766,
    "incomeTaxExpense": 62700000,
    "netIncome": 211700000,
    "netIncomeRatio": 0.0383660451,
    "eps": 0.52,
    "epsdiluted": 0.51,
    "weightedAverageShsOut": 410900000,
    "weightedAverageShsOutDil": 416000000,
    "link": "https://www.sec.gov/Archives/edgar/data/1097864/000119312520041751/0001193125-20-041751-index.htm",
    "finalLink": "https://www.sec.gov/Archives/edgar/data/1097864/000119312520041751/d864442d10k.htm"
  },
  {
    "date": "2018-12-31",
    "symbol": "ON",
    "reportedCurrency": "USD",
    "cik": "0001097864",
    "fillingDate": "2019-02-20",
    "acceptedDate": "2019-02-20 11:58:50",
    "calendarYear": "2018",
    "period": "FY",
    "revenue": 5878300000,
    "costOfRevenue": 3751300000,
    "grossProfit": 2127000000,
    "grossProfitRatio": 0.3618393073,
    "researchAndDevelopmentExpenses": 650700000,
    "generalAndAdministrativeExpenses": 0,
    "sellingAndMarketingExpenses": 0,
    "sellingGeneralAndAdministrativeExpenses": 613500000,
    "otherExpenses": 0,
    "operatingExpenses": 1264200000,
    "costAndExpenses": 5015500000,
    "interestIncome": 6100000,
    "interestExpense": 128200000,
    "depreciationAndAmortization": 508700000,
    "ebitda": 1391900000,
    "ebitdaratio": 0.2367861457,
    "operatingIncome": 862800000,
    "operatingIncomeRatio": 0.1467771294,
    "totalOtherIncomeExpensesNet": -107800000,
    "incomeBeforeTax": 755000000,
    "incomeBeforeTaxRatio": 0.1284384941,
    "incomeTaxExpense": 125100000,
    "netIncome": 627400000,
    "netIncomeRatio": 0.106731538,
    "eps": 1.48,
    "epsdiluted": 1.44,
    "weightedAverageShsOut": 423800000,
    "weightedAverageShsOutDil": 435900000,
    "link": "https://www.sec.gov/Archives/edgar/data/1097864/000119312519045025/0001193125-19-045025-index.htm",
    "finalLink": "https://www.sec.gov/Archives/edgar/data/1097864/000119312519045025/d664850d10k.htm"
  },
  {
    "date": "2017-12-31",
    "symbol": "ON",
    "reportedCurrency": "USD",
    "cik": "0001097864",
    "fillingDate": "2018-02-21",
    "acceptedDate": "2018-02-21 11:26:44",
    "calendarYear": "2017",
    "period": "FY",
    "revenue": 5543100000,
    "costOfRevenue": 3631300000,
    "grossProfit": 1911800000,
    "grossProfitRatio": 0.3448972597,
    "researchAndDevelopmentExpenses": 594700000,
    "generalAndAdministrativeExpenses": 0,
    "sellingAndMarketingExpenses": 0,
    "sellingGeneralAndAdministrativeExpenses": 598400000,
    "otherExpenses": 0,
    "operatingExpenses": 1193100000,
    "costAndExpenses": 4824400000,
    "interestIncome": 3000000,
    "interestExpense": 141200000,
    "depreciationAndAmortization": 481900000,
    "ebitda": 1170600000,
    "ebitdaratio": 0.2111814689,
    "operatingIncome": 718700000,
    "operatingIncomeRatio": 0.1296566903,
    "totalOtherIncomeExpensesNet": -171200000,
    "incomeBeforeTax": 547500000,
    "incomeBeforeTaxRatio": 0.0987714456,
    "incomeTaxExpense": -265500000,
    "netIncome": 810700000,
    "netIncomeRatio": 0.1462539012,
    "eps": 1.92,
    "epsdiluted": 1.89,
    "weightedAverageShsOut": 421900000,
    "weightedAverageShsOutDil": 428300000,
    "link": "https://www.sec.gov/Archives/edgar/data/1097864/000119312518051397/0001193125-18-051397-index.htm",
    "finalLink": "https://www.sec.gov/Archives/edgar/data/1097864/000119312518051397/d508456d10k.htm"
  },
  {
    "date": "2016-12-31",
    "symbol": "ON",
    "reportedCurrency": "USD",
    "cik": "0001097864",
    "fillingDate": "2017-02-28",
    "acceptedDate": "2017-02-28 15:57:57",
    "calendarYear": "2016",
    "period": "FY",
    "revenue": 3906900000,
    "costOfRevenue": 2708700000,
    "grossProfit": 1198200000,
    "grossProfitRatio": 0.3066881671,
    "researchAndDevelopmentExpenses": 446800000,
    "generalAndAdministrativeExpenses": 0,
    "sellingAndMarketingExpenses": 0,
    "sellingGeneralAndAdministrativeExpenses": 442500000,
    "otherExpenses": -6300000,
    "operatingExpenses": 901100000,
    "costAndExpenses": 3609800000,
    "interestIncome": 4500000,
    "interestExpense": 145300000,
    "depreciationAndAmortization": 364100000,
    "ebitda": 690000000,
    "ebitdaratio": 0.176610612,
    "operatingIncome": 297100000,
    "operatingIncomeRatio": 0.0760449461,
    "totalOtherIncomeExpensesNet": -116500000,
    "incomeBeforeTax": 180600000,
    "incomeBeforeTaxRatio": 0.046225908,
    "incomeTaxExpense": -3900000,
    "netIncome": 182100000,
    "netIncomeRatio": 0.0466098441,
    "eps": 0.44,
    "epsdiluted": 0.43,
    "weightedAverageShsOut": 415200000,
    "weightedAverageShsOutDil": 420000000,
    "link": "https://www.sec.gov/Archives/edgar/data/1097864/000119312517062207/0001193125-17-062207-index.htm",
    "finalLink": "https://www.sec.gov/Archives/edgar/data/1097864/000119312517062207/d332046d10k.htm"
  },
  {
    "date": "2015-12-31",
    "symbol": "ON",
    "reportedCurrency": "USD",
    "cik": "0001097864",
    "fillingDate": "2016-02-24",
    "acceptedDate": "2016-02-24 11:25:49",
    "calendarYear": "2015",
    "period": "FY",
    "revenue": 3495800000,
    "costOfRevenue": 2427900000,
    "grossProfit": 1067900000,
    "grossProfitRatio": 0.3054808627,
    "researchAndDevelopmentExpenses": 396700000,
    "generalAndAdministrativeExpenses": 0,
    "sellingAndMarketingExpenses": 0,
    "sellingGeneralAndAdministrativeExpenses": 383100000,
    "otherExpenses": -2700000,
    "operatingExpenses": 782500000,
    "costAndExpenses": 3210400000,
    "interestIncome": 1100000,
    "interestExpense": 49700000,
    "depreciationAndAmortization": 357600000,
    "ebitda": 627100000,
    "ebitdaratio": 0.1793866926,
    "operatingIncome": 285400000,
    "operatingIncomeRatio": 0.0816408261,
    "totalOtherIncomeExpensesNet": -65600000,
    "incomeBeforeTax": 219800000,
    "incomeBeforeTaxRatio": 0.0628754505,
    "incomeTaxExpense": 10800000,
    "netIncome": 206200000,
    "netIncomeRatio": 0.0589850678,
    "eps": 0.49,
    "epsdiluted": 0.48,
    "weightedAverageShsOut": 421200000,
    "weightedAverageShsOutDil": 427800000,
    "link": "https://www.sec.gov/Archives/edgar/data/1097864/000119312516475009/0001193125-16-475009-index.htm",
    "finalLink": "https://www.sec.gov/Archives/edgar/data/1097864/000119312516475009/d138223d10k.htm"
  },
  {
    "date": "2014-12-31",
    "symbol": "ON",
    "reportedCurrency": "USD",
    "cik": "0001097864",
    "fillingDate": "2015-02-27",
    "acceptedDate": "2015-02-27 15:21:16",
    "calendarYear": "2014",
    "period": "FY",
    "revenue": 3161800000,
    "costOfRevenue": 2140900000,
    "grossProfit": 1020900000,
    "grossProfitRatio": 0.322885698,
    "researchAndDevelopmentExpenses": 366600000,
    "generalAndAdministrativeExpenses": 0,
    "sellingAndMarketingExpenses": 0,
    "sellingGeneralAndAdministrativeExpenses": 380900000,
    "otherExpenses": -2700000,
    "operatingExpenses": 750200000,
    "costAndExpenses": 2891100000,
    "interestIncome": 1500000,
    "interestExpense": 34100000,
    "depreciationAndAmortization": 268800000,
    "ebitda": 494800000,
    "ebitdaratio": 0.1564931368,
    "operatingIncome": 270700000,
    "operatingIncomeRatio": 0.0856157885,
    "totalOtherIncomeExpensesNet": -78800000,
    "incomeBeforeTax": 191900000,
    "incomeBeforeTaxRatio": 0.060693276,
    "incomeTaxExpense": -200000,
    "netIncome": 189700000,
    "netIncomeRatio": 0.0599974698,
    "eps": 0.44,
    "epsdiluted": 0.44,
    "weightedAverageShsOut": 439500000,
    "weightedAverageShsOutDil": 443500000,
    "link": "https://www.sec.gov/Archives/edgar/data/1097864/000119312515069358/0001193125-15-069358-index.htm",
    "finalLink": "https://www.sec.gov/Archives/edgar/data/1097864/000119312515069358/d875301d10k.htm"
  },
  {
    "date": "2013-12-31",
    "symbol": "ON",
    "reportedCurrency": "USD",
    "cik": "0001097864",
    "fillingDate": "2014-02-21",
    "acceptedDate": "2014-02-21 13:14:42",
    "calendarYear": "2013",
    "period": "FY",
    "revenue": 2782700000,
    "costOfRevenue": 1890900000,
    "grossProfit": 891800000,
    "grossProfitRatio": 0.3204801092,
    "researchAndDevelopmentExpenses": 334200000,
    "generalAndAdministrativeExpenses": 0,
    "sellingAndMarketingExpenses": 0,
    "sellingGeneralAndAdministrativeExpenses": 315300000,
    "otherExpenses": -4400000,
    "operatingExpenses": 653900000,
    "costAndExpenses": 2544800000,
    "interestIncome": 1300000,
    "interestExpense": 38600000,
    "depreciationAndAmortization": 211800000,
    "ebitda": 431300000,
    "ebitdaratio": 0.1549933518,
    "operatingIncome": 237900000,
    "operatingIncomeRatio": 0.0854925073,
    "totalOtherIncomeExpensesNet": -57000000,
    "incomeBeforeTax": 170000000,
    "incomeBeforeTaxRatio": 0.0610917454,
    "incomeTaxExpense": 13700000,
    "netIncome": 150400000,
    "netIncomeRatio": 0.0540482265,
    "eps": 0.37,
    "epsdiluted": 0.36,
    "weightedAverageShsOut": 447900000,
    "weightedAverageShsOutDil": 450700000,
    "link": "https://www.sec.gov/Archives/edgar/data/1097864/000119312514062363/0001193125-14-062363-index.htm",
    "finalLink": "https://www.sec.gov/Archives/edgar/data/1097864/000119312514062363/d675717d10k.htm"
  },
  {
    "date": "2012-12-31",
    "symbol": "ON",
    "reportedCurrency": "USD",
    "cik": "0001097864",
    "fillingDate": "2013-02-26",
    "acceptedDate": "2013-02-26 16:02:28",
    "calendarYear": "2012",
    "period": "FY",
    "revenue": 2894900000,
    "costOfRevenue": 1995700000,
    "grossProfit": 899200000,
    "grossProfitRatio": 0.3106152199,
    "researchAndDevelopmentExpenses": 367500000,
    "generalAndAdministrativeExpenses": 0,
    "sellingAndMarketingExpenses": 0,
    "sellingGeneralAndAdministrativeExpenses": 341500000,
    "otherExpenses": -8100000,
    "operatingExpenses": 717100000,
    "costAndExpenses": 2712800000,
    "interestIncome": 1500000,
    "interestExpense": 56100000,
    "depreciationAndAmortization": 243600000,
    "ebitda": 226800000,
    "ebitdaratio": 0.0783446751,
    "operatingIncome": 182100000,
    "operatingIncomeRatio": 0.0629037272,
    "totalOtherIncomeExpensesNet": -255000000,
    "incomeBeforeTax": -76900000,
    "incomeBeforeTaxRatio": -0.0265639573,
    "incomeTaxExpense": 13400000,
    "netIncome": -90600000,
    "netIncomeRatio": -0.0312964178,
    "eps": -0.2,
    "epsdiluted": -0.2,
    "weightedAverageShsOut": 452600000,
    "weightedAverageShsOutDil": 452600000,
    "link": "https://www.sec.gov/Archives/edgar/data/1097864/000119312513076823/0001193125-13-076823-index.htm",
    "finalLink": "https://www.sec.gov/Archives/edgar/data/1097864/000119312513076823/d476644d10k.htm"
  },
  {
    "date": "2011-12-31",
    "symbol": "ON",
    "reportedCurrency": "USD",
    "cik": "0001097864",
    "fillingDate": "2012-02-22",
    "acceptedDate": "2012-02-22 14:18:07",
    "calendarYear": "2011",
    "period": "FY",
    "revenue": 3442300000,
    "costOfRevenue": 2476200000,
    "grossProfit": 966100000,
    "grossProfitRatio": 0.2806553758,
    "researchAndDevelopmentExpenses": 362500000,
    "generalAndAdministrativeExpenses": 0,
    "sellingAndMarketingExpenses": 0,
    "sellingGeneralAndAdministrativeExpenses": 387500000,
    "otherExpenses": 0,
    "operatingExpenses": 750000000,
    "costAndExpenses": 3226200000,
    "interestIncome": 1100000,
    "interestExpense": 68900000,
    "depreciationAndAmortization": 229400000,
    "ebitda": 336100000,
    "ebitdaratio": 0.097638207,
    "operatingIncome": 216100000,
    "operatingIncomeRatio": 0.0627777939,
    "totalOtherIncomeExpensesNet": -178300000,
    "incomeBeforeTax": 37800000,
    "incomeBeforeTaxRatio": 0.0109810301,
    "incomeTaxExpense": 22900000,
    "netIncome": 11600000,
    "netIncomeRatio": 0.0033698399,
    "eps": 0.03,
    "epsdiluted": 0.03,
    "weightedAverageShsOut": 446700000,
    "weightedAverageShsOutDil": 457200000,
    "link": "https://www.sec.gov/Archives/edgar/data/1097864/000119312512072371/0001193125-12-072371-index.htm",
    "finalLink": "https://www.sec.gov/Archives/edgar/data/1097864/000119312512072371/d263194d10k.htm"
  },
  {
    "date": "2010-12-31",
    "symbol": "ON",
    "reportedCurrency": "USD",
    "cik": "0001097864",
    "fillingDate": "2011-02-24",
    "acceptedDate": "2011-02-24 15:26:00",
    "calendarYear": "2010",
    "period": "FY",
    "revenue": 2313400000,
    "costOfRevenue": 1389100000,
    "grossProfit": 924300000,
    "grossProfitRatio": 0.3995417999,
    "researchAndDevelopmentExpenses": 248000000,
    "generalAndAdministrativeExpenses": 0,
    "sellingAndMarketingExpenses": 0,
    "sellingGeneralAndAdministrativeExpenses": 275500000,
    "otherExpenses": 0,
    "operatingExpenses": 523500000,
    "costAndExpenses": 1912600000,
    "interestIncome": 500000,
    "interestExpense": 61400000,
    "depreciationAndAmortization": 166900000,
    "ebitda": 534000000,
    "ebitdaratio": 0.2308290827,
    "operatingIncome": 400800000,
    "operatingIncomeRatio": 0.1732514913,
    "totalOtherIncomeExpensesNet": -95100000,
    "incomeBeforeTax": 305700000,
    "incomeBeforeTaxRatio": 0.1321431659,
    "incomeTaxExpense": 12800000,
    "netIncome": 290500000,
    "netIncomeRatio": 0.1255727501,
    "eps": 0.67,
    "epsdiluted": 0.65,
    "weightedAverageShsOut": 431000000,
    "weightedAverageShsOutDil": 444400000,
    "link": "https://www.sec.gov/Archives/edgar/data/1097864/000119312511045204/0001193125-11-045204-index.htm",
    "finalLink": "https://www.sec.gov/Archives/edgar/data/1097864/000119312511045204/d10k.htm"
  },
  {
    "date": "2009-12-31",
    "symbol": "ON",
    "reportedCurrency": "USD",
    "cik": "0001097864",
    "fillingDate": "2010-02-25",
    "acceptedDate": "2010-02-25 14:08:58",
    "calendarYear": "2009",
    "period": "FY",
    "revenue": 1768900000,
    "costOfRevenue": 1177200000,
    "grossProfit": 591700000,
    "grossProfitRatio": 0.3345016677,
    "researchAndDevelopmentExpenses": 198800000,
    "generalAndAdministrativeExpenses": 0,
    "sellingAndMarketingExpenses": 0,
    "sellingGeneralAndAdministrativeExpenses": 225400000,
    "otherExpenses": 0,
    "operatingExpenses": 424200000,
    "costAndExpenses": 1601400000,
    "interestIncome": 800000,
    "interestExpense": 64600000,
    "depreciationAndAmortization": 155600000,
    "ebitda": 291200000,
    "ebitdaratio": 0.1646220815,
    "operatingIncome": 167500000,
    "operatingIncomeRatio": 0.0946916163,
    "totalOtherIncomeExpensesNet": -96500000,
    "incomeBeforeTax": 71000000,
    "incomeBeforeTaxRatio": 0.0401379388,
    "incomeTaxExpense": 7700000,
    "netIncome": 61000000,
    "netIncomeRatio": 0.034484708,
    "eps": 0.14,
    "epsdiluted": 0.14,
    "weightedAverageShsOut": 420800000,
    "weightedAverageShsOutDil": 438100000,
    "link": "https://www.sec.gov/Archives/edgar/data/1097864/000119312510040363/0001193125-10-040363-index.htm",
    "finalLink": "https://www.sec.gov/Archives/edgar/data/1097864/000119312510040363/d10k.htm"
  },
  {
    "date": "2008-12-31",
    "symbol": "ON",
    "reportedCurrency": "USD",
    "cik": "0001097864",
    "fillingDate": "2009-02-27",
    "acceptedDate": "2009-02-27 15:42:36",
    "calendarYear": "2008",
    "period": "FY",
    "revenue": 2054800000,
    "costOfRevenue": 1332200000,
    "grossProfit": 722600000,
    "grossProfitRatio": 0.3516643956,
    "researchAndDevelopmentExpenses": 233900000,
    "generalAndAdministrativeExpenses": 0,
    "sellingAndMarketingExpenses": 0,
    "sellingGeneralAndAdministrativeExpenses": 256800000,
    "otherExpenses": 0,
    "operatingExpenses": 490700000,
    "costAndExpenses": 1822900000,
    "interestIncome": 6900000,
    "interestExpense": 38300000,
    "depreciationAndAmortization": 142100000,
    "ebitda": -208800000,
    "ebitdaratio": -0.101615729,
    "operatingIncome": 231900000,
    "operatingIncomeRatio": 0.112857699,
    "totalOtherIncomeExpensesNet": -621100000,
    "incomeBeforeTax": -438000000,
    "incomeBeforeTaxRatio": -0.2131594316,
    "incomeTaxExpense": -9400000,
    "netIncome": -393000000,
    "netIncomeRatio": -0.19125949,
    "eps": -1.04,
    "epsdiluted": -1.04,
    "weightedAverageShsOut": 379000000,
    "weightedAverageShsOutDil": 379000000,
    "link": "https://www.sec.gov/Archives/edgar/data/1097864/000119312509040877/0001193125-09-040877-index.htm",
    "finalLink": "https://www.sec.gov/Archives/edgar/data/1097864/000119312509040877/d10k.htm"
  },
  {
    "date": "2007-12-31",
    "symbol": "ON",
    "reportedCurrency": "USD",
    "cik": "0001097864",
    "fillingDate": "2008-02-12",
    "acceptedDate": "2008-02-12 06:17:16",
    "calendarYear": "2007",
    "period": "FY",
    "revenue": 1566200000,
    "costOfRevenue": 975700000,
    "grossProfit": 590500000,
    "grossProfitRatio": 0.3770271996,
    "researchAndDevelopmentExpenses": 133000000,
    "generalAndAdministrativeExpenses": 0,
    "sellingAndMarketingExpenses": 0,
    "sellingGeneralAndAdministrativeExpenses": 177300000,
    "otherExpenses": 0,
    "operatingExpenses": 310300000,
    "costAndExpenses": 1286000000,
    "interestIncome": 13000000,
    "interestExpense": 38800000,
    "depreciationAndAmortization": 92800000,
    "ebitda": 382900000,
    "ebitdaratio": 0.2444770783,
    "operatingIncome": 280200000,
    "operatingIncomeRatio": 0.1789043545,
    "totalOtherIncomeExpensesNet": -28900000,
    "incomeBeforeTax": 251300000,
    "incomeBeforeTaxRatio": 0.1604520495,
    "incomeTaxExpense": 7700000,
    "netIncome": 242200000,
    "netIncomeRatio": 0.1546418082,
    "eps": 0.83,
    "epsdiluted": 0.8,
    "weightedAverageShsOut": 290800000,
    "weightedAverageShsOutDil": 301200000,
    "link": "https://www.sec.gov/Archives/edgar/data/1097864/000119312508026462/0001193125-08-026462-index.htm",
    "finalLink": "https://www.sec.gov/Archives/edgar/data/1097864/000119312508026462/d10k.htm"
  },
  {
    "date": "2006-12-31",
    "symbol": "ON",
    "reportedCurrency": "USD",
    "cik": "0001097864",
    "fillingDate": "2007-02-23",
    "acceptedDate": "2007-02-23 13:05:21",
    "calendarYear": "2006",
    "period": "FY",
    "revenue": 1531800000,
    "costOfRevenue": 942800000,
    "grossProfit": 589000000,
    "grossProfitRatio": 0.3845149497,
    "researchAndDevelopmentExpenses": 101200000,
    "generalAndAdministrativeExpenses": 0,
    "sellingAndMarketingExpenses": 0,
    "sellingGeneralAndAdministrativeExpenses": 177700000,
    "otherExpenses": 0,
    "operatingExpenses": 278900000,
    "costAndExpenses": 1221700000,
    "interestIncome": 0,
    "interestExpense": 0,
    "depreciationAndAmortization": 84200000,
    "ebitda": 409400000,
    "ebitdaratio": 0.2672672673,
    "operatingIncome": 310100000,
    "operatingIncomeRatio": 0.202441572,
    "totalOtherIncomeExpensesNet": -33900000,
    "incomeBeforeTax": 276200000,
    "incomeBeforeTaxRatio": 0.1803107455,
    "incomeTaxExpense": 900000,
    "netIncome": 272100000,
    "netIncomeRatio": 0.1776341559,
    "eps": 0.85,
    "epsdiluted": 0.8,
    "weightedAverageShsOut": 319800000,
    "weightedAverageShsOutDil": 342100000,
    "link": "https://www.sec.gov/Archives/edgar/data/1097864/000119312507038100/0001193125-07-038100-index.htm",
    "finalLink": "https://www.sec.gov/Archives/edgar/data/1097864/000119312507038100/d10k.htm"
  },
  {
    "date": "2005-12-31",
    "symbol": "ON",
    "reportedCurrency": "USD",
    "cik": "0001097864",
    "fillingDate": "2006-02-22",
    "acceptedDate": "2006-02-22 14:28:43",
    "calendarYear": "2005",
    "period": "FY",
    "revenue": 1260600000,
    "costOfRevenue": 842100000,
    "grossProfit": 418500000,
    "grossProfitRatio": 0.3319847692,
    "researchAndDevelopmentExpenses": 93700000,
    "generalAndAdministrativeExpenses": 0,
    "sellingAndMarketingExpenses": 0,
    "sellingGeneralAndAdministrativeExpenses": 153900000,
    "otherExpenses": 0,
    "operatingExpenses": 247600000,
    "costAndExpenses": 1089700000,
    "interestIncome": 0,
    "interestExpense": 0,
    "depreciationAndAmortization": 100700000,
    "ebitda": 269100000,
    "ebitdaratio": 0.2134697763,
    "operatingIncome": 170900000,
    "operatingIncomeRatio": 0.1355703633,
    "totalOtherIncomeExpensesNet": -62300000,
    "incomeBeforeTax": 108600000,
    "incomeBeforeTaxRatio": 0.0861494526,
    "incomeTaxExpense": 1500000,
    "netIncome": 100600000,
    "netIncomeRatio": 0.0798032683,
    "eps": 0.24,
    "epsdiluted": 0.21,
    "weightedAverageShsOut": 263300000,
    "weightedAverageShsOutDil": 296800000,
    "link": "https://www.sec.gov/Archives/edgar/data/1097864/000119312506036587/0001193125-06-036587-index.htm",
    "finalLink": "https://www.sec.gov/Archives/edgar/data/1097864/000119312506036587/d10k.htm"
  },
  {
    "date": "2004-12-31",
    "symbol": "ON",
    "reportedCurrency": "USD",
    "cik": "0001097864",
    "fillingDate": "2005-03-31",
    "acceptedDate": "2005-03-31 13:57:52",
    "calendarYear": "2004",
    "period": "FY",
    "revenue": 1266900000,
    "costOfRevenue": 857000000,
    "grossProfit": 409900000,
    "grossProfitRatio": 0.3235456626,
    "researchAndDevelopmentExpenses": 94400000,
    "generalAndAdministrativeExpenses": 0,
    "sellingAndMarketingExpenses": 0,
    "sellingGeneralAndAdministrativeExpenses": 146000000,
    "otherExpenses": 0,
    "operatingExpenses": 240400000,
    "costAndExpenses": 1097400000,
    "interestIncome": 0,
    "interestExpense": 0,
    "depreciationAndAmortization": 109400000,
    "ebitda": 90300000,
    "ebitdaratio": 0.0712763438,
    "operatingIncome": 169500000,
    "operatingIncomeRatio": 0.1337911437,
    "totalOtherIncomeExpensesNet": -282500000,
    "incomeBeforeTax": -113000000,
    "incomeBeforeTaxRatio": -0.0891940958,
    "incomeTaxExpense": 7400000,
    "netIncome": -123700000,
    "netIncomeRatio": -0.0976399084,
    "eps": -0.5,
    "epsdiluted": -0.5,
    "weightedAverageShsOut": 247800000,
    "weightedAverageShsOutDil": 247800000,
    "link": "https://www.sec.gov/Archives/edgar/data/1097864/000119312505066747/0001193125-05-066747-index.htm",
    "finalLink": "https://www.sec.gov/Archives/edgar/data/1097864/000119312505066747/d10k.htm"
  },
  {
    "date": "2003-12-31",
    "symbol": "ON",
    "reportedCurrency": "USD",
    "cik": "0001097864",
    "fillingDate": "2004-03-22",
    "acceptedDate": "2004-03-22 15:27:01",
    "calendarYear": "2003",
    "period": "FY",
    "revenue": 1069100000,
    "costOfRevenue": 768100000,
    "grossProfit": 301000000,
    "grossProfitRatio": 0.281545225,
    "researchAndDevelopmentExpenses": 85500000,
    "generalAndAdministrativeExpenses": 0,
    "sellingAndMarketingExpenses": 0,
    "sellingGeneralAndAdministrativeExpenses": 127900000,
    "otherExpenses": 5900000,
    "operatingExpenses": 219300000,
    "costAndExpenses": 987400000,
    "interestIncome": 0,
    "interestExpense": 0,
    "depreciationAndAmortization": 136500000,
    "ebitda": 218200000,
    "ebitdaratio": 0.2040969039,
    "operatingIncome": 20500000,
    "operatingIncomeRatio": 0.019175007,
    "totalOtherIncomeExpensesNet": -156800000,
    "incomeBeforeTax": -136300000,
    "incomeBeforeTaxRatio": -0.1274904125,
    "incomeTaxExpense": 7700000,
    "netIncome": -166700000,
    "netIncomeRatio": -0.1559255449,
    "eps": -0.89,
    "epsdiluted": -0.89,
    "weightedAverageShsOut": 187400000,
    "weightedAverageShsOutDil": 187400000,
    "link": "https://www.sec.gov/Archives/edgar/data/1097864/000119312504046448/0001193125-04-046448-index.htm",
    "finalLink": "https://www.sec.gov/Archives/edgar/data/1097864/000119312504046448/d10ka.htm"
  },
  {
    "date": "2002-12-31",
    "symbol": "ON",
    "reportedCurrency": "USD",
    "cik": "0001097864",
    "fillingDate": "2003-03-25",
    "acceptedDate": "2003-03-24 20:50:45",
    "calendarYear": "2002",
    "period": "FY",
    "revenue": 1093700000,
    "costOfRevenue": 795600000,
    "grossProfit": 298100000,
    "grossProfitRatio": 0.2725610314,
    "researchAndDevelopmentExpenses": 81500000,
    "generalAndAdministrativeExpenses": 0,
    "sellingAndMarketingExpenses": 0,
    "sellingGeneralAndAdministrativeExpenses": 150000000,
    "otherExpenses": 11900000,
    "operatingExpenses": 243400000,
    "costAndExpenses": 1039000000,
    "interestIncome": 0,
    "interestExpense": 0,
    "depreciationAndAmortization": 156100000,
    "ebitda": 210800000,
    "ebitdaratio": 0.1927402396,
    "operatingIncome": 27000000,
    "operatingIncomeRatio": 0.0246868428,
    "totalOtherIncomeExpensesNet": -156600000,
    "incomeBeforeTax": -129600000,
    "incomeBeforeTaxRatio": -0.1184968456,
    "incomeTaxExpense": 8800000,
    "netIncome": -141900000,
    "netIncomeRatio": -0.129743074,
    "eps": -0.81,
    "epsdiluted": -0.81,
    "weightedAverageShsOut": 175600000,
    "weightedAverageShsOutDil": 175600000,
    "link": "https://www.sec.gov/Archives/edgar/data/1097864/000095015303000532/0000950153-03-000532-index.htm",
    "finalLink": "https://www.sec.gov/Archives/edgar/data/1097864/000095015303000532/p67558e10vk.htm"
  },
  {
    "date": "2001-12-31",
    "symbol": "ON",
    "reportedCurrency": "USD",
    "cik": "0001097864",
    "fillingDate": "2002-03-29",
    "acceptedDate": "2002-03-29 00:00:00",
    "calendarYear": "2001",
    "period": "FY",
    "revenue": 1223200000,
    "costOfRevenue": 997700000,
    "grossProfit": 225500000,
    "grossProfitRatio": 0.184352518,
    "researchAndDevelopmentExpenses": 94500000,
    "generalAndAdministrativeExpenses": 0,
    "sellingAndMarketingExpenses": 0,
    "sellingGeneralAndAdministrativeExpenses": 190300000,
    "otherExpenses": 22600000,
    "operatingExpenses": 307400000,
    "costAndExpenses": 1305100000,
    "interestIncome": 0,
    "interestExpense": 0,
    "depreciationAndAmortization": 183100000,
    "ebitda": 101200000,
    "ebitdaratio": 0.0827338129,
    "operatingIncome": -232300000,
    "operatingIncomeRatio": -0.189911707,
    "totalOtherIncomeExpensesNet": -136500000,
    "incomeBeforeTax": -368800000,
    "incomeBeforeTaxRatio": -0.3015042511,
    "incomeTaxExpense": 345700000,
    "netIncome": -831400000,
    "netIncomeRatio": -0.6796926095,
    "eps": -4.79,
    "epsdiluted": -4.79,
    "weightedAverageShsOut": 173400000,
    "weightedAverageShsOutDil": 173400000,
    "link": "https://www.sec.gov/Archives/edgar/data/1097864/000095015302000606/0000950153-02-000606-index.htm",
    "finalLink": "https://www.sec.gov/Archives/edgar/data/1097864/000095015302000606/p66274e10-k405.htm"
  },
  {
    "date": "2000-12-31",
    "symbol": "ON",
    "reportedCurrency": "USD",
    "cik": "0001097864",
    "fillingDate": "2001-03-30",
    "acceptedDate": "2001-03-30 00:00:00",
    "calendarYear": "2000",
    "period": "FY",
    "revenue": 2073900000,
    "costOfRevenue": 1355000000,
    "grossProfit": 718900000,
    "grossProfitRatio": 0.3466415931,
    "researchAndDevelopmentExpenses": 69200000,
    "generalAndAdministrativeExpenses": 233400000,
    "sellingAndMarketingExpenses": 100100000,
    "sellingGeneralAndAdministrativeExpenses": 333500000,
    "otherExpenses": 16800000,
    "operatingExpenses": 419500000,
    "costAndExpenses": 1774500000,
    "interestIncome": 0,
    "interestExpense": 131200000,
    "depreciationAndAmortization": 165000000,
    "ebitda": 464400000,
    "ebitdaratio": 0.2239259366,
    "operatingIncome": 267700000,
    "operatingIncomeRatio": 0.1290804764,
    "totalOtherIncomeExpensesNet": -129000000,
    "incomeBeforeTax": 138700000,
    "incomeBeforeTaxRatio": 0.0668788273,
    "incomeTaxExpense": 50100000,
    "netIncome": 71100000,
    "netIncomeRatio": 0.0342832345,
    "eps": 0.36,
    "epsdiluted": 0.36,
    "weightedAverageShsOut": 156100000,
    "weightedAverageShsOutDil": 163421053,
    "link": "https://www.sec.gov/Archives/edgar/data/1097864/000095015301500189/0000950153-01-500189-index.htm",
    "finalLink": "https://www.sec.gov/Archives/edgar/data/1097864/000095015301500189/p64753e10-k.htm"
  }
]