[
  {
    "date": "2025-08-31",
    "symbol": "ORCL",
    "reportedCurrency": "USD",
    "cik": "0001341439",
    "fillingDate": "2025-09-10",
    "acceptedDate": "2025-09-10 16:11:23",
    "calendarYear": "2026",
    "period": "Q1",
    "revenue": 14926000000,
    "costOfRevenue": 4884000000,
    "grossProfit": 10042000000,
    "grossProfitRatio": 0.672785743,
    "researchAndDevelopmentExpenses": 2491000000,
    "generalAndAdministrativeExpenses": 376000000,
    "sellingAndMarketingExpenses": 2063000000,
    "sellingGeneralAndAdministrativeExpenses": 2439000000,
    "otherExpenses": 835000000,
    "operatingExpenses": 5765000000,
    "costAndExpenses": 10649000000,
    "interestIncome": 73000000,
    "interestExpense": 923000000,
    "depreciationAndAmortization": 420000000,
    "ebitda": 4697000000,
    "ebitdaratio": 0.3146857832,
    "operatingIncome": 4277000000,
    "operatingIncomeRatio": 0.286546965,
    "totalOtherIncomeExpensesNet": -850000000,
    "incomeBeforeTax": 3427000000,
    "incomeBeforeTaxRatio": 0.2295993568,
    "incomeTaxExpense": 500000000,
    "netIncome": 2927000000,
    "netIncomeRatio": 0.1961007638,
    "eps": 1.04,
    "epsdiluted": 1.01,
    "weightedAverageShsOut": 2826000000,
    "weightedAverageShsOutDil": 2909000000,
    "link": "https://www.sec.gov/Archives/edgar/data/1341439/000119312525200095/0001193125-25-200095-index.htm",
    "finalLink": "https://www.sec.gov/Archives/edgar/data/1341439/000119312525200095/orcl-20250831.htm"
  },
  {
    "date": "2025-05-31",
    "symbol": "ORCL",
    "reportedCurrency": "USD",
    "cik": "0001341439",
    "fillingDate": "2025-06-18",
    "acceptedDate": "2025-06-18 16:31:22",
    "calendarYear": "2025",
    "period": "Q4",
    "revenue": 15903000000,
    "costOfRevenue": 4740000000,
    "grossProfit": 11162000000,
    "grossProfitRatio": 0.7018801484,
    "researchAndDevelopmentExpenses": 2654000000,
    "generalAndAdministrativeExpenses": 467000000,
    "sellingAndMarketingExpenses": 2306000000,
    "sellingGeneralAndAdministrativeExpenses": 2773000000,
    "otherExpenses": 626000000,
    "operatingExpenses": 6053000000,
    "costAndExpenses": 10794000000,
    "interestIncome": 160000000,
    "interestExpense": 978000000,
    "depreciationAndAmortization": 1696000000,
    "ebitda": 6826000000,
    "ebitdaratio": 0.4292271898,
    "operatingIncome": 5109000000,
    "operatingIncomeRatio": 0.3212601396,
    "totalOtherIncomeExpensesNet": -958000000,
    "incomeBeforeTax": 4151000000,
    "incomeBeforeTaxRatio": 0.2610199333,
    "incomeTaxExpense": 724000000,
    "netIncome": 3427000000,
    "netIncomeRatio": 0.215493932,
    "eps": 1.22,
    "epsdiluted": 1.19,
    "weightedAverageShsOut": 2805000000,
    "weightedAverageShsOutDil": 2871000000,
    "link": "https://www.sec.gov/Archives/edgar/data/1341439/000095017025087926/0000950170-25-087926-index.htm",
    "finalLink": "https://www.sec.gov/Archives/edgar/data/1341439/000095017025087926/orcl-20250531.htm"
  },
  {
    "date": "2025-02-28",
    "symbol": "ORCL",
    "reportedCurrency": "USD",
    "cik": "0001341439",
    "fillingDate": "2025-03-11",
    "acceptedDate": "2025-03-11 16:11:43",
    "calendarYear": "2025",
    "period": "Q3",
    "revenue": 14130000000,
    "costOfRevenue": 4195000000,
    "grossProfit": 9935000000,
    "grossProfitRatio": 0.703113942,
    "researchAndDevelopmentExpenses": 2429000000,
    "generalAndAdministrativeExpenses": 390000000,
    "sellingAndMarketingExpenses": 2119000000,
    "sellingGeneralAndAdministrativeExpenses": 2509000000,
    "otherExpenses": 639000000,
    "operatingExpenses": 5577000000,
    "costAndExpenses": 9772000000,
    "interestIncome": 135000000,
    "interestExpense": 892000000,
    "depreciationAndAmortization": 1551000000,
    "ebitda": 5891000000,
    "ebitdaratio": 0.4169143666,
    "operatingIncome": 4358000000,
    "operatingIncomeRatio": 0.3084217976,
    "totalOtherIncomeExpensesNet": -910000000,
    "incomeBeforeTax": 3448000000,
    "incomeBeforeTaxRatio": 0.244019816,
    "incomeTaxExpense": 512000000,
    "netIncome": 2936000000,
    "netIncomeRatio": 0.2077848549,
    "eps": 1.05,
    "epsdiluted": 1.02,
    "weightedAverageShsOut": 2799000000,
    "weightedAverageShsOutDil": 2874000000,
    "link": "https://www.sec.gov/Archives/edgar/data/1341439/000095017025037143/0000950170-25-037143-index.htm",
    "finalLink": "https://www.sec.gov/Archives/edgar/data/1341439/000095017025037143/orcl-20250228.htm"
  },
  {
    "date": "2024-11-30",
    "symbol": "ORCL",
    "reportedCurrency": "USD",
    "cik": "0001341439",
    "fillingDate": "2024-12-10",
    "acceptedDate": "2024-12-10 16:11:21",
    "calendarYear": "2025",
    "period": "Q2",
    "revenue": 14059000000,
    "costOfRevenue": 4085000000,
    "grossProfit": 9974000000,
    "grossProfitRatio": 0.7094387937,
    "researchAndDevelopmentExpenses": 2471000000,
    "generalAndAdministrativeExpenses": 387000000,
    "sellingAndMarketingExpenses": 2190000000,
    "sellingGeneralAndAdministrativeExpenses": 2577000000,
    "otherExpenses": 706000000,
    "operatingExpenses": 5754000000,
    "costAndExpenses": 9839000000,
    "interestIncome": 149000000,
    "interestExpense": 866000000,
    "depreciationAndAmortization": 1499000000,
    "ebitda": 5755000000,
    "ebitdaratio": 0.4093463262,
    "operatingIncome": 4220000000,
    "operatingIncomeRatio": 0.3001635963,
    "totalOtherIncomeExpensesNet": -830000000,
    "incomeBeforeTax": 3390000000,
    "incomeBeforeTaxRatio": 0.2411266804,
    "incomeTaxExpense": 239000000,
    "netIncome": 3151000000,
    "netIncomeRatio": 0.2241268938,
    "eps": 1.13,
    "epsdiluted": 1.1,
    "weightedAverageShsOut": 2790000000,
    "weightedAverageShsOutDil": 2869000000,
    "link": "https://www.sec.gov/Archives/edgar/data/1341439/000095017024134973/0000950170-24-134973-index.htm",
    "finalLink": "https://www.sec.gov/Archives/edgar/data/1341439/000095017024134973/orcl-20241130.htm"
  },
  {
    "date": "2024-08-31",
    "symbol": "ORCL",
    "reportedCurrency": "USD",
    "cik": "0001341439",
    "fillingDate": "2024-09-10",
    "acceptedDate": "2024-09-10 06:05:11",
    "calendarYear": "2025",
    "period": "Q1",
    "revenue": 13307000000,
    "costOfRevenue": 3906000000,
    "grossProfit": 9401000000,
    "grossProfitRatio": 0.7064702788,
    "researchAndDevelopmentExpenses": 2306000000,
    "generalAndAdministrativeExpenses": 358000000,
    "sellingAndMarketingExpenses": 2036000000,
    "sellingGeneralAndAdministrativeExpenses": 2394000000,
    "otherExpenses": 710000000,
    "operatingExpenses": 5410000000,
    "costAndExpenses": 9316000000,
    "interestIncome": 133000000,
    "interestExpense": 842000000,
    "depreciationAndAmortization": 1428000000,
    "ebitda": 5439000000,
    "ebitdaratio": 0.4087322462,
    "operatingIncome": 3991000000,
    "operatingIncomeRatio": 0.2999173367,
    "totalOtherIncomeExpensesNet": -822000000,
    "incomeBeforeTax": 3169000000,
    "incomeBeforeTaxRatio": 0.238145337,
    "incomeTaxExpense": 240000000,
    "netIncome": 2929000000,
    "netIncomeRatio": 0.2201097167,
    "eps": 1.06,
    "epsdiluted": 1.03,
    "weightedAverageShsOut": 2761000000,
    "weightedAverageShsOutDil": 2851000000,
    "link": "https://www.sec.gov/Archives/edgar/data/1341439/000095017024104905/0000950170-24-104905-index.htm",
    "finalLink": "https://www.sec.gov/Archives/edgar/data/1341439/000095017024104905/orcl-20240831.htm"
  },
  {
    "date": "2024-05-31",
    "symbol": "ORCL",
    "reportedCurrency": "USD",
    "cik": "0001341439",
    "fillingDate": "2024-06-20",
    "acceptedDate": "2024-06-20 16:21:35",
    "calendarYear": "2024",
    "period": "Q4",
    "revenue": 14287000000,
    "costOfRevenue": 3924000000,
    "grossProfit": 10363000000,
    "grossProfitRatio": 0.725344719,
    "researchAndDevelopmentExpenses": 2226000000,
    "generalAndAdministrativeExpenses": 402000000,
    "sellingAndMarketingExpenses": 2113000000,
    "sellingGeneralAndAdministrativeExpenses": 2515000000,
    "otherExpenses": 936000000,
    "operatingExpenses": 5677000000,
    "costAndExpenses": 9601000000,
    "interestIncome": 71000000,
    "interestExpense": 878000000,
    "depreciationAndAmortization": 1554000000,
    "ebitda": 6214000000,
    "ebitdaratio": 0.4349408553,
    "operatingIncome": 4686000000,
    "operatingIncomeRatio": 0.3279904809,
    "totalOtherIncomeExpensesNet": -904000000,
    "incomeBeforeTax": 3782000000,
    "incomeBeforeTaxRatio": 0.2647161755,
    "incomeTaxExpense": 639000000,
    "netIncome": 3144000000,
    "netIncomeRatio": 0.2200601946,
    "eps": 1.14,
    "epsdiluted": 1.11,
    "weightedAverageShsOut": 2753000000,
    "weightedAverageShsOutDil": 2834000000,
    "link": "https://www.sec.gov/Archives/edgar/data/1341439/000095017024075605/0000950170-24-075605-index.htm",
    "finalLink": "https://www.sec.gov/Archives/edgar/data/1341439/000095017024075605/orcl-20240531.htm"
  },
  {
    "date": "2024-02-29",
    "symbol": "ORCL",
    "reportedCurrency": "USD",
    "cik": "0001341439",
    "fillingDate": "2024-03-12",
    "acceptedDate": "2024-03-12 16:05:03",
    "calendarYear": "2024",
    "period": "Q3",
    "revenue": 13280000000,
    "costOfRevenue": 3869000000,
    "grossProfit": 9411000000,
    "grossProfitRatio": 0.7086596386,
    "researchAndDevelopmentExpenses": 2248000000,
    "generalAndAdministrativeExpenses": 377000000,
    "sellingAndMarketingExpenses": 2042000000,
    "sellingGeneralAndAdministrativeExpenses": 2419000000,
    "otherExpenses": 994000000,
    "operatingExpenses": 5661000000,
    "costAndExpenses": 9530000000,
    "interestIncome": 111000000,
    "interestExpense": 876000000,
    "depreciationAndAmortization": 1557000000,
    "ebitda": 5298000000,
    "ebitdaratio": 0.3989457831,
    "operatingIncome": 3750000000,
    "operatingIncomeRatio": 0.2823795181,
    "totalOtherIncomeExpensesNet": -885000000,
    "incomeBeforeTax": 2865000000,
    "incomeBeforeTaxRatio": 0.2157379518,
    "incomeTaxExpense": 464000000,
    "netIncome": 2401000000,
    "netIncomeRatio": 0.1807981928,
    "eps": 0.87,
    "epsdiluted": 0.85,
    "weightedAverageShsOut": 2748000000,
    "weightedAverageShsOutDil": 2819000000,
    "link": "https://www.sec.gov/Archives/edgar/data/1341439/000095017024029904/0000950170-24-029904-index.htm",
    "finalLink": "https://www.sec.gov/Archives/edgar/data/1341439/000095017024029904/orcl-20240229.htm"
  },
  {
    "date": "2023-11-30",
    "symbol": "ORCL",
    "reportedCurrency": "USD",
    "cik": "0001341439",
    "fillingDate": "2023-12-12",
    "acceptedDate": "2023-12-12 16:04:41",
    "calendarYear": "2024",
    "period": "Q2",
    "revenue": 12941000000,
    "costOfRevenue": 3740000000,
    "grossProfit": 9201000000,
    "grossProfitRatio": 0.710996059,
    "researchAndDevelopmentExpenses": 2226000000,
    "generalAndAdministrativeExpenses": 375000000,
    "sellingAndMarketingExpenses": 2093000000,
    "sellingGeneralAndAdministrativeExpenses": 2468000000,
    "otherExpenses": 885000000,
    "operatingExpenses": 5579000000,
    "costAndExpenses": 9319000000,
    "interestIncome": 133000000,
    "interestExpense": 888000000,
    "depreciationAndAmortization": 1553000000,
    "ebitda": 5161000000,
    "ebitdaratio": 0.3988099838,
    "operatingIncome": 3622000000,
    "operatingIncomeRatio": 0.2798856348,
    "totalOtherIncomeExpensesNet": -902000000,
    "incomeBeforeTax": 2720000000,
    "incomeBeforeTaxRatio": 0.2101846843,
    "incomeTaxExpense": 217000000,
    "netIncome": 2503000000,
    "netIncomeRatio": 0.1934162739,
    "eps": 0.91,
    "epsdiluted": 0.89,
    "weightedAverageShsOut": 2746000000,
    "weightedAverageShsOutDil": 2817000000,
    "link": "https://www.sec.gov/Archives/edgar/data/1341439/000095017023069682/0000950170-23-069682-index.htm",
    "finalLink": "https://www.sec.gov/Archives/edgar/data/1341439/000095017023069682/orcl-20231130.htm"
  },
  {
    "date": "2023-08-31",
    "symbol": "ORCL",
    "reportedCurrency": "USD",
    "cik": "0001341439",
    "fillingDate": "2023-09-12",
    "acceptedDate": "2023-09-12 16:08:07",
    "calendarYear": "2024",
    "period": "Q1",
    "revenue": 12453000000,
    "costOfRevenue": 3610000000,
    "grossProfit": 8843000000,
    "grossProfitRatio": 0.7101100137,
    "researchAndDevelopmentExpenses": 2216000000,
    "generalAndAdministrativeExpenses": 393000000,
    "sellingAndMarketingExpenses": 2026000000,
    "sellingGeneralAndAdministrativeExpenses": 2419000000,
    "otherExpenses": 912000000,
    "operatingExpenses": 5547000000,
    "costAndExpenses": 9157000000,
    "interestIncome": 136000000,
    "interestExpense": 872000000,
    "depreciationAndAmortization": 1475000000,
    "ebitda": 4722000000,
    "ebitdaratio": 0.3791857384,
    "operatingIncome": 3296000000,
    "operatingIncomeRatio": 0.2646751787,
    "totalOtherIncomeExpensesNet": -921000000,
    "incomeBeforeTax": 2375000000,
    "incomeBeforeTaxRatio": 0.1907170963,
    "incomeTaxExpense": -45000000,
    "netIncome": 2420000000,
    "netIncomeRatio": 0.1943306834,
    "eps": 0.89,
    "epsdiluted": 0.86,
    "weightedAverageShsOut": 2728000000,
    "weightedAverageShsOutDil": 2823000000,
    "link": "https://www.sec.gov/Archives/edgar/data/1341439/000095017023047713/0000950170-23-047713-index.htm",
    "finalLink": "https://www.sec.gov/Archives/edgar/data/1341439/000095017023047713/orcl-20230831.htm"
  },
  {
    "date": "2023-05-31",
    "symbol": "ORCL",
    "reportedCurrency": "USD",
    "cik": "0001341439",
    "fillingDate": "2023-06-20",
    "acceptedDate": "2023-06-20 16:06:29",
    "calendarYear": "2023",
    "period": "Q4",
    "revenue": 13836000000,
    "costOfRevenue": 3730000000,
    "grossProfit": 10106000000,
    "grossProfitRatio": 0.7304134143,
    "researchAndDevelopmentExpenses": 2226000000,
    "generalAndAdministrativeExpenses": 400000000,
    "sellingAndMarketingExpenses": 2289000000,
    "sellingGeneralAndAdministrativeExpenses": 2689000000,
    "otherExpenses": 1051000000,
    "operatingExpenses": 5966000000,
    "costAndExpenses": 9696000000,
    "interestIncome": 105000000,
    "interestExpense": 955000000,
    "depreciationAndAmortization": 1586000000,
    "ebitda": 5650000000,
    "ebitdaratio": 0.4083550159,
    "operatingIncome": 4140000000,
    "operatingIncomeRatio": 0.2992194276,
    "totalOtherIncomeExpensesNet": -1031000000,
    "incomeBeforeTax": 3109000000,
    "incomeBeforeTaxRatio": 0.2247036716,
    "incomeTaxExpense": -210000000,
    "netIncome": 3319000000,
    "netIncomeRatio": 0.2398814686,
    "eps": 1.23,
    "epsdiluted": 1.19,
    "weightedAverageShsOut": 2707000000,
    "weightedAverageShsOutDil": 2796000000,
    "link": "https://www.sec.gov/Archives/edgar/data/1341439/000095017023028914/0000950170-23-028914-index.htm",
    "finalLink": "https://www.sec.gov/Archives/edgar/data/1341439/000095017023028914/orcl-20230531.htm"
  },
  {
    "date": "2023-02-28",
    "symbol": "ORCL",
    "reportedCurrency": "USD",
    "cik": "0001341439",
    "fillingDate": "2023-03-10",
    "acceptedDate": "2023-03-10 16:06:25",
    "calendarYear": "2023",
    "period": "Q3",
    "revenue": 12398000000,
    "costOfRevenue": 3439000000,
    "grossProfit": 8959000000,
    "grossProfitRatio": 0.7226165511,
    "researchAndDevelopmentExpenses": 2146000000,
    "generalAndAdministrativeExpenses": 402000000,
    "sellingAndMarketingExpenses": 2150000000,
    "sellingGeneralAndAdministrativeExpenses": 2552000000,
    "otherExpenses": 1001000000,
    "operatingExpenses": 5699000000,
    "costAndExpenses": 9138000000,
    "interestIncome": 90000000,
    "interestExpense": 907000000,
    "depreciationAndAmortization": 1558000000,
    "ebitda": 4684000000,
    "ebitdaratio": 0.3778028714,
    "operatingIncome": 3260000000,
    "operatingIncomeRatio": 0.2629456364,
    "totalOtherIncomeExpensesNet": -1042000000,
    "incomeBeforeTax": 2218000000,
    "incomeBeforeTaxRatio": 0.1788998226,
    "incomeTaxExpense": 322000000,
    "netIncome": 1896000000,
    "netIncomeRatio": 0.1529278916,
    "eps": 0.7,
    "epsdiluted": 0.68,
    "weightedAverageShsOut": 2698000000,
    "weightedAverageShsOutDil": 2776000000,
    "link": "https://www.sec.gov/Archives/edgar/data/1341439/000156459023003413/0001564590-23-003413-index.htm",
    "finalLink": "https://www.sec.gov/Archives/edgar/data/1341439/000156459023003413/orcl-10q_20230228.htm"
  },
  {
    "date": "2022-11-30",
    "symbol": "ORCL",
    "reportedCurrency": "USD",
    "cik": "0001341439",
    "fillingDate": "2022-12-13",
    "acceptedDate": "2022-12-13 16:07:10",
    "calendarYear": "2023",
    "period": "Q2",
    "revenue": 12275000000,
    "costOfRevenue": 3358000000,
    "grossProfit": 8917000000,
    "grossProfitRatio": 0.7264358452,
    "researchAndDevelopmentExpenses": 2158000000,
    "generalAndAdministrativeExpenses": 366000000,
    "sellingAndMarketingExpenses": 2216000000,
    "sellingGeneralAndAdministrativeExpenses": 2582000000,
    "otherExpenses": 1106000000,
    "operatingExpenses": 5846000000,
    "costAndExpenses": 9204000000,
    "interestIncome": 52000000,
    "interestExpense": 856000000,
    "depreciationAndAmortization": 1498000000,
    "ebitda": 4498000000,
    "ebitdaratio": 0.3664358452,
    "operatingIncome": 3071000000,
    "operatingIncomeRatio": 0.2501832994,
    "totalOtherIncomeExpensesNet": -927000000,
    "incomeBeforeTax": 2144000000,
    "incomeBeforeTaxRatio": 0.1746639511,
    "incomeTaxExpense": 403000000,
    "netIncome": 1741000000,
    "netIncomeRatio": 0.1418329939,
    "eps": 0.65,
    "epsdiluted": 0.63,
    "weightedAverageShsOut": 2695000000,
    "weightedAverageShsOutDil": 2746000000,
    "link": "https://www.sec.gov/Archives/edgar/data/1341439/000156459022039278/0001564590-22-039278-index.htm",
    "finalLink": "https://www.sec.gov/Archives/edgar/data/1341439/000156459022039278/orcl-10q_20221130.htm"
  },
  {
    "date": "2022-08-31",
    "symbol": "ORCL",
    "reportedCurrency": "USD",
    "cik": "0001341439",
    "fillingDate": "2022-09-13",
    "acceptedDate": "2022-09-13 16:12:07",
    "calendarYear": "2023",
    "period": "Q1",
    "revenue": 11445000000,
    "costOfRevenue": 3037000000,
    "grossProfit": 8408000000,
    "grossProfitRatio": 0.7346439493,
    "researchAndDevelopmentExpenses": 2093000000,
    "generalAndAdministrativeExpenses": 411000000,
    "sellingAndMarketingExpenses": 2177000000,
    "sellingGeneralAndAdministrativeExpenses": 2588000000,
    "otherExpenses": 1104000000,
    "operatingExpenses": 5785000000,
    "costAndExpenses": 8822000000,
    "interestIncome": 38000000,
    "interestExpense": 787000000,
    "depreciationAndAmortization": 1466000000,
    "ebitda": 3909000000,
    "ebitdaratio": 0.3415465269,
    "operatingIncome": 2623000000,
    "operatingIncomeRatio": 0.2291830494,
    "totalOtherIncomeExpensesNet": -967000000,
    "incomeBeforeTax": 1656000000,
    "incomeBeforeTaxRatio": 0.1446920052,
    "incomeTaxExpense": 108000000,
    "netIncome": 1548000000,
    "netIncomeRatio": 0.1352555701,
    "eps": 0.58,
    "epsdiluted": 0.56,
    "weightedAverageShsOut": 2685000000,
    "weightedAverageShsOutDil": 2747000000,
    "link": "https://www.sec.gov/Archives/edgar/data/1341439/000156459022031545/0001564590-22-031545-index.htm",
    "finalLink": "https://www.sec.gov/Archives/edgar/data/1341439/000156459022031545/orcl-10q_20220831.htm"
  },
  {
    "date": "2022-05-31",
    "symbol": "ORCL",
    "reportedCurrency": "USD",
    "cik": "0001341439",
    "fillingDate": "2022-06-21",
    "acceptedDate": "2022-06-21 08:04:37",
    "calendarYear": "2022",
    "period": "Q4",
    "revenue": 11840000000,
    "costOfRevenue": 2397000000,
    "grossProfit": 9444000000,
    "grossProfitRatio": 0.7976351351,
    "researchAndDevelopmentExpenses": 1965000000,
    "generalAndAdministrativeExpenses": 364000000,
    "sellingAndMarketingExpenses": 2238000000,
    "sellingGeneralAndAdministrativeExpenses": 2602000000,
    "otherExpenses": 376000000,
    "operatingExpenses": 4941000000,
    "costAndExpenses": 7338000000,
    "interestIncome": 38000000,
    "interestExpense": 704000000,
    "depreciationAndAmortization": 831000000,
    "ebitda": 5159000000,
    "ebitdaratio": 0.4357263514,
    "operatingIncome": 4503000000,
    "operatingIncomeRatio": 0.3803209459,
    "totalOtherIncomeExpensesNet": -878000000,
    "incomeBeforeTax": 3624000000,
    "incomeBeforeTaxRatio": 0.3060810811,
    "incomeTaxExpense": 435000000,
    "netIncome": 3189000000,
    "netIncomeRatio": 0.2693412162,
    "eps": 1.2,
    "epsdiluted": 1.16,
    "weightedAverageShsOut": 2667000000,
    "weightedAverageShsOutDil": 2742000000,
    "link": "https://www.sec.gov/Archives/edgar/data/1341439/000156459022023675/0001564590-22-023675-index.htm",
    "finalLink": "https://www.sec.gov/Archives/edgar/data/1341439/000156459022023675/orcl-10k_20220531.htm"
  },
  {
    "date": "2022-02-28",
    "symbol": "ORCL",
    "reportedCurrency": "USD",
    "cik": "0001341439",
    "fillingDate": "2022-03-11",
    "acceptedDate": "2022-03-11 16:14:54",
    "calendarYear": "2022",
    "period": "Q3",
    "revenue": 10513000000,
    "costOfRevenue": 2218000000,
    "grossProfit": 8295000000,
    "grossProfitRatio": 0.7890231142,
    "researchAndDevelopmentExpenses": 1816000000,
    "generalAndAdministrativeExpenses": 335000000,
    "sellingAndMarketingExpenses": 2004000000,
    "sellingGeneralAndAdministrativeExpenses": 2339000000,
    "otherExpenses": 318000000,
    "operatingExpenses": 4473000000,
    "costAndExpenses": 6691000000,
    "interestIncome": 16000000,
    "interestExpense": 667000000,
    "depreciationAndAmortization": 775000000,
    "ebitda": 4282000000,
    "ebitdaratio": 0.4073052411,
    "operatingIncome": 3822000000,
    "operatingIncomeRatio": 0.3635498906,
    "totalOtherIncomeExpensesNet": -982000000,
    "incomeBeforeTax": 2840000000,
    "incomeBeforeTaxRatio": 0.2701417293,
    "incomeTaxExpense": 521000000,
    "netIncome": 2319000000,
    "netIncomeRatio": 0.2205840388,
    "eps": 0.87,
    "epsdiluted": 0.84,
    "weightedAverageShsOut": 2668000000,
    "weightedAverageShsOutDil": 2754000000,
    "link": "https://www.sec.gov/Archives/edgar/data/1341439/000156459022009859/0001564590-22-009859-index.htm",
    "finalLink": "https://www.sec.gov/Archives/edgar/data/1341439/000156459022009859/orcl-10q_20220228.htm"
  },
  {
    "date": "2021-11-30",
    "symbol": "ORCL",
    "reportedCurrency": "USD",
    "cik": "0001341439",
    "fillingDate": "2021-12-10",
    "acceptedDate": "2021-12-10 16:12:50",
    "calendarYear": "2022",
    "period": "Q2",
    "revenue": 10360000000,
    "costOfRevenue": 2159000000,
    "grossProfit": 8201000000,
    "grossProfitRatio": 0.7916023166,
    "researchAndDevelopmentExpenses": 1754000000,
    "generalAndAdministrativeExpenses": 319000000,
    "sellingAndMarketingExpenses": 1954000000,
    "sellingGeneralAndAdministrativeExpenses": 2273000000,
    "otherExpenses": 4998000000,
    "operatingExpenses": 9039000000,
    "costAndExpenses": 11184000000,
    "interestIncome": 21000000,
    "interestExpense": 679000000,
    "depreciationAndAmortization": 759000000,
    "ebitda": -58000000,
    "ebitdaratio": -0.0055984556,
    "operatingIncome": -824000000,
    "operatingIncomeRatio": -0.0795366795,
    "totalOtherIncomeExpensesNet": -672000000,
    "incomeBeforeTax": -1496000000,
    "incomeBeforeTaxRatio": -0.1444015444,
    "incomeTaxExpense": -249000000,
    "netIncome": -1247000000,
    "netIncomeRatio": -0.1203667954,
    "eps": -0.46,
    "epsdiluted": -0.46,
    "weightedAverageShsOut": 2694000000,
    "weightedAverageShsOutDil": 2694003000,
    "link": "https://www.sec.gov/Archives/edgar/data/1341439/000156459021060022/0001564590-21-060022-index.htm",
    "finalLink": "https://www.sec.gov/Archives/edgar/data/1341439/000156459021060022/orcl-10q_20211130.htm"
  },
  {
    "date": "2021-08-31",
    "symbol": "ORCL",
    "reportedCurrency": "USD",
    "cik": "0001341439",
    "fillingDate": "2021-09-13",
    "acceptedDate": "2021-09-13 17:23:09",
    "calendarYear": "2022",
    "period": "Q1",
    "revenue": 9728000000,
    "costOfRevenue": 2103000000,
    "grossProfit": 7625000000,
    "grossProfitRatio": 0.7838199013,
    "researchAndDevelopmentExpenses": 1684000000,
    "generalAndAdministrativeExpenses": 298000000,
    "sellingAndMarketingExpenses": 1854000000,
    "sellingGeneralAndAdministrativeExpenses": 2152000000,
    "otherExpenses": 362000000,
    "operatingExpenses": 4198000000,
    "costAndExpenses": 6301000000,
    "interestIncome": 20000000,
    "interestExpense": 705000000,
    "depreciationAndAmortization": 757000000,
    "ebitda": 4143000000,
    "ebitdaratio": 0.4258840461,
    "operatingIncome": 3427000000,
    "operatingIncomeRatio": 0.3522820724,
    "totalOtherIncomeExpensesNet": -746000000,
    "incomeBeforeTax": 2681000000,
    "incomeBeforeTaxRatio": 0.2755962171,
    "incomeTaxExpense": 224000000,
    "netIncome": 2457000000,
    "netIncomeRatio": 0.2525699013,
    "eps": 0.89,
    "epsdiluted": 0.86,
    "weightedAverageShsOut": 2769000000,
    "weightedAverageShsOutDil": 2861000000,
    "link": "https://www.sec.gov/Archives/edgar/data/1341439/000156459021047772/0001564590-21-047772-index.htm",
    "finalLink": "https://www.sec.gov/Archives/edgar/data/1341439/000156459021047772/orcl-10q_20210831.htm"
  },
  {
    "date": "2021-05-31",
    "symbol": "ORCL",
    "reportedCurrency": "USD",
    "cik": "0001341439",
    "fillingDate": "2021-06-21",
    "acceptedDate": "2021-06-21 16:10:31",
    "calendarYear": "2021",
    "period": "Q4",
    "revenue": 11227000000,
    "costOfRevenue": 2122000000,
    "grossProfit": 9105000000,
    "grossProfitRatio": 0.8109913601,
    "researchAndDevelopmentExpenses": 1715000000,
    "generalAndAdministrativeExpenses": 305000000,
    "sellingAndMarketingExpenses": 2077000000,
    "sellingGeneralAndAdministrativeExpenses": 2382000000,
    "otherExpenses": 467000000,
    "operatingExpenses": 4564000000,
    "costAndExpenses": 6686000000,
    "interestIncome": 21000000,
    "interestExpense": 697000000,
    "depreciationAndAmortization": 752000000,
    "ebitda": 5605000000,
    "ebitdaratio": 0.4992428966,
    "operatingIncome": 4541000000,
    "operatingIncomeRatio": 0.4044713637,
    "totalOtherIncomeExpensesNet": -385000000,
    "incomeBeforeTax": 4156000000,
    "incomeBeforeTaxRatio": 0.3701790327,
    "incomeTaxExpense": 124000000,
    "netIncome": 4033000000,
    "netIncomeRatio": 0.359223301,
    "eps": 1.42,
    "epsdiluted": 1.37,
    "weightedAverageShsOut": 2847000000,
    "weightedAverageShsOutDil": 2949007000,
    "link": "https://www.sec.gov/Archives/edgar/data/1341439/000156459021033616/0001564590-21-033616-index.htm",
    "finalLink": "https://www.sec.gov/Archives/edgar/data/1341439/000156459021033616/orcl-10k_20210531.htm"
  },
  {
    "date": "2021-02-28",
    "symbol": "ORCL",
    "reportedCurrency": "USD",
    "cik": "0001341439",
    "fillingDate": "2021-03-11",
    "acceptedDate": "2021-03-11 16:26:29",
    "calendarYear": "2021",
    "period": "Q3",
    "revenue": 10085000000,
    "costOfRevenue": 1915000000,
    "grossProfit": 8170000000,
    "grossProfitRatio": 0.8101140307,
    "researchAndDevelopmentExpenses": 1621000000,
    "generalAndAdministrativeExpenses": 330000000,
    "sellingAndMarketingExpenses": 1915000000,
    "sellingGeneralAndAdministrativeExpenses": 2245000000,
    "otherExpenses": 426000000,
    "operatingExpenses": 4292000000,
    "costAndExpenses": 6207000000,
    "interestIncome": 23000000,
    "interestExpense": 585000000,
    "depreciationAndAmortization": 732000000,
    "ebitda": 4593000000,
    "ebitdaratio": 0.4554288547,
    "operatingIncome": 3878000000,
    "operatingIncomeRatio": 0.3845314824,
    "totalOtherIncomeExpensesNet": -602000000,
    "incomeBeforeTax": 3276000000,
    "incomeBeforeTaxRatio": 0.3248388696,
    "incomeTaxExpense": -1745000000,
    "netIncome": 5021000000,
    "netIncomeRatio": 0.497868121,
    "eps": 1.72,
    "epsdiluted": 1.68,
    "weightedAverageShsOut": 2913000000,
    "weightedAverageShsOutDil": 2994000000,
    "link": "https://www.sec.gov/Archives/edgar/data/1341439/000156459021012539/0001564590-21-012539-index.htm",
    "finalLink": "https://www.sec.gov/Archives/edgar/data/1341439/000156459021012539/orcl-10q_20210228.htm"
  },
  {
    "date": "2020-11-30",
    "symbol": "ORCL",
    "reportedCurrency": "USD",
    "cik": "0001341439",
    "fillingDate": "2020-12-11",
    "acceptedDate": "2020-12-11 16:11:40",
    "calendarYear": "2021",
    "period": "Q2",
    "revenue": 9800000000,
    "costOfRevenue": 1939000000,
    "grossProfit": 7861000000,
    "grossProfitRatio": 0.8021428571,
    "researchAndDevelopmentExpenses": 1601000000,
    "generalAndAdministrativeExpenses": 324000000,
    "sellingAndMarketingExpenses": 1836000000,
    "sellingGeneralAndAdministrativeExpenses": 2160000000,
    "otherExpenses": 517000000,
    "operatingExpenses": 4278000000,
    "costAndExpenses": 6217000000,
    "interestIncome": 27000000,
    "interestExpense": 600000000,
    "depreciationAndAmortization": 731000000,
    "ebitda": 4303000000,
    "ebitdaratio": 0.4390816327,
    "operatingIncome": 3583000000,
    "operatingIncomeRatio": 0.3656122449,
    "totalOtherIncomeExpensesNet": -611000000,
    "incomeBeforeTax": 2972000000,
    "incomeBeforeTaxRatio": 0.3032653061,
    "incomeTaxExpense": 530000000,
    "netIncome": 2442000000,
    "netIncomeRatio": 0.2491836735,
    "eps": 0.82,
    "epsdiluted": 0.8,
    "weightedAverageShsOut": 2977000000,
    "weightedAverageShsOutDil": 3052500000,
    "link": "https://www.sec.gov/Archives/edgar/data/1341439/000156459020056896/0001564590-20-056896-index.htm",
    "finalLink": "https://www.sec.gov/Archives/edgar/data/1341439/000156459020056896/orcl-10q_20201130.htm"
  },
  {
    "date": "2020-08-31",
    "symbol": "ORCL",
    "reportedCurrency": "USD",
    "cik": "0001341439",
    "fillingDate": "2020-09-15",
    "acceptedDate": "2020-09-14 17:34:48",
    "calendarYear": "2021",
    "period": "Q1",
    "revenue": 9367000000,
    "costOfRevenue": 1880000000,
    "grossProfit": 7487000000,
    "grossProfitRatio": 0.7992953987,
    "researchAndDevelopmentExpenses": 1589000000,
    "generalAndAdministrativeExpenses": 295000000,
    "sellingAndMarketingExpenses": 1854000000,
    "sellingGeneralAndAdministrativeExpenses": 2149000000,
    "otherExpenses": 538000000,
    "operatingExpenses": 4276000000,
    "costAndExpenses": 6156000000,
    "interestIncome": 31000000,
    "interestExpense": 614000000,
    "depreciationAndAmortization": 701000000,
    "ebitda": 3910000000,
    "ebitdaratio": 0.4174228675,
    "operatingIncome": 3211000000,
    "operatingIncomeRatio": 0.3427991886,
    "totalOtherIncomeExpensesNet": -616000000,
    "incomeBeforeTax": 2595000000,
    "incomeBeforeTaxRatio": 0.2770364044,
    "incomeTaxExpense": 344000000,
    "netIncome": 2251000000,
    "netIncomeRatio": 0.2403117327,
    "eps": 0.74,
    "epsdiluted": 0.72,
    "weightedAverageShsOut": 3041000000,
    "weightedAverageShsOutDil": 3126389000,
    "link": "https://www.sec.gov/Archives/edgar/data/1341439/000156459020043448/0001564590-20-043448-index.htm",
    "finalLink": "https://www.sec.gov/Archives/edgar/data/1341439/000156459020043448/orcl-10q_20200831.htm"
  },
  {
    "date": "2020-05-31",
    "symbol": "ORCL",
    "reportedCurrency": "USD",
    "cik": "0001341439",
    "fillingDate": "2020-06-22",
    "acceptedDate": "2020-06-22 16:25:49",
    "calendarYear": "2020",
    "period": "Q4",
    "revenue": 10439000000,
    "costOfRevenue": 1969000000,
    "grossProfit": 8470000000,
    "grossProfitRatio": 0.8113804004,
    "researchAndDevelopmentExpenses": 1479000000,
    "generalAndAdministrativeExpenses": 278000000,
    "sellingAndMarketingExpenses": 1959000000,
    "sellingGeneralAndAdministrativeExpenses": 2237000000,
    "otherExpenses": 446000000,
    "operatingExpenses": 4162000000,
    "costAndExpenses": 6131000000,
    "interestIncome": 70000000,
    "interestExpense": 579000000,
    "depreciationAndAmortization": 722000000,
    "ebitda": 4997000000,
    "ebitdaratio": 0.4786856979,
    "operatingIncome": 4308000000,
    "operatingIncomeRatio": 0.4126832072,
    "totalOtherIncomeExpensesNet": -612000000,
    "incomeBeforeTax": 3696000000,
    "incomeBeforeTaxRatio": 0.354056902,
    "incomeTaxExpense": 580000000,
    "netIncome": 3116000000,
    "netIncomeRatio": 0.2984960245,
    "eps": 1.01,
    "epsdiluted": 0.99,
    "weightedAverageShsOut": 3140015000,
    "weightedAverageShsOutDil": 3162000000,
    "link": "https://www.sec.gov/Archives/edgar/data/1341439/000156459020030125/0001564590-20-030125-index.htm",
    "finalLink": "https://www.sec.gov/Archives/edgar/data/1341439/000156459020030125/orcl-10k_20200531.htm"
  },
  {
    "date": "2020-02-29",
    "symbol": "ORCL",
    "reportedCurrency": "USD",
    "cik": "0001341439",
    "fillingDate": "2020-03-13",
    "acceptedDate": "2020-03-13 16:21:31",
    "calendarYear": "2020",
    "period": "Q3",
    "revenue": 9796000000,
    "costOfRevenue": 1964000000,
    "grossProfit": 7832000000,
    "grossProfitRatio": 0.7995100041,
    "researchAndDevelopmentExpenses": 1500000000,
    "generalAndAdministrativeExpenses": 288000000,
    "sellingAndMarketingExpenses": 2049000000,
    "sellingGeneralAndAdministrativeExpenses": 2337000000,
    "otherExpenses": 467000000,
    "operatingExpenses": 4304000000,
    "costAndExpenses": 6268000000,
    "interestIncome": 122000000,
    "interestExpense": 456000000,
    "depreciationAndAmortization": 748000000,
    "ebitda": 4280000000,
    "ebitdaratio": 0.4369130257,
    "operatingIncome": 3528000000,
    "operatingIncomeRatio": 0.3601469988,
    "totalOtherIncomeExpensesNet": -452000000,
    "incomeBeforeTax": 3076000000,
    "incomeBeforeTaxRatio": 0.3140057166,
    "incomeTaxExpense": 505000000,
    "netIncome": 2571000000,
    "netIncomeRatio": 0.2624540629,
    "eps": 0.81,
    "epsdiluted": 0.79,
    "weightedAverageShsOut": 3190000000,
    "weightedAverageShsOutDil": 3271000000,
    "link": "https://www.sec.gov/Archives/edgar/data/1341439/000156459020010833/0001564590-20-010833-index.htm",
    "finalLink": "https://www.sec.gov/Archives/edgar/data/1341439/000156459020010833/orcl-10q_20200229.htm"
  },
  {
    "date": "2019-11-30",
    "symbol": "ORCL",
    "reportedCurrency": "USD",
    "cik": "0001341439",
    "fillingDate": "2019-12-13",
    "acceptedDate": "2019-12-13 16:22:03",
    "calendarYear": "2020",
    "period": "Q2",
    "revenue": 9614000000,
    "costOfRevenue": 2048000000,
    "grossProfit": 7566000000,
    "grossProfitRatio": 0.7869773247,
    "researchAndDevelopmentExpenses": 1531000000,
    "generalAndAdministrativeExpenses": 323000000,
    "sellingAndMarketingExpenses": 2068000000,
    "sellingGeneralAndAdministrativeExpenses": 2391000000,
    "otherExpenses": 461000000,
    "operatingExpenses": 4383000000,
    "costAndExpenses": 6431000000,
    "interestIncome": 145000000,
    "interestExpense": 465000000,
    "depreciationAndAmortization": 748000000,
    "ebitda": 4023000000,
    "ebitdaratio": 0.4184522571,
    "operatingIncome": 3183000000,
    "operatingIncomeRatio": 0.3310796755,
    "totalOtherIncomeExpensesNet": -373000000,
    "incomeBeforeTax": 2810000000,
    "incomeBeforeTaxRatio": 0.2922820886,
    "incomeTaxExpense": 499000000,
    "netIncome": 2311000000,
    "netIncomeRatio": 0.2403786145,
    "eps": 0.71,
    "epsdiluted": 0.69,
    "weightedAverageShsOut": 3245000000,
    "weightedAverageShsOutDil": 3349275000,
    "link": "https://www.sec.gov/Archives/edgar/data/1341439/000156459019045966/0001564590-19-045966-index.htm",
    "finalLink": "https://www.sec.gov/Archives/edgar/data/1341439/000156459019045966/orcl-10q_20191130.htm"
  },
  {
    "date": "2019-08-31",
    "symbol": "ORCL",
    "reportedCurrency": "USD",
    "cik": "0001341439",
    "fillingDate": "2019-09-13",
    "acceptedDate": "2019-09-13 16:22:37",
    "calendarYear": "2020",
    "period": "Q1",
    "revenue": 9218000000,
    "costOfRevenue": 1957000000,
    "grossProfit": 7261000000,
    "grossProfitRatio": 0.7876979822,
    "researchAndDevelopmentExpenses": 1557000000,
    "generalAndAdministrativeExpenses": 292000000,
    "sellingAndMarketingExpenses": 2018000000,
    "sellingGeneralAndAdministrativeExpenses": 2310000000,
    "otherExpenses": 517000000,
    "operatingExpenses": 4384000000,
    "costAndExpenses": 6341000000,
    "interestIncome": 190000000,
    "interestExpense": 494000000,
    "depreciationAndAmortization": 750000000,
    "ebitda": 3726000000,
    "ebitdaratio": 0.404209156,
    "operatingIncome": 2877000000,
    "operatingIncomeRatio": 0.3121067477,
    "totalOtherIncomeExpensesNet": -395000000,
    "incomeBeforeTax": 2482000000,
    "incomeBeforeTaxRatio": 0.2692558039,
    "incomeTaxExpense": 345000000,
    "netIncome": 2137000000,
    "netIncomeRatio": 0.2318290302,
    "eps": 0.63,
    "epsdiluted": 0.63,
    "weightedAverageShsOut": 3392063000,
    "weightedAverageShsOutDil": 3410000000,
    "link": "https://www.sec.gov/Archives/edgar/data/1341439/000156459019034717/0001564590-19-034717-index.htm",
    "finalLink": "https://www.sec.gov/Archives/edgar/data/1341439/000156459019034717/orcl-10q_20190831.htm"
  },
  {
    "date": "2019-05-31",
    "symbol": "ORCL",
    "reportedCurrency": "USD",
    "cik": "0001341439",
    "fillingDate": "2019-06-21",
    "acceptedDate": "2019-06-21 16:29:05",
    "calendarYear": "2019",
    "period": "Q4",
    "revenue": 11136000000,
    "costOfRevenue": 2063000000,
    "grossProfit": 9073000000,
    "grossProfitRatio": 0.8147449713,
    "researchAndDevelopmentExpenses": 1562000000,
    "generalAndAdministrativeExpenses": 330000000,
    "sellingAndMarketingExpenses": 2318000000,
    "sellingGeneralAndAdministrativeExpenses": 2648000000,
    "otherExpenses": 607000000,
    "operatingExpenses": 4817000000,
    "costAndExpenses": 6880000000,
    "interestIncome": 202000000,
    "interestExpense": 525000000,
    "depreciationAndAmortization": 754000000,
    "ebitda": 5145000000,
    "ebitdaratio": 0.4620150862,
    "operatingIncome": 4257000000,
    "operatingIncomeRatio": 0.3822737069,
    "totalOtherIncomeExpensesNet": -391000000,
    "incomeBeforeTax": 3866000000,
    "incomeBeforeTaxRatio": 0.3471623563,
    "incomeTaxExpense": 126000000,
    "netIncome": 3740000000,
    "netIncomeRatio": 0.3358477011,
    "eps": 1.1,
    "epsdiluted": 1.07,
    "weightedAverageShsOut": 3389000000,
    "weightedAverageShsOutDil": 3505490000,
    "link": "https://www.sec.gov/Archives/edgar/data/1341439/000156459019023119/0001564590-19-023119-index.htm",
    "finalLink": "https://www.sec.gov/Archives/edgar/data/1341439/000156459019023119/orcl-10k_20190531.htm"
  },
  {
    "date": "2019-02-28",
    "symbol": "ORCL",
    "reportedCurrency": "USD",
    "cik": "0001341439",
    "fillingDate": "2019-03-18",
    "acceptedDate": "2019-03-18 16:12:45",
    "calendarYear": "2019",
    "period": "Q3",
    "revenue": 9614000000,
    "costOfRevenue": 1976000000,
    "grossProfit": 7638000000,
    "grossProfitRatio": 0.7944664032,
    "researchAndDevelopmentExpenses": 1426000000,
    "generalAndAdministrativeExpenses": 316000000,
    "sellingAndMarketingExpenses": 2051000000,
    "sellingGeneralAndAdministrativeExpenses": 2367000000,
    "otherExpenses": 446000000,
    "operatingExpenses": 4239000000,
    "costAndExpenses": 6215000000,
    "interestIncome": 246000000,
    "interestExpense": 509000000,
    "depreciationAndAmortization": 741000000,
    "ebitda": 4338000000,
    "ebitdaratio": 0.4512169752,
    "operatingIncome": 3399000000,
    "operatingIncomeRatio": 0.3535469108,
    "totalOtherIncomeExpensesNet": -311000000,
    "incomeBeforeTax": 3088000000,
    "incomeBeforeTaxRatio": 0.3211982525,
    "incomeTaxExpense": 343000000,
    "netIncome": 2745000000,
    "netIncomeRatio": 0.285521115,
    "eps": 0.78,
    "epsdiluted": 0.76,
    "weightedAverageShsOut": 3526000000,
    "weightedAverageShsOutDil": 3617000000,
    "link": "https://www.sec.gov/Archives/edgar/data/1341439/000156459019008273/0001564590-19-008273-index.htm",
    "finalLink": "https://www.sec.gov/Archives/edgar/data/1341439/000156459019008273/orcl-10q_20190228.htm"
  },
  {
    "date": "2018-11-30",
    "symbol": "ORCL",
    "reportedCurrency": "USD",
    "cik": "0001341439",
    "fillingDate": "2018-12-19",
    "acceptedDate": "2018-12-19 16:15:00",
    "calendarYear": "2019",
    "period": "Q2",
    "revenue": 9562000000,
    "costOfRevenue": 2001000000,
    "grossProfit": 7561000000,
    "grossProfitRatio": 0.790734156,
    "researchAndDevelopmentExpenses": 1475000000,
    "generalAndAdministrativeExpenses": 299000000,
    "sellingAndMarketingExpenses": 2101000000,
    "sellingGeneralAndAdministrativeExpenses": 2400000000,
    "otherExpenses": 585000000,
    "operatingExpenses": 4460000000,
    "costAndExpenses": 6461000000,
    "interestIncome": 296000000,
    "interestExpense": 519000000,
    "depreciationAndAmortization": 704000000,
    "ebitda": 3997000000,
    "ebitdaratio": 0.4180087848,
    "operatingIncome": 3101000000,
    "operatingIncomeRatio": 0.3243045388,
    "totalOtherIncomeExpensesNet": -327000000,
    "incomeBeforeTax": 2774000000,
    "incomeBeforeTaxRatio": 0.2901066722,
    "incomeTaxExpense": 441000000,
    "netIncome": 2333000000,
    "netIncomeRatio": 0.2439866137,
    "eps": 0.63,
    "epsdiluted": 0.61,
    "weightedAverageShsOut": 3720000000,
    "weightedAverageShsOutDil": 3824590000,
    "link": "https://www.sec.gov/Archives/edgar/data/1341439/000156459018031113/0001564590-18-031113-index.htm",
    "finalLink": "https://www.sec.gov/Archives/edgar/data/1341439/000156459018031113/orcl-10q_20181130.htm"
  },
  {
    "date": "2018-08-31",
    "symbol": "ORCL",
    "reportedCurrency": "USD",
    "cik": "0001341439",
    "fillingDate": "2018-09-19",
    "acceptedDate": "2018-09-19 16:53:42",
    "calendarYear": "2019",
    "period": "Q1",
    "revenue": 9193000000,
    "costOfRevenue": 1953000000,
    "grossProfit": 7240000000,
    "grossProfitRatio": 0.7875557489,
    "researchAndDevelopmentExpenses": 1564000000,
    "generalAndAdministrativeExpenses": 321000000,
    "sellingAndMarketingExpenses": 2039000000,
    "sellingGeneralAndAdministrativeExpenses": 2360000000,
    "otherExpenses": 538000000,
    "operatingExpenses": 4462000000,
    "costAndExpenses": 6415000000,
    "interestIncome": 348000000,
    "interestExpense": 529000000,
    "depreciationAndAmortization": 720000000,
    "ebitda": 3789000000,
    "ebitdaratio": 0.4121614272,
    "operatingIncome": 2778000000,
    "operatingIncomeRatio": 0.3021864462,
    "totalOtherIncomeExpensesNet": -238000000,
    "incomeBeforeTax": 2540000000,
    "incomeBeforeTaxRatio": 0.2762971826,
    "incomeTaxExpense": 275000000,
    "netIncome": 2265000000,
    "netIncomeRatio": 0.2463831176,
    "eps": 0.58,
    "epsdiluted": 0.57,
    "weightedAverageShsOut": 3973684000,
    "weightedAverageShsOutDil": 3999000000,
    "link": "https://www.sec.gov/Archives/edgar/data/1341439/000156459018023315/0001564590-18-023315-index.htm",
    "finalLink": "https://www.sec.gov/Archives/edgar/data/1341439/000156459018023315/orcl-10q_20180831.htm"
  },
  {
    "date": "2018-05-31",
    "symbol": "ORCL",
    "reportedCurrency": "USD",
    "cik": "0001341439",
    "fillingDate": "2018-06-22",
    "acceptedDate": "2018-06-22 16:09:07",
    "calendarYear": "2018",
    "period": "Q4",
    "revenue": 11251000000,
    "costOfRevenue": 2173000000,
    "grossProfit": 9078000000,
    "grossProfitRatio": 0.8068616123,
    "researchAndDevelopmentExpenses": 1544000000,
    "generalAndAdministrativeExpenses": 305000000,
    "sellingAndMarketingExpenses": 2315000000,
    "sellingGeneralAndAdministrativeExpenses": 2632000000,
    "otherExpenses": 517000000,
    "operatingExpenses": 4693000000,
    "costAndExpenses": 6872000000,
    "interestIncome": 352000000,
    "interestExpense": 548000000,
    "depreciationAndAmortization": 702000000,
    "ebitda": 5390000000,
    "ebitdaratio": 0.4790685272,
    "operatingIncome": 4380000000,
    "operatingIncomeRatio": 0.389298729,
    "totalOtherIncomeExpensesNet": -240000000,
    "incomeBeforeTax": 4140000000,
    "incomeBeforeTaxRatio": 0.3679672918,
    "incomeTaxExpense": 733000000,
    "netIncome": 3276000000,
    "netIncomeRatio": 0.2911741179,
    "eps": 0.81,
    "epsdiluted": 0.79,
    "weightedAverageShsOut": 4046000000,
    "weightedAverageShsOutDil": 4149000000,
    "link": "https://www.sec.gov/Archives/edgar/data/1341439/000119312518201034/0001193125-18-201034-index.htm",
    "finalLink": "https://www.sec.gov/Archives/edgar/data/1341439/000119312518201034/d568983d10k.htm"
  },
  {
    "date": "2018-02-28",
    "symbol": "ORCL",
    "reportedCurrency": "USD",
    "cik": "0001341439",
    "fillingDate": "2018-03-21",
    "acceptedDate": "2018-03-21 16:12:09",
    "calendarYear": "2018",
    "period": "Q3",
    "revenue": 9771000000,
    "costOfRevenue": 1996000000,
    "grossProfit": 7775000000,
    "grossProfitRatio": 0.7957220346,
    "researchAndDevelopmentExpenses": 1496000000,
    "generalAndAdministrativeExpenses": 339000000,
    "sellingAndMarketingExpenses": 2042000000,
    "sellingGeneralAndAdministrativeExpenses": 2381000000,
    "otherExpenses": 488000000,
    "operatingExpenses": 4365000000,
    "costAndExpenses": 6361000000,
    "interestIncome": 313000000,
    "interestExpense": 533000000,
    "depreciationAndAmortization": 137000000,
    "ebitda": 3532000000,
    "ebitdaratio": 0.3614778426,
    "operatingIncome": 3315000000,
    "operatingIncomeRatio": 0.3392692662,
    "totalOtherIncomeExpensesNet": -124000000,
    "incomeBeforeTax": 3191000000,
    "incomeBeforeTaxRatio": 0.3265786511,
    "incomeTaxExpense": 7238000000,
    "netIncome": -4047000000,
    "netIncomeRatio": -0.4141848327,
    "eps": -0.98,
    "epsdiluted": -0.98,
    "weightedAverageShsOut": 4122000000,
    "weightedAverageShsOutDil": 4122004000,
    "link": "https://www.sec.gov/Archives/edgar/data/1341439/000119312518090646/0001193125-18-090646-index.htm",
    "finalLink": "https://www.sec.gov/Archives/edgar/data/1341439/000119312518090646/d548579d10q.htm"
  },
  {
    "date": "2017-11-30",
    "symbol": "ORCL",
    "reportedCurrency": "USD",
    "cik": "0001341439",
    "fillingDate": "2017-12-18",
    "acceptedDate": "2017-12-18 17:03:58",
    "calendarYear": "2018",
    "period": "Q2",
    "revenue": 9621000000,
    "costOfRevenue": 1960000000,
    "grossProfit": 7661000000,
    "grossProfitRatio": 0.7962789731,
    "researchAndDevelopmentExpenses": 1473000000,
    "generalAndAdministrativeExpenses": 320000000,
    "sellingAndMarketingExpenses": 2088000000,
    "sellingGeneralAndAdministrativeExpenses": 2408000000,
    "otherExpenses": 709000000,
    "operatingExpenses": 4609000000,
    "costAndExpenses": 6569000000,
    "interestIncome": 281000000,
    "interestExpense": 475000000,
    "depreciationAndAmortization": 688000000,
    "ebitda": 3989000000,
    "ebitdaratio": 0.4146138655,
    "operatingIncome": 3039000000,
    "operatingIncomeRatio": 0.315871531,
    "totalOtherIncomeExpensesNet": -213000000,
    "incomeBeforeTax": 2826000000,
    "incomeBeforeTaxRatio": 0.2937324602,
    "incomeTaxExpense": 612000000,
    "netIncome": 2214000000,
    "netIncomeRatio": 0.230121609,
    "eps": 0.53,
    "epsdiluted": 0.52,
    "weightedAverageShsOut": 4257692000,
    "weightedAverageShsOutDil": 4283000000,
    "link": "https://www.sec.gov/Archives/edgar/data/1341439/000119312517372232/0001193125-17-372232-index.htm",
    "finalLink": "https://www.sec.gov/Archives/edgar/data/1341439/000119312517372232/d510241d10q.htm"
  },
  {
    "date": "2017-08-31",
    "symbol": "ORCL",
    "reportedCurrency": "USD",
    "cik": "0001341439",
    "fillingDate": "2017-09-18",
    "acceptedDate": "2017-09-18 17:20:03",
    "calendarYear": "2018",
    "period": "Q1",
    "revenue": 9187000000,
    "costOfRevenue": 1928000000,
    "grossProfit": 7259000000,
    "grossProfitRatio": 0.7901382388,
    "researchAndDevelopmentExpenses": 1572000000,
    "generalAndAdministrativeExpenses": 319000000,
    "sellingAndMarketingExpenses": 1989000000,
    "sellingGeneralAndAdministrativeExpenses": 2308000000,
    "otherExpenses": 547000000,
    "operatingExpenses": 4427000000,
    "costAndExpenses": 6355000000,
    "interestIncome": 257000000,
    "interestExpense": 469000000,
    "depreciationAndAmortization": 696000000,
    "ebitda": 3665000000,
    "ebitdaratio": 0.3989332753,
    "operatingIncome": 2749000000,
    "operatingIncomeRatio": 0.2992271688,
    "totalOtherIncomeExpensesNet": -249000000,
    "incomeBeforeTax": 2500000000,
    "incomeBeforeTaxRatio": 0.272123653,
    "incomeTaxExpense": 356000000,
    "netIncome": 2144000000,
    "netIncomeRatio": 0.2333732448,
    "eps": 0.52,
    "epsdiluted": 0.5,
    "weightedAverageShsOut": 4284000000,
    "weightedAverageShsOutDil": 4288000000,
    "link": "https://www.sec.gov/Archives/edgar/data/1341439/000119312517287455/0001193125-17-287455-index.htm",
    "finalLink": "https://www.sec.gov/Archives/edgar/data/1341439/000119312517287455/d407367d10q.htm"
  },
  {
    "date": "2017-05-31",
    "symbol": "ORCL",
    "reportedCurrency": "USD",
    "cik": "0001341439",
    "fillingDate": "2017-06-27",
    "acceptedDate": "2017-06-27 16:05:35",
    "calendarYear": "2017",
    "period": "Q4",
    "revenue": 10892000000,
    "costOfRevenue": 2003000000,
    "grossProfit": 8889000000,
    "grossProfitRatio": 0.8161035622,
    "researchAndDevelopmentExpenses": 1608000000,
    "generalAndAdministrativeExpenses": 317000000,
    "sellingAndMarketingExpenses": 2314000000,
    "sellingGeneralAndAdministrativeExpenses": 2631000000,
    "otherExpenses": 577000000,
    "operatingExpenses": 4816000000,
    "costAndExpenses": 6819000000,
    "interestIncome": 224000000,
    "interestExpense": 481000000,
    "depreciationAndAmortization": 772000000,
    "ebitda": 4982000000,
    "ebitdaratio": 0.4573999266,
    "operatingIncome": 4074000000,
    "operatingIncomeRatio": 0.3740359897,
    "totalOtherIncomeExpensesNet": -313000000,
    "incomeBeforeTax": 3761000000,
    "incomeBeforeTaxRatio": 0.3452993022,
    "incomeTaxExpense": 529000000,
    "netIncome": 3231000000,
    "netIncomeRatio": 0.2966397356,
    "eps": 0.78,
    "epsdiluted": 0.76,
    "weightedAverageShsOut": 4132000000,
    "weightedAverageShsOutDil": 4264601000,
    "link": "https://www.sec.gov/Archives/edgar/data/1341439/000119312517214833/0001193125-17-214833-index.htm",
    "finalLink": "https://www.sec.gov/Archives/edgar/data/1341439/000119312517214833/d385998d10k.htm"
  },
  {
    "date": "2017-02-28",
    "symbol": "ORCL",
    "reportedCurrency": "USD",
    "cik": "0001341439",
    "fillingDate": "2017-03-17",
    "acceptedDate": "2017-03-17 16:07:09",
    "calendarYear": "2017",
    "period": "Q3",
    "revenue": 9205000000,
    "costOfRevenue": 1892000000,
    "grossProfit": 7313000000,
    "grossProfitRatio": 0.7944595329,
    "researchAndDevelopmentExpenses": 1521000000,
    "generalAndAdministrativeExpenses": 241000000,
    "sellingAndMarketingExpenses": 2004000000,
    "sellingGeneralAndAdministrativeExpenses": 2245000000,
    "otherExpenses": 588000000,
    "operatingExpenses": 4362000000,
    "costAndExpenses": 6254000000,
    "interestIncome": 197000000,
    "interestExpense": 450000000,
    "depreciationAndAmortization": 371000000,
    "ebitda": 3521000000,
    "ebitdaratio": 0.3825095057,
    "operatingIncome": 2959000000,
    "operatingIncomeRatio": 0.3214557306,
    "totalOtherIncomeExpensesNet": -261000000,
    "incomeBeforeTax": 2698000000,
    "incomeBeforeTaxRatio": 0.2931015752,
    "incomeTaxExpense": 459000000,
    "netIncome": 2239000000,
    "netIncomeRatio": 0.243237371,
    "eps": 0.55,
    "epsdiluted": 0.53,
    "weightedAverageShsOut": 4107000000,
    "weightedAverageShsOutDil": 4224528000,
    "link": "https://www.sec.gov/Archives/edgar/data/1341439/000119312517087309/0001193125-17-087309-index.htm",
    "finalLink": "https://www.sec.gov/Archives/edgar/data/1341439/000119312517087309/d353998d10q.htm"
  },
  {
    "date": "2016-11-30",
    "symbol": "ORCL",
    "reportedCurrency": "USD",
    "cik": "0001341439",
    "fillingDate": "2016-12-19",
    "acceptedDate": "2016-12-19 16:12:44",
    "calendarYear": "2017",
    "period": "Q2",
    "revenue": 9035000000,
    "costOfRevenue": 1797000000,
    "grossProfit": 7238000000,
    "grossProfitRatio": 0.8011068069,
    "researchAndDevelopmentExpenses": 1510000000,
    "generalAndAdministrativeExpenses": 303000000,
    "sellingAndMarketingExpenses": 1960000000,
    "sellingGeneralAndAdministrativeExpenses": 2263000000,
    "otherExpenses": 428000000,
    "operatingExpenses": 4201000000,
    "costAndExpenses": 5998000000,
    "interestIncome": 204000000,
    "interestExpense": 451000000,
    "depreciationAndAmortization": 314000000,
    "ebitda": 3477000000,
    "ebitdaratio": 0.384836746,
    "operatingIncome": 3037000000,
    "operatingIncomeRatio": 0.3361372441,
    "totalOtherIncomeExpensesNet": -352000000,
    "incomeBeforeTax": 2685000000,
    "incomeBeforeTaxRatio": 0.2971776425,
    "incomeTaxExpense": 653000000,
    "netIncome": 2032000000,
    "netIncomeRatio": 0.2249031544,
    "eps": 0.5,
    "epsdiluted": 0.48,
    "weightedAverageShsOut": 4104000000,
    "weightedAverageShsOutDil": 4233333000,
    "link": "https://www.sec.gov/Archives/edgar/data/1341439/000119312516797253/0001193125-16-797253-index.htm",
    "finalLink": "https://www.sec.gov/Archives/edgar/data/1341439/000119312516797253/d289857d10q.htm"
  },
  {
    "date": "2016-08-31",
    "symbol": "ORCL",
    "reportedCurrency": "USD",
    "cik": "0001341439",
    "fillingDate": "2016-09-19",
    "acceptedDate": "2016-09-19 17:10:13",
    "calendarYear": "2017",
    "period": "Q1",
    "revenue": 8595000000,
    "costOfRevenue": 1776000000,
    "grossProfit": 6819000000,
    "grossProfitRatio": 0.7933682373,
    "researchAndDevelopmentExpenses": 1520000000,
    "generalAndAdministrativeExpenses": 315000000,
    "sellingAndMarketingExpenses": 1919000000,
    "sellingGeneralAndAdministrativeExpenses": 2234000000,
    "otherExpenses": 424000000,
    "operatingExpenses": 4178000000,
    "costAndExpenses": 5983000000,
    "interestIncome": 177000000,
    "interestExpense": 416000000,
    "depreciationAndAmortization": 533000000,
    "ebitda": 3322000000,
    "ebitdaratio": 0.3865037813,
    "operatingIncome": 2641000000,
    "operatingIncomeRatio": 0.3072716696,
    "totalOtherIncomeExpensesNet": -268000000,
    "incomeBeforeTax": 2373000000,
    "incomeBeforeTaxRatio": 0.2760907504,
    "incomeTaxExpense": 541000000,
    "netIncome": 1832000000,
    "netIncomeRatio": 0.2131471786,
    "eps": 0.44,
    "epsdiluted": 0.43,
    "weightedAverageShsOut": 4221000000,
    "weightedAverageShsOutDil": 4260465000,
    "link": "https://www.sec.gov/Archives/edgar/data/1341439/000119312516713596/0001193125-16-713596-index.htm",
    "finalLink": "https://www.sec.gov/Archives/edgar/data/1341439/000119312516713596/d252702d10q.htm"
  },
  {
    "date": "2016-05-31",
    "symbol": "ORCL",
    "reportedCurrency": "USD",
    "cik": "0001341439",
    "fillingDate": "2016-06-22",
    "acceptedDate": "2016-06-22 16:24:36",
    "calendarYear": "2016",
    "period": "Q4",
    "revenue": 10594000000,
    "costOfRevenue": 1936000000,
    "grossProfit": 8658000000,
    "grossProfitRatio": 0.81725505,
    "researchAndDevelopmentExpenses": 1534000000,
    "generalAndAdministrativeExpenses": 323000000,
    "sellingAndMarketingExpenses": 2306000000,
    "sellingGeneralAndAdministrativeExpenses": 2629000000,
    "otherExpenses": 527000000,
    "operatingExpenses": 4690000000,
    "costAndExpenses": 6656000000,
    "interestIncome": 156000000,
    "interestExpense": 362000000,
    "depreciationAndAmortization": 1170000000,
    "ebitda": 5310000000,
    "ebitdaratio": 0.5012271097,
    "operatingIncome": 3968000000,
    "operatingIncomeRatio": 0.374551633,
    "totalOtherIncomeExpensesNet": -236000000,
    "incomeBeforeTax": 3732000000,
    "incomeBeforeTaxRatio": 0.3522748726,
    "incomeTaxExpense": 918000000,
    "netIncome": 2814000000,
    "netIncomeRatio": 0.2656220502,
    "eps": 0.68,
    "epsdiluted": 0.66,
    "weightedAverageShsOut": 4238000000,
    "weightedAverageShsOutDil": 4245746000,
    "link": "https://www.sec.gov/Archives/edgar/data/1341439/000119312516628942/0001193125-16-628942-index.htm",
    "finalLink": "https://www.sec.gov/Archives/edgar/data/1341439/000119312516628942/d203801d10k.htm"
  },
  {
    "date": "2016-02-29",
    "symbol": "ORCL",
    "reportedCurrency": "USD",
    "cik": "0001341439",
    "fillingDate": "2016-03-18",
    "acceptedDate": "2016-03-18 16:11:19",
    "calendarYear": "2016",
    "period": "Q3",
    "revenue": 9012000000,
    "costOfRevenue": 1839000000,
    "grossProfit": 7173000000,
    "grossProfitRatio": 0.7959387483,
    "researchAndDevelopmentExpenses": 1419000000,
    "generalAndAdministrativeExpenses": 290000000,
    "sellingAndMarketingExpenses": 1903000000,
    "sellingGeneralAndAdministrativeExpenses": 2193000000,
    "otherExpenses": 534000000,
    "operatingExpenses": 4146000000,
    "costAndExpenses": 5985000000,
    "interestIncome": 141000000,
    "interestExpense": 360000000,
    "depreciationAndAmortization": 435000000,
    "ebitda": 3588000000,
    "ebitdaratio": 0.3981358189,
    "operatingIncome": 3027000000,
    "operatingIncomeRatio": 0.335885486,
    "totalOtherIncomeExpensesNet": -295000000,
    "incomeBeforeTax": 2732000000,
    "incomeBeforeTaxRatio": 0.3031513538,
    "incomeTaxExpense": 590000000,
    "netIncome": 2142000000,
    "netIncomeRatio": 0.2376830892,
    "eps": 0.51,
    "epsdiluted": 0.5,
    "weightedAverageShsOut": 4256000000,
    "weightedAverageShsOutDil": 4284000000,
    "link": "https://www.sec.gov/Archives/edgar/data/1341439/000119312516510333/0001193125-16-510333-index.htm",
    "finalLink": "https://www.sec.gov/Archives/edgar/data/1341439/000119312516510333/d48108d10q.htm"
  },
  {
    "date": "2015-11-30",
    "symbol": "ORCL",
    "reportedCurrency": "USD",
    "cik": "0001341439",
    "fillingDate": "2015-12-18",
    "acceptedDate": "2015-12-18 16:04:50",
    "calendarYear": "2016",
    "period": "Q2",
    "revenue": 8993000000,
    "costOfRevenue": 1853000000,
    "grossProfit": 7140000000,
    "grossProfitRatio": 0.7939508507,
    "researchAndDevelopmentExpenses": 1444000000,
    "generalAndAdministrativeExpenses": 285000000,
    "sellingAndMarketingExpenses": 1945000000,
    "sellingGeneralAndAdministrativeExpenses": 2230000000,
    "otherExpenses": 511000000,
    "operatingExpenses": 4185000000,
    "costAndExpenses": 6038000000,
    "interestIncome": 123000000,
    "interestExpense": 371000000,
    "depreciationAndAmortization": 443000000,
    "ebitda": 3486000000,
    "ebitdaratio": 0.3876348271,
    "operatingIncome": 2955000000,
    "operatingIncomeRatio": 0.3285889025,
    "totalOtherIncomeExpensesNet": -287000000,
    "incomeBeforeTax": 2668000000,
    "incomeBeforeTaxRatio": 0.2966751918,
    "incomeTaxExpense": 471000000,
    "netIncome": 2197000000,
    "netIncomeRatio": 0.2443011231,
    "eps": 0.52,
    "epsdiluted": 0.51,
    "weightedAverageShsOut": 4307843000,
    "weightedAverageShsOutDil": 4316000000,
    "link": "https://www.sec.gov/Archives/edgar/data/1341439/000119312515407703/0001193125-15-407703-index.htm",
    "finalLink": "https://www.sec.gov/Archives/edgar/data/1341439/000119312515407703/d134252d10q.htm"
  },
  {
    "date": "2015-08-31",
    "symbol": "ORCL",
    "reportedCurrency": "USD",
    "cik": "0001341439",
    "fillingDate": "2015-09-18",
    "acceptedDate": "2015-09-18 17:18:22",
    "calendarYear": "2016",
    "period": "Q1",
    "revenue": 8448000000,
    "costOfRevenue": 1850000000,
    "grossProfit": 6598000000,
    "grossProfitRatio": 0.7810132576,
    "researchAndDevelopmentExpenses": 1390000000,
    "generalAndAdministrativeExpenses": 257000000,
    "sellingAndMarketingExpenses": 1731000000,
    "sellingGeneralAndAdministrativeExpenses": 1988000000,
    "otherExpenses": 566000000,
    "operatingExpenses": 3944000000,
    "costAndExpenses": 5794000000,
    "interestIncome": 117000000,
    "interestExpense": 374000000,
    "depreciationAndAmortization": 461000000,
    "ebitda": 3229000000,
    "ebitdaratio": 0.3822206439,
    "operatingIncome": 2654000000,
    "operatingIncomeRatio": 0.314157197,
    "totalOtherIncomeExpensesNet": -344000000,
    "incomeBeforeTax": 2310000000,
    "incomeBeforeTaxRatio": 0.2734375,
    "incomeTaxExpense": 563000000,
    "netIncome": 1747000000,
    "netIncomeRatio": 0.2067945076,
    "eps": 0.4,
    "epsdiluted": 0.4,
    "weightedAverageShsOut": 4367500000,
    "weightedAverageShsOutDil": 4412000000,
    "link": "https://www.sec.gov/Archives/edgar/data/1341439/000119312515323532/0001193125-15-323532-index.htm",
    "finalLink": "https://www.sec.gov/Archives/edgar/data/1341439/000119312515323532/d64286d10q.htm"
  },
  {
    "date": "2015-05-31",
    "symbol": "ORCL",
    "reportedCurrency": "USD",
    "cik": "0001341439",
    "fillingDate": "2015-06-25",
    "acceptedDate": "2015-06-25 17:03:14",
    "calendarYear": "2015",
    "period": "Q4",
    "revenue": 10706000000,
    "costOfRevenue": 2053000000,
    "grossProfit": 8653000000,
    "grossProfitRatio": 0.808238371,
    "researchAndDevelopmentExpenses": 1436000000,
    "generalAndAdministrativeExpenses": 278000000,
    "sellingAndMarketingExpenses": 2212000000,
    "sellingGeneralAndAdministrativeExpenses": 2490000000,
    "otherExpenses": 745000000,
    "operatingExpenses": 4671000000,
    "costAndExpenses": 6724000000,
    "interestIncome": 99000000,
    "interestExpense": 325000000,
    "depreciationAndAmortization": 455000000,
    "ebitda": 4675000000,
    "ebitdaratio": 0.4366710256,
    "operatingIncome": 3982000000,
    "operatingIncomeRatio": 0.3719409677,
    "totalOtherIncomeExpensesNet": -285000000,
    "incomeBeforeTax": 3697000000,
    "incomeBeforeTaxRatio": 0.3453203811,
    "incomeTaxExpense": 940000000,
    "netIncome": 2758000000,
    "netIncomeRatio": 0.2576125537,
    "eps": 0.63,
    "epsdiluted": 0.62,
    "weightedAverageShsOut": 4440150000,
    "weightedAverageShsOutDil": 4463000000,
    "link": "https://www.sec.gov/Archives/edgar/data/1341439/000119312515235239/0001193125-15-235239-index.htm",
    "finalLink": "https://www.sec.gov/Archives/edgar/data/1341439/000119312515235239/d920711d10k.htm"
  },
  {
    "date": "2015-02-28",
    "symbol": "ORCL",
    "reportedCurrency": "USD",
    "cik": "0001341439",
    "fillingDate": "2015-03-19",
    "acceptedDate": "2015-03-19 16:31:53",
    "calendarYear": "2015",
    "period": "Q3",
    "revenue": 9327000000,
    "costOfRevenue": 1900000000,
    "grossProfit": 7427000000,
    "grossProfitRatio": 0.7962903399,
    "researchAndDevelopmentExpenses": 1370000000,
    "generalAndAdministrativeExpenses": 252000000,
    "sellingAndMarketingExpenses": 1839000000,
    "sellingGeneralAndAdministrativeExpenses": 2091000000,
    "otherExpenses": 583000000,
    "operatingExpenses": 4044000000,
    "costAndExpenses": 5944000000,
    "interestIncome": 82000000,
    "interestExpense": 273000000,
    "depreciationAndAmortization": 431000000,
    "ebitda": 3870000000,
    "ebitdaratio": 0.414924413,
    "operatingIncome": 3383000000,
    "operatingIncomeRatio": 0.3627104106,
    "totalOtherIncomeExpensesNet": -233000000,
    "incomeBeforeTax": 3150000000,
    "incomeBeforeTaxRatio": 0.3377291734,
    "incomeTaxExpense": 655000000,
    "netIncome": 2495000000,
    "netIncomeRatio": 0.2675029484,
    "eps": 0.57,
    "epsdiluted": 0.56,
    "weightedAverageShsOut": 4455357000,
    "weightedAverageShsOutDil": 4494000000,
    "link": "https://www.sec.gov/Archives/edgar/data/1341439/000119312515098586/0001193125-15-098586-index.htm",
    "finalLink": "https://www.sec.gov/Archives/edgar/data/1341439/000119312515098586/d851089d10q.htm"
  },
  {
    "date": "2014-11-30",
    "symbol": "ORCL",
    "reportedCurrency": "USD",
    "cik": "0001341439",
    "fillingDate": "2014-12-19",
    "acceptedDate": "2014-12-19 16:38:45",
    "calendarYear": "2015",
    "period": "Q2",
    "revenue": 9598000000,
    "costOfRevenue": 1899000000,
    "grossProfit": 7699000000,
    "grossProfitRatio": 0.8021462805,
    "researchAndDevelopmentExpenses": 1389000000,
    "generalAndAdministrativeExpenses": 272000000,
    "sellingAndMarketingExpenses": 1897000000,
    "sellingGeneralAndAdministrativeExpenses": 2169000000,
    "otherExpenses": 599000000,
    "operatingExpenses": 4157000000,
    "costAndExpenses": 6056000000,
    "interestIncome": 79000000,
    "interestExpense": 282000000,
    "depreciationAndAmortization": 733000000,
    "ebitda": 4284000000,
    "ebitdaratio": 0.4463429881,
    "operatingIncome": 3542000000,
    "operatingIncomeRatio": 0.3690352157,
    "totalOtherIncomeExpensesNet": -273000000,
    "incomeBeforeTax": 3269000000,
    "incomeBeforeTaxRatio": 0.34059179,
    "incomeTaxExpense": 767000000,
    "netIncome": 2502000000,
    "netIncomeRatio": 0.2606793082,
    "eps": 0.57,
    "epsdiluted": 0.56,
    "weightedAverageShsOut": 4467857000,
    "weightedAverageShsOutDil": 4505000000,
    "link": "https://www.sec.gov/Archives/edgar/data/1341439/000119312514448728/0001193125-14-448728-index.htm",
    "finalLink": "https://www.sec.gov/Archives/edgar/data/1341439/000119312514448728/d819288d10q.htm"
  },
  {
    "date": "2014-08-31",
    "symbol": "ORCL",
    "reportedCurrency": "USD",
    "cik": "0001341439",
    "fillingDate": "2014-09-23",
    "acceptedDate": "2014-09-23 17:28:28",
    "calendarYear": "2015",
    "period": "Q1",
    "revenue": 8596000000,
    "costOfRevenue": 1681000000,
    "grossProfit": 6915000000,
    "grossProfitRatio": 0.8044439274,
    "researchAndDevelopmentExpenses": 1329000000,
    "generalAndAdministrativeExpenses": 276000000,
    "sellingAndMarketingExpenses": 1706000000,
    "sellingGeneralAndAdministrativeExpenses": 1982000000,
    "otherExpenses": 641000000,
    "operatingExpenses": 3952000000,
    "costAndExpenses": 5633000000,
    "interestIncome": 89000000,
    "interestExpense": 261000000,
    "depreciationAndAmortization": 431000000,
    "ebitda": 3488000000,
    "ebitdaratio": 0.4057701256,
    "operatingIncome": 2963000000,
    "operatingIncomeRatio": 0.3446952071,
    "totalOtherIncomeExpensesNet": -245000000,
    "incomeBeforeTax": 2718000000,
    "incomeBeforeTaxRatio": 0.3161935784,
    "incomeTaxExpense": 534000000,
    "netIncome": 2184000000,
    "netIncomeRatio": 0.2540716612,
    "eps": 0.49,
    "epsdiluted": 0.48,
    "weightedAverageShsOut": 4451000000,
    "weightedAverageShsOutDil": 4550000000,
    "link": "https://www.sec.gov/Archives/edgar/data/1341439/000119312514350291/0001193125-14-350291-index.htm",
    "finalLink": "https://www.sec.gov/Archives/edgar/data/1341439/000119312514350291/d770194d10q.htm"
  },
  {
    "date": "2014-05-31",
    "symbol": "ORCL",
    "reportedCurrency": "USD",
    "cik": "0001341439",
    "fillingDate": "2014-06-26",
    "acceptedDate": "2014-06-26 17:07:01",
    "calendarYear": "2014",
    "period": "Q4",
    "revenue": 11320000000,
    "costOfRevenue": 2207000000,
    "grossProfit": 9113000000,
    "grossProfitRatio": 0.8050353357,
    "researchAndDevelopmentExpenses": 1348000000,
    "generalAndAdministrativeExpenses": 265000000,
    "sellingAndMarketingExpenses": 1966000000,
    "sellingGeneralAndAdministrativeExpenses": 2231000000,
    "otherExpenses": 625000000,
    "operatingExpenses": 4204000000,
    "costAndExpenses": 6411000000,
    "interestIncome": 74000000,
    "interestExpense": 240000000,
    "depreciationAndAmortization": 724000000,
    "ebitda": 5552000000,
    "ebitdaratio": 0.490459364,
    "operatingIncome": 4909000000,
    "operatingIncomeRatio": 0.4336572438,
    "totalOtherIncomeExpensesNet": -321000000,
    "incomeBeforeTax": 4588000000,
    "incomeBeforeTaxRatio": 0.4053003534,
    "incomeTaxExpense": 942000000,
    "netIncome": 3646000000,
    "netIncomeRatio": 0.3220848057,
    "eps": 0.81,
    "epsdiluted": 0.8,
    "weightedAverageShsOut": 4546259000,
    "weightedAverageShsOutDil": 4569000000,
    "link": "https://www.sec.gov/Archives/edgar/data/1341439/000119312514251351/0001193125-14-251351-index.htm",
    "finalLink": "https://www.sec.gov/Archives/edgar/data/1341439/000119312514251351/d725622d10k.htm"
  },
  {
    "date": "2014-01-31",
    "symbol": "ORCL",
    "reportedCurrency": "USD",
    "cik": "0001341439",
    "fillingDate": "2014-03-20",
    "acceptedDate": "2014-03-20 16:28:15",
    "calendarYear": "2014",
    "period": "Q3",
    "revenue": 9307000000,
    "costOfRevenue": 1775000000,
    "grossProfit": 7532000000,
    "grossProfitRatio": 0.8092833351,
    "researchAndDevelopmentExpenses": 1292000000,
    "generalAndAdministrativeExpenses": 251000000,
    "sellingAndMarketingExpenses": 1829000000,
    "sellingGeneralAndAdministrativeExpenses": 2080000000,
    "otherExpenses": 593000000,
    "operatingExpenses": 3965000000,
    "costAndExpenses": 5740000000,
    "interestIncome": 67000000,
    "interestExpense": 228000000,
    "depreciationAndAmortization": 710000000,
    "ebitda": 4187000000,
    "ebitdaratio": 0.4498764371,
    "operatingIncome": 3567000000,
    "operatingIncomeRatio": 0.3832599119,
    "totalOtherIncomeExpensesNet": -318000000,
    "incomeBeforeTax": 3249000000,
    "incomeBeforeTaxRatio": 0.3490920812,
    "incomeTaxExpense": 684000000,
    "netIncome": 2565000000,
    "netIncomeRatio": 0.2755990115,
    "eps": 0.57,
    "epsdiluted": 0.56,
    "weightedAverageShsOut": 4575000000,
    "weightedAverageShsOutDil": 4580357000,
    "link": "https://www.sec.gov/Archives/edgar/data/1341439/000119312514108126/0001193125-14-108126-index.htm",
    "finalLink": "https://www.sec.gov/Archives/edgar/data/1341439/000119312514108126/d669179d10q.htm"
  },
  {
    "date": "2013-11-30",
    "symbol": "ORCL",
    "reportedCurrency": "USD",
    "cik": "0001341439",
    "fillingDate": "2013-12-20",
    "acceptedDate": "2013-12-20 16:33:44",
    "calendarYear": "2014",
    "period": "Q2",
    "revenue": 9275000000,
    "costOfRevenue": 1807000000,
    "grossProfit": 7468000000,
    "grossProfitRatio": 0.8051752022,
    "researchAndDevelopmentExpenses": 1273000000,
    "generalAndAdministrativeExpenses": 262000000,
    "sellingAndMarketingExpenses": 1877000000,
    "sellingGeneralAndAdministrativeExpenses": 2139000000,
    "otherExpenses": 646000000,
    "operatingExpenses": 4058000000,
    "costAndExpenses": 5865000000,
    "interestIncome": 65000000,
    "interestExpense": 230000000,
    "depreciationAndAmortization": 436000000,
    "ebitda": 3915000000,
    "ebitdaratio": 0.4221024259,
    "operatingIncome": 3410000000,
    "operatingIncomeRatio": 0.3676549865,
    "totalOtherIncomeExpensesNet": -207000000,
    "incomeBeforeTax": 3203000000,
    "incomeBeforeTaxRatio": 0.3453369272,
    "incomeTaxExpense": 650000000,
    "netIncome": 2553000000,
    "netIncomeRatio": 0.2752560647,
    "eps": 0.56,
    "epsdiluted": 0.56,
    "weightedAverageShsOut": 4558929000,
    "weightedAverageShsOutDil": 4600000000,
    "link": "https://www.sec.gov/Archives/edgar/data/1341439/000119312513481081/0001193125-13-481081-index.htm",
    "finalLink": "https://www.sec.gov/Archives/edgar/data/1341439/000119312513481081/d626279d10q.htm"
  },
  {
    "date": "2013-08-31",
    "symbol": "ORCL",
    "reportedCurrency": "USD",
    "cik": "0001341439",
    "fillingDate": "2013-09-20",
    "acceptedDate": "2013-09-20 17:01:37",
    "calendarYear": "2014",
    "period": "Q1",
    "revenue": 8372000000,
    "costOfRevenue": 1721000000,
    "grossProfit": 6651000000,
    "grossProfitRatio": 0.794433827,
    "researchAndDevelopmentExpenses": 1237000000,
    "generalAndAdministrativeExpenses": 260000000,
    "sellingAndMarketingExpenses": 1620000000,
    "sellingGeneralAndAdministrativeExpenses": 1880000000,
    "otherExpenses": 661000000,
    "operatingExpenses": 3778000000,
    "costAndExpenses": 5499000000,
    "interestIncome": 57000000,
    "interestExpense": 217000000,
    "depreciationAndAmortization": 745000000,
    "ebitda": 3625000000,
    "ebitdaratio": 0.4329909221,
    "operatingIncome": 2939000000,
    "operatingIncomeRatio": 0.3510511228,
    "totalOtherIncomeExpensesNet": -276000000,
    "incomeBeforeTax": 2663000000,
    "incomeBeforeTaxRatio": 0.3180840898,
    "incomeTaxExpense": 472000000,
    "netIncome": 2191000000,
    "netIncomeRatio": 0.2617056856,
    "eps": 0.48,
    "epsdiluted": 0.47,
    "weightedAverageShsOut": 4608000000,
    "weightedAverageShsOutDil": 4674000000,
    "link": "https://www.sec.gov/Archives/edgar/data/1341439/000119312513373455/0001193125-13-373455-index.htm",
    "finalLink": "https://www.sec.gov/Archives/edgar/data/1341439/000119312513373455/d587382d10q.htm"
  },
  {
    "date": "2013-05-31",
    "symbol": "ORCL",
    "reportedCurrency": "USD",
    "cik": "0001341439",
    "fillingDate": "2013-06-26",
    "acceptedDate": "2013-06-26 17:24:42",
    "calendarYear": "2013",
    "period": "Q4",
    "revenue": 10947000000,
    "costOfRevenue": 1828000000,
    "grossProfit": 9119000000,
    "grossProfitRatio": 0.833013611,
    "researchAndDevelopmentExpenses": 1264000000,
    "generalAndAdministrativeExpenses": 274000000,
    "sellingAndMarketingExpenses": 2208000000,
    "sellingGeneralAndAdministrativeExpenses": 2482000000,
    "otherExpenses": 373000000,
    "operatingExpenses": 4119000000,
    "costAndExpenses": 5947000000,
    "interestIncome": 57000000,
    "interestExpense": 209000000,
    "depreciationAndAmortization": 742000000,
    "ebitda": 5777000000,
    "ebitdaratio": 0.5277244907,
    "operatingIncome": 4777000000,
    "operatingIncomeRatio": 0.4363752626,
    "totalOtherIncomeExpensesNet": 49000000,
    "incomeBeforeTax": 4826000000,
    "incomeBeforeTaxRatio": 0.4408513748,
    "incomeTaxExpense": 1020000000,
    "netIncome": 3806000000,
    "netIncomeRatio": 0.3476751621,
    "eps": 0.81,
    "epsdiluted": 0.8,
    "weightedAverageShsOut": 4722676000,
    "weightedAverageShsOutDil": 4756000000,
    "link": "https://www.sec.gov/Archives/edgar/data/1341439/000119312513272832/0001193125-13-272832-index.htm",
    "finalLink": "https://www.sec.gov/Archives/edgar/data/1341439/000119312513272832/d531515d10k.htm"
  },
  {
    "date": "2013-02-28",
    "symbol": "ORCL",
    "reportedCurrency": "USD",
    "cik": "0001341439",
    "fillingDate": "2013-03-22",
    "acceptedDate": "2013-03-22 16:27:38",
    "calendarYear": "2013",
    "period": "Q3",
    "revenue": 8958000000,
    "costOfRevenue": 1716000000,
    "grossProfit": 7242000000,
    "grossProfitRatio": 0.8084393838,
    "researchAndDevelopmentExpenses": 1186000000,
    "generalAndAdministrativeExpenses": 260000000,
    "sellingAndMarketingExpenses": 1802000000,
    "sellingGeneralAndAdministrativeExpenses": 2062000000,
    "otherExpenses": 660000000,
    "operatingExpenses": 3908000000,
    "costAndExpenses": 5624000000,
    "interestIncome": 62000000,
    "interestExpense": 205000000,
    "depreciationAndAmortization": 725000000,
    "ebitda": 4020000000,
    "ebitdaratio": 0.4487608841,
    "operatingIncome": 3408000000,
    "operatingIncomeRatio": 0.380442063,
    "totalOtherIncomeExpensesNet": -318000000,
    "incomeBeforeTax": 3090000000,
    "incomeBeforeTaxRatio": 0.3449430676,
    "incomeTaxExpense": 586000000,
    "netIncome": 2504000000,
    "netIncomeRatio": 0.2795266801,
    "eps": 0.52,
    "epsdiluted": 0.52,
    "weightedAverageShsOut": 4812000000,
    "weightedAverageShsOutDil": 4815385000,
    "link": "https://www.sec.gov/Archives/edgar/data/1341439/000119312513122271/0001193125-13-122271-index.htm",
    "finalLink": "https://www.sec.gov/Archives/edgar/data/1341439/000119312513122271/d474064d10q.htm"
  },
  {
    "date": "2012-11-30",
    "symbol": "ORCL",
    "reportedCurrency": "USD",
    "cik": "0001341439",
    "fillingDate": "2012-12-21",
    "acceptedDate": "2012-12-21 16:14:27",
    "calendarYear": "2013",
    "period": "Q2",
    "revenue": 9094000000,
    "costOfRevenue": 1794000000,
    "grossProfit": 7300000000,
    "grossProfitRatio": 0.8027270728,
    "researchAndDevelopmentExpenses": 1199000000,
    "generalAndAdministrativeExpenses": 263000000,
    "sellingAndMarketingExpenses": 1773000000,
    "sellingGeneralAndAdministrativeExpenses": 2036000000,
    "otherExpenses": 594000000,
    "operatingExpenses": 3829000000,
    "costAndExpenses": 5623000000,
    "interestIncome": 61000000,
    "interestExpense": 195000000,
    "depreciationAndAmortization": 405000000,
    "ebitda": 3886000000,
    "ebitdaratio": 0.427314713,
    "operatingIncome": 3481000000,
    "operatingIncomeRatio": 0.3827798548,
    "totalOtherIncomeExpensesNet": -201000000,
    "incomeBeforeTax": 3280000000,
    "incomeBeforeTaxRatio": 0.3606773697,
    "incomeTaxExpense": 699000000,
    "netIncome": 2581000000,
    "netIncomeRatio": 0.2838135034,
    "eps": 0.53,
    "epsdiluted": 0.53,
    "weightedAverageShsOut": 4868000000,
    "weightedAverageShsOutDil": 4869811000,
    "link": "https://www.sec.gov/Archives/edgar/data/1341439/000119312512513009/0001193125-12-513009-index.htm",
    "finalLink": "https://www.sec.gov/Archives/edgar/data/1341439/000119312512513009/d454343d10q.htm"
  },
  {
    "date": "2012-08-31",
    "symbol": "ORCL",
    "reportedCurrency": "USD",
    "cik": "0001341439",
    "fillingDate": "2012-09-24",
    "acceptedDate": "2012-09-24 16:59:18",
    "calendarYear": "2013",
    "period": "Q1",
    "revenue": 8181000000,
    "costOfRevenue": 1775000000,
    "grossProfit": 6406000000,
    "grossProfitRatio": 0.7830338589,
    "researchAndDevelopmentExpenses": 1201000000,
    "generalAndAdministrativeExpenses": 275000000,
    "sellingAndMarketingExpenses": 1545000000,
    "sellingGeneralAndAdministrativeExpenses": 1820000000,
    "otherExpenses": 506000000,
    "operatingExpenses": 3527000000,
    "costAndExpenses": 5302000000,
    "interestIncome": 57000000,
    "interestExpense": 188000000,
    "depreciationAndAmortization": 746000000,
    "ebitda": 3636000000,
    "ebitdaratio": 0.4444444444,
    "operatingIncome": 2879000000,
    "operatingIncomeRatio": 0.3519129691,
    "totalOtherIncomeExpensesNet": -177000000,
    "incomeBeforeTax": 2702000000,
    "incomeBeforeTaxRatio": 0.3302774722,
    "incomeTaxExpense": 668000000,
    "netIncome": 2034000000,
    "netIncomeRatio": 0.2486248625,
    "eps": 0.42,
    "epsdiluted": 0.41,
    "weightedAverageShsOut": 4867000000,
    "weightedAverageShsOutDil": 4939000000,
    "link": "https://www.sec.gov/Archives/edgar/data/1341439/000119312512401697/0001193125-12-401697-index.htm",
    "finalLink": "https://www.sec.gov/Archives/edgar/data/1341439/000119312512401697/d397317d10q.htm"
  },
  {
    "date": "2012-05-31",
    "symbol": "ORCL",
    "reportedCurrency": "USD",
    "cik": "0001341439",
    "fillingDate": "2012-06-26",
    "acceptedDate": "2012-06-26 17:25:40",
    "calendarYear": "2012",
    "period": "Q4",
    "revenue": 10916000000,
    "costOfRevenue": 2006000000,
    "grossProfit": 8910000000,
    "grossProfitRatio": 0.8162330524,
    "researchAndDevelopmentExpenses": 1226000000,
    "generalAndAdministrativeExpenses": 278000000,
    "sellingAndMarketingExpenses": 2100000000,
    "sellingGeneralAndAdministrativeExpenses": 2378000000,
    "otherExpenses": 711000000,
    "operatingExpenses": 4315000000,
    "costAndExpenses": 6321000000,
    "interestIncome": 56000000,
    "interestExpense": 192000000,
    "depreciationAndAmortization": 776000000,
    "ebitda": 5351000000,
    "ebitdaratio": 0.4901978747,
    "operatingIncome": 4595000000,
    "operatingIncomeRatio": 0.4209417369,
    "totalOtherIncomeExpensesNet": -212000000,
    "incomeBeforeTax": 4383000000,
    "incomeBeforeTaxRatio": 0.4015207036,
    "incomeTaxExpense": 931000000,
    "netIncome": 3452000000,
    "netIncomeRatio": 0.3162330524,
    "eps": 0.71,
    "epsdiluted": 0.71,
    "weightedAverageShsOut": 4867000000,
    "weightedAverageShsOutDil": 4867000000,
    "link": "https://www.sec.gov/Archives/edgar/data/1341439/000119312512284007/0001193125-12-284007-index.htm",
    "finalLink": "https://www.sec.gov/Archives/edgar/data/1341439/000119312512284007/d369484d10k.htm"
  },
  {
    "date": "2012-02-29",
    "symbol": "ORCL",
    "reportedCurrency": "USD",
    "cik": "0001341439",
    "fillingDate": "2012-03-23",
    "acceptedDate": "2012-03-23 17:04:59",
    "calendarYear": "2012",
    "period": "Q3",
    "revenue": 9039000000,
    "costOfRevenue": 1908000000,
    "grossProfit": 7131000000,
    "grossProfitRatio": 0.788914703,
    "researchAndDevelopmentExpenses": 1145000000,
    "generalAndAdministrativeExpenses": 261000000,
    "sellingAndMarketingExpenses": 1700000000,
    "sellingGeneralAndAdministrativeExpenses": 1961000000,
    "otherExpenses": 708000000,
    "operatingExpenses": 3814000000,
    "costAndExpenses": 5722000000,
    "interestIncome": 60000000,
    "interestExpense": 190000000,
    "depreciationAndAmortization": 730000000,
    "ebitda": 4068000000,
    "ebitdaratio": 0.4500497843,
    "operatingIncome": 3317000000,
    "operatingIncomeRatio": 0.3669653723,
    "totalOtherIncomeExpensesNet": -169000000,
    "incomeBeforeTax": 3148000000,
    "incomeBeforeTaxRatio": 0.3482686138,
    "incomeTaxExpense": 650000000,
    "netIncome": 2498000000,
    "netIncomeRatio": 0.2763580042,
    "eps": 0.5,
    "epsdiluted": 0.49,
    "weightedAverageShsOut": 5007000000,
    "weightedAverageShsOutDil": 5080000000,
    "link": "https://www.sec.gov/Archives/edgar/data/1341439/000119312512129918/0001193125-12-129918-index.htm",
    "finalLink": "https://www.sec.gov/Archives/edgar/data/1341439/000119312512129918/d289615d10q.htm"
  },
  {
    "date": "2011-11-30",
    "symbol": "ORCL",
    "reportedCurrency": "USD",
    "cik": "0001341439",
    "fillingDate": "2011-12-23",
    "acceptedDate": "2011-12-23 16:31:28",
    "calendarYear": "2012",
    "period": "Q2",
    "revenue": 8792000000,
    "costOfRevenue": 1956000000,
    "grossProfit": 6836000000,
    "grossProfitRatio": 0.7775250227,
    "researchAndDevelopmentExpenses": 1102000000,
    "generalAndAdministrativeExpenses": 277000000,
    "sellingAndMarketingExpenses": 1697000000,
    "sellingGeneralAndAdministrativeExpenses": 1974000000,
    "otherExpenses": 649000000,
    "operatingExpenses": 3725000000,
    "costAndExpenses": 5681000000,
    "interestIncome": 58000000,
    "interestExpense": 192000000,
    "depreciationAndAmortization": 701000000,
    "ebitda": 3853000000,
    "ebitdaratio": 0.4382393085,
    "operatingIncome": 3111000000,
    "operatingIncomeRatio": 0.353844404,
    "totalOtherIncomeExpensesNet": -151000000,
    "incomeBeforeTax": 2960000000,
    "incomeBeforeTaxRatio": 0.3366696997,
    "incomeTaxExpense": 768000000,
    "netIncome": 2192000000,
    "netIncomeRatio": 0.2493175614,
    "eps": 0.43,
    "epsdiluted": 0.43,
    "weightedAverageShsOut": 5041000000,
    "weightedAverageShsOutDil": 5123000000,
    "link": "https://www.sec.gov/Archives/edgar/data/1341439/000119312511351954/0001193125-11-351954-index.htm",
    "finalLink": "https://www.sec.gov/Archives/edgar/data/1341439/000119312511351954/d263957d10q.htm"
  },
  {
    "date": "2011-08-31",
    "symbol": "ORCL",
    "reportedCurrency": "USD",
    "cik": "0001341439",
    "fillingDate": "2011-09-23",
    "acceptedDate": "2011-09-23 17:29:18",
    "calendarYear": "2012",
    "period": "Q1",
    "revenue": 8374000000,
    "costOfRevenue": 1988000000,
    "grossProfit": 6386000000,
    "grossProfitRatio": 0.7625985192,
    "researchAndDevelopmentExpenses": 1050000000,
    "generalAndAdministrativeExpenses": 311000000,
    "sellingAndMarketingExpenses": 1630000000,
    "sellingGeneralAndAdministrativeExpenses": 1941000000,
    "otherExpenses": 712000000,
    "operatingExpenses": 3703000000,
    "costAndExpenses": 5691000000,
    "interestIncome": 57000000,
    "interestExpense": 192000000,
    "depreciationAndAmortization": 709000000,
    "ebitda": 3372000000,
    "ebitdaratio": 0.4026749463,
    "operatingIncome": 2683000000,
    "operatingIncomeRatio": 0.3203964652,
    "totalOtherIncomeExpensesNet": -212000000,
    "incomeBeforeTax": 2471000000,
    "incomeBeforeTaxRatio": 0.2950800096,
    "incomeTaxExpense": 631000000,
    "netIncome": 1840000000,
    "netIncomeRatio": 0.2197277287,
    "eps": 0.36,
    "epsdiluted": 0.36,
    "weightedAverageShsOut": 5062000000,
    "weightedAverageShsOutDil": 5150000000,
    "link": "https://www.sec.gov/Archives/edgar/data/1341439/000119312511255436/0001193125-11-255436-index.htm",
    "finalLink": "https://www.sec.gov/Archives/edgar/data/1341439/000119312511255436/d234670d10q.htm"
  },
  {
    "date": "2011-05-31",
    "symbol": "ORCL",
    "reportedCurrency": "USD",
    "cik": "0001341439",
    "fillingDate": "2011-06-28",
    "acceptedDate": "2011-06-27 21:44:56",
    "calendarYear": "2011",
    "period": "Q4",
    "revenue": 10775000000,
    "costOfRevenue": 2169000000,
    "grossProfit": 8606000000,
    "grossProfitRatio": 0.7987006961,
    "researchAndDevelopmentExpenses": 1170000000,
    "generalAndAdministrativeExpenses": 256000000,
    "sellingAndMarketingExpenses": 2097000000,
    "sellingGeneralAndAdministrativeExpenses": 2353000000,
    "otherExpenses": 724000000,
    "operatingExpenses": 4247000000,
    "costAndExpenses": 6416000000,
    "interestIncome": 45000000,
    "interestExpense": 195000000,
    "depreciationAndAmortization": 684000000,
    "ebitda": 5049000000,
    "ebitdaratio": 0.4685846868,
    "operatingIncome": 4359000000,
    "operatingIncomeRatio": 0.4045475638,
    "totalOtherIncomeExpensesNet": -189000000,
    "incomeBeforeTax": 4170000000,
    "incomeBeforeTaxRatio": 0.3870069606,
    "incomeTaxExpense": 961000000,
    "netIncome": 3209000000,
    "netIncomeRatio": 0.2978190255,
    "eps": 0.63,
    "epsdiluted": 0.63,
    "weightedAverageShsOut": 5062000000,
    "weightedAverageShsOutDil": 5062000000,
    "link": "https://www.sec.gov/Archives/edgar/data/1341439/000119312511174819/0001193125-11-174819-index.htm",
    "finalLink": "https://www.sec.gov/Archives/edgar/data/1341439/000119312511174819/d10k.htm"
  },
  {
    "date": "2011-02-28",
    "symbol": "ORCL",
    "reportedCurrency": "USD",
    "cik": "0001341439",
    "fillingDate": "2011-03-29",
    "acceptedDate": "2011-03-29 15:30:11",
    "calendarYear": "2011",
    "period": "Q3",
    "revenue": 8764000000,
    "costOfRevenue": 2012000000,
    "grossProfit": 6752000000,
    "grossProfitRatio": 0.7704244637,
    "researchAndDevelopmentExpenses": 1127000000,
    "generalAndAdministrativeExpenses": 286000000,
    "sellingAndMarketingExpenses": 1618000000,
    "sellingGeneralAndAdministrativeExpenses": 1904000000,
    "otherExpenses": 734000000,
    "operatingExpenses": 3765000000,
    "costAndExpenses": 5777000000,
    "interestIncome": 44000000,
    "interestExpense": 204000000,
    "depreciationAndAmortization": 701000000,
    "ebitda": 3704000000,
    "ebitdaratio": 0.4226380648,
    "operatingIncome": 2987000000,
    "operatingIncomeRatio": 0.3408261068,
    "totalOtherIncomeExpensesNet": -188000000,
    "incomeBeforeTax": 2799000000,
    "incomeBeforeTaxRatio": 0.3193747147,
    "incomeTaxExpense": 683000000,
    "netIncome": 2116000000,
    "netIncomeRatio": 0.2414422638,
    "eps": 0.42,
    "epsdiluted": 0.41,
    "weightedAverageShsOut": 5057000000,
    "weightedAverageShsOutDil": 5149000000,
    "link": "https://www.sec.gov/Archives/edgar/data/1341439/000119312511081178/0001193125-11-081178-index.htm",
    "finalLink": "https://www.sec.gov/Archives/edgar/data/1341439/000119312511081178/d10q.htm"
  },
  {
    "date": "2010-11-30",
    "symbol": "ORCL",
    "reportedCurrency": "USD",
    "cik": "0001341439",
    "fillingDate": "2010-12-21",
    "acceptedDate": "2010-12-21 17:18:21",
    "calendarYear": "2011",
    "period": "Q2",
    "revenue": 8582000000,
    "costOfRevenue": 2157000000,
    "grossProfit": 6425000000,
    "grossProfitRatio": 0.748659986,
    "researchAndDevelopmentExpenses": 1119000000,
    "generalAndAdministrativeExpenses": 156000000,
    "sellingAndMarketingExpenses": 1530000000,
    "sellingGeneralAndAdministrativeExpenses": 1686000000,
    "otherExpenses": 850000000,
    "operatingExpenses": 3655000000,
    "costAndExpenses": 5812000000,
    "interestIncome": 39000000,
    "interestExpense": 214000000,
    "depreciationAndAmortization": 709000000,
    "ebitda": 3569000000,
    "ebitdaratio": 0.4158704265,
    "operatingIncome": 2770000000,
    "operatingIncomeRatio": 0.3227685854,
    "totalOtherIncomeExpensesNet": -124000000,
    "incomeBeforeTax": 2646000000,
    "incomeBeforeTaxRatio": 0.308319739,
    "incomeTaxExpense": 776000000,
    "netIncome": 1870000000,
    "netIncomeRatio": 0.2178979259,
    "eps": 0.37,
    "epsdiluted": 0.37,
    "weightedAverageShsOut": 5044000000,
    "weightedAverageShsOutDil": 5117000000,
    "link": "https://www.sec.gov/Archives/edgar/data/1341439/000119312510285703/0001193125-10-285703-index.htm",
    "finalLink": "https://www.sec.gov/Archives/edgar/data/1341439/000119312510285703/d10q.htm"
  },
  {
    "date": "2010-08-31",
    "symbol": "ORCL",
    "reportedCurrency": "USD",
    "cik": "0001341439",
    "fillingDate": "2010-09-20",
    "acceptedDate": "2010-09-20 16:13:29",
    "calendarYear": "2011",
    "period": "Q1",
    "revenue": 7502000000,
    "costOfRevenue": 2062000000,
    "grossProfit": 5440000000,
    "grossProfitRatio": 0.7251399627,
    "researchAndDevelopmentExpenses": 1103000000,
    "generalAndAdministrativeExpenses": 272000000,
    "sellingAndMarketingExpenses": 1333000000,
    "sellingGeneralAndAdministrativeExpenses": 1605000000,
    "otherExpenses": 815000000,
    "operatingExpenses": 3523000000,
    "costAndExpenses": 5585000000,
    "interestIncome": 34000000,
    "interestExpense": 196000000,
    "depreciationAndAmortization": 702000000,
    "ebitda": 2693000000,
    "ebitdaratio": 0.3589709411,
    "operatingIncome": 1917000000,
    "operatingIncomeRatio": 0.2555318582,
    "totalOtherIncomeExpensesNet": -122000000,
    "incomeBeforeTax": 1795000000,
    "incomeBeforeTaxRatio": 0.2392695281,
    "incomeTaxExpense": 443000000,
    "netIncome": 1352000000,
    "netIncomeRatio": 0.1802186084,
    "eps": 0.27,
    "epsdiluted": 0.27,
    "weightedAverageShsOut": 5026000000,
    "weightedAverageShsOutDil": 5083000000,
    "link": "https://www.sec.gov/Archives/edgar/data/1341439/000119312510213084/0001193125-10-213084-index.htm",
    "finalLink": "https://www.sec.gov/Archives/edgar/data/1341439/000119312510213084/d10q.htm"
  },
  {
    "date": "2010-05-31",
    "symbol": "ORCL",
    "reportedCurrency": "USD",
    "cik": "0001341439",
    "fillingDate": "2010-07-01",
    "acceptedDate": "2010-06-30 21:59:05",
    "calendarYear": "2010",
    "period": "Q4",
    "revenue": 9505000000,
    "costOfRevenue": 2242000000,
    "grossProfit": 7263000000,
    "grossProfitRatio": 0.7641241452,
    "researchAndDevelopmentExpenses": 1063000000,
    "generalAndAdministrativeExpenses": 292000000,
    "sellingAndMarketingExpenses": 1745000000,
    "sellingGeneralAndAdministrativeExpenses": 2037000000,
    "otherExpenses": 863000000,
    "operatingExpenses": 3963000000,
    "costAndExpenses": 6205000000,
    "interestIncome": 0,
    "interestExpense": 201000000,
    "depreciationAndAmortization": 706000000,
    "ebitda": 3982000000,
    "ebitdaratio": 0.4189374014,
    "operatingIncome": 3300000000,
    "operatingIncomeRatio": 0.3471856917,
    "totalOtherIncomeExpensesNet": -225000000,
    "incomeBeforeTax": 3075000000,
    "incomeBeforeTaxRatio": 0.32351394,
    "incomeTaxExpense": 712000000,
    "netIncome": 2363000000,
    "netIncomeRatio": 0.2486059968,
    "eps": 0.47,
    "epsdiluted": 0.47,
    "weightedAverageShsOut": 5020000000,
    "weightedAverageShsOutDil": 5026000000,
    "link": "https://www.sec.gov/Archives/edgar/data/1341439/000119312510151896/0001193125-10-151896-index.htm",
    "finalLink": "https://www.sec.gov/Archives/edgar/data/1341439/000119312510151896/d10k.htm"
  },
  {
    "date": "2010-02-28",
    "symbol": "ORCL",
    "reportedCurrency": "USD",
    "cik": "0001341439",
    "fillingDate": "2010-03-29",
    "acceptedDate": "2010-03-29 17:23:54",
    "calendarYear": "2010",
    "period": "Q3",
    "revenue": 6404000000,
    "costOfRevenue": 1419000000,
    "grossProfit": 4985000000,
    "grossProfitRatio": 0.7784197377,
    "researchAndDevelopmentExpenses": 823000000,
    "generalAndAdministrativeExpenses": 236000000,
    "sellingAndMarketingExpenses": 1241000000,
    "sellingGeneralAndAdministrativeExpenses": 1477000000,
    "otherExpenses": 842000000,
    "operatingExpenses": 3142000000,
    "costAndExpenses": 4561000000,
    "interestIncome": 27000000,
    "interestExpense": 186000000,
    "depreciationAndAmortization": 575000000,
    "ebitda": 2343000000,
    "ebitdaratio": 0.3658650843,
    "operatingIncome": 1843000000,
    "operatingIncomeRatio": 0.2877888819,
    "totalOtherIncomeExpensesNet": -261000000,
    "incomeBeforeTax": 1582000000,
    "incomeBeforeTaxRatio": 0.2470331043,
    "incomeTaxExpense": 393000000,
    "netIncome": 1189000000,
    "netIncomeRatio": 0.1856652092,
    "eps": 0.24,
    "epsdiluted": 0.23,
    "weightedAverageShsOut": 5015000000,
    "weightedAverageShsOutDil": 5076000000,
    "link": "https://www.sec.gov/Archives/edgar/data/1341439/000119312510070192/0001193125-10-070192-index.htm",
    "finalLink": "https://www.sec.gov/Archives/edgar/data/1341439/000119312510070192/d10q.htm"
  },
  {
    "date": "2009-11-30",
    "symbol": "ORCL",
    "reportedCurrency": "USD",
    "cik": "0001341439",
    "fillingDate": "2009-12-22",
    "acceptedDate": "2009-12-21 17:56:40",
    "calendarYear": "2010",
    "period": "Q2",
    "revenue": 5858000000,
    "costOfRevenue": 1096000000,
    "grossProfit": 4762000000,
    "grossProfitRatio": 0.8129054285,
    "researchAndDevelopmentExpenses": 708000000,
    "generalAndAdministrativeExpenses": 183000000,
    "sellingAndMarketingExpenses": 1133000000,
    "sellingGeneralAndAdministrativeExpenses": 1316000000,
    "otherExpenses": 560000000,
    "operatingExpenses": 2584000000,
    "costAndExpenses": 3680000000,
    "interestIncome": 0,
    "interestExpense": 188000000,
    "depreciationAndAmortization": 498000000,
    "ebitda": 2709000000,
    "ebitdaratio": 0.4624445203,
    "operatingIncome": 2178000000,
    "operatingIncomeRatio": 0.3717992489,
    "totalOtherIncomeExpensesNet": -155000000,
    "incomeBeforeTax": 2023000000,
    "incomeBeforeTaxRatio": 0.3453397064,
    "incomeTaxExpense": 565000000,
    "netIncome": 1458000000,
    "netIncomeRatio": 0.2488904063,
    "eps": 0.29,
    "epsdiluted": 0.29,
    "weightedAverageShsOut": 5010000000,
    "weightedAverageShsOutDil": 5064000000,
    "link": "https://www.sec.gov/Archives/edgar/data/1341439/000119312509257212/0001193125-09-257212-index.htm",
    "finalLink": "https://www.sec.gov/Archives/edgar/data/1341439/000119312509257212/d10q.htm"
  },
  {
    "date": "2009-08-31",
    "symbol": "ORCL",
    "reportedCurrency": "USD",
    "cik": "0001341439",
    "fillingDate": "2009-09-21",
    "acceptedDate": "2009-09-21 16:59:46",
    "calendarYear": "2010",
    "period": "Q1",
    "revenue": 5054000000,
    "costOfRevenue": 1008000000,
    "grossProfit": 4046000000,
    "grossProfitRatio": 0.8005540166,
    "researchAndDevelopmentExpenses": 660000000,
    "generalAndAdministrativeExpenses": 201000000,
    "sellingAndMarketingExpenses": 960000000,
    "sellingGeneralAndAdministrativeExpenses": 1161000000,
    "otherExpenses": 485000000,
    "operatingExpenses": 2306000000,
    "costAndExpenses": 3314000000,
    "interestIncome": 0,
    "interestExpense": 179000000,
    "depreciationAndAmortization": 492000000,
    "ebitda": 2233000000,
    "ebitdaratio": 0.4418282548,
    "operatingIncome": 1740000000,
    "operatingIncomeRatio": 0.344281757,
    "totalOtherIncomeExpensesNet": -178000000,
    "incomeBeforeTax": 1562000000,
    "incomeBeforeTaxRatio": 0.309062129,
    "incomeTaxExpense": 438000000,
    "netIncome": 1124000000,
    "netIncomeRatio": 0.2223981005,
    "eps": 0.22,
    "epsdiluted": 0.22,
    "weightedAverageShsOut": 5009000000,
    "weightedAverageShsOutDil": 5063000000,
    "link": "https://www.sec.gov/Archives/edgar/data/1341439/000119312509195193/0001193125-09-195193-index.htm",
    "finalLink": "https://www.sec.gov/Archives/edgar/data/1341439/000119312509195193/d10q.htm"
  },
  {
    "date": "2009-05-31",
    "symbol": "ORCL",
    "reportedCurrency": "USD",
    "cik": "0001341439",
    "fillingDate": "2009-06-29",
    "acceptedDate": "2009-06-29 17:05:21",
    "calendarYear": "2009",
    "period": "Q4",
    "revenue": 6861000000,
    "costOfRevenue": 1179000000,
    "grossProfit": 5682000000,
    "grossProfitRatio": 0.8281591605,
    "researchAndDevelopmentExpenses": 730000000,
    "generalAndAdministrativeExpenses": 213000000,
    "sellingAndMarketingExpenses": 1326000000,
    "sellingGeneralAndAdministrativeExpenses": 1540000000,
    "otherExpenses": 527000000,
    "operatingExpenses": 2797000000,
    "costAndExpenses": 3976000000,
    "interestIncome": 0,
    "interestExpense": 0,
    "depreciationAndAmortization": 502000000,
    "ebitda": 3386000000,
    "ebitdaratio": 0.493514065,
    "operatingIncome": 2885000000,
    "operatingIncomeRatio": 0.4204926396,
    "totalOtherIncomeExpensesNet": -130000000,
    "incomeBeforeTax": 2755000000,
    "incomeBeforeTaxRatio": 0.4015449643,
    "incomeTaxExpense": 864000000,
    "netIncome": 1891000000,
    "netIncomeRatio": 0.2756157994,
    "eps": 0.38,
    "epsdiluted": 0.38,
    "weightedAverageShsOut": 4995000000,
    "weightedAverageShsOutDil": 5009000000,
    "link": "https://www.sec.gov/Archives/edgar/data/1341439/000095012309018689/0000950123-09-018689-index.htm",
    "finalLink": "https://www.sec.gov/Archives/edgar/data/1341439/000095012309018689/f52658e10vk.htm"
  },
  {
    "date": "2009-02-28",
    "symbol": "ORCL",
    "reportedCurrency": "USD",
    "cik": "0001341439",
    "fillingDate": "2009-03-23",
    "acceptedDate": "2009-03-23 15:29:36",
    "calendarYear": "2009",
    "period": "Q3",
    "revenue": 5453000000,
    "costOfRevenue": 1111000000,
    "grossProfit": 4342000000,
    "grossProfitRatio": 0.79625894,
    "researchAndDevelopmentExpenses": 677000000,
    "generalAndAdministrativeExpenses": 192000000,
    "sellingAndMarketingExpenses": 1054000000,
    "sellingGeneralAndAdministrativeExpenses": 1246000000,
    "otherExpenses": 479000000,
    "operatingExpenses": 2402000000,
    "costAndExpenses": 3513000000,
    "interestIncome": 0,
    "interestExpense": 154000000,
    "depreciationAndAmortization": 501000000,
    "ebitda": 2465000000,
    "ebitdaratio": 0.452044746,
    "operatingIncome": 1940000000,
    "operatingIncomeRatio": 0.3557674674,
    "totalOtherIncomeExpensesNet": -130000000,
    "incomeBeforeTax": 1810000000,
    "incomeBeforeTaxRatio": 0.3319273794,
    "incomeTaxExpense": 481000000,
    "netIncome": 1329000000,
    "netIncomeRatio": 0.2437190537,
    "eps": 0.27,
    "epsdiluted": 0.26,
    "weightedAverageShsOut": 5005000000,
    "weightedAverageShsOutDil": 5056000000,
    "link": "https://www.sec.gov/Archives/edgar/data/1341439/000095013409005859/0000950134-09-005859-index.htm",
    "finalLink": "https://www.sec.gov/Archives/edgar/data/1341439/000095013409005859/f51802e10vq.htm"
  },
  {
    "date": "2008-11-30",
    "symbol": "ORCL",
    "reportedCurrency": "USD",
    "cik": "0001341439",
    "fillingDate": "2008-12-22",
    "acceptedDate": "2008-12-22 17:20:40",
    "calendarYear": "2009",
    "period": "Q2",
    "revenue": 5607000000,
    "costOfRevenue": 939000000,
    "grossProfit": 4668000000,
    "grossProfitRatio": 0.8325307651,
    "researchAndDevelopmentExpenses": 651000000,
    "generalAndAdministrativeExpenses": 174000000,
    "sellingAndMarketingExpenses": 1146000000,
    "sellingGeneralAndAdministrativeExpenses": 1320000000,
    "otherExpenses": 722000000,
    "operatingExpenses": 2693000000,
    "costAndExpenses": 3632000000,
    "interestIncome": 0,
    "interestExpense": 157000000,
    "depreciationAndAmortization": 496000000,
    "ebitda": 2479000000,
    "ebitdaratio": 0.442125914,
    "operatingIncome": 1975000000,
    "operatingIncomeRatio": 0.3522382736,
    "totalOtherIncomeExpensesNet": -149000000,
    "incomeBeforeTax": 1826000000,
    "incomeBeforeTaxRatio": 0.3256643481,
    "incomeTaxExpense": 530000000,
    "netIncome": 1296000000,
    "netIncomeRatio": 0.2311396469,
    "eps": 0.25,
    "epsdiluted": 0.25,
    "weightedAverageShsOut": 5127000000,
    "weightedAverageShsOutDil": 5187000000,
    "link": "https://www.sec.gov/Archives/edgar/data/1341439/000095013408022578/0000950134-08-022578-index.htm",
    "finalLink": "https://www.sec.gov/Archives/edgar/data/1341439/000095013408022578/f50703e10vq.htm"
  },
  {
    "date": "2008-08-31",
    "symbol": "ORCL",
    "reportedCurrency": "USD",
    "cik": "0001341439",
    "fillingDate": "2008-09-22",
    "acceptedDate": "2008-09-22 10:11:23",
    "calendarYear": "2009",
    "period": "Q1",
    "revenue": 5331000000,
    "costOfRevenue": 1026000000,
    "grossProfit": 4305000000,
    "grossProfitRatio": 0.8075407991,
    "researchAndDevelopmentExpenses": 708000000,
    "generalAndAdministrativeExpenses": 488000000,
    "sellingAndMarketingExpenses": 1112000000,
    "sellingGeneralAndAdministrativeExpenses": 1600000000,
    "otherExpenses": 476000000,
    "operatingExpenses": 2784000000,
    "costAndExpenses": 3810000000,
    "interestIncome": 0,
    "interestExpense": 159000000,
    "depreciationAndAmortization": 477000000,
    "ebitda": 2080000000,
    "ebitdaratio": 0.3901706997,
    "operatingIncome": 1521000000,
    "operatingIncomeRatio": 0.2853123241,
    "totalOtherIncomeExpensesNet": -77000000,
    "incomeBeforeTax": 1444000000,
    "incomeBeforeTaxRatio": 0.270868505,
    "incomeTaxExpense": 367000000,
    "netIncome": 1077000000,
    "netIncomeRatio": 0.2020258863,
    "eps": 0.21,
    "epsdiluted": 0.21,
    "weightedAverageShsOut": 5152000000,
    "weightedAverageShsOutDil": 5235000000,
    "link": "https://www.sec.gov/Archives/edgar/data/1341439/000095013408016926/0000950134-08-016926-index.htm",
    "finalLink": "https://www.sec.gov/Archives/edgar/data/1341439/000095013408016926/f43743e10vq.htm"
  },
  {
    "date": "2008-05-31",
    "symbol": "ORCL",
    "reportedCurrency": "USD",
    "cik": "0001341439",
    "fillingDate": "2008-07-02",
    "acceptedDate": "2008-07-02 06:01:47",
    "calendarYear": "2008",
    "period": "Q4",
    "revenue": 7239000000,
    "costOfRevenue": 1341000000,
    "grossProfit": 5898000000,
    "grossProfitRatio": 0.814753419,
    "researchAndDevelopmentExpenses": 734000000,
    "generalAndAdministrativeExpenses": 201000000,
    "sellingAndMarketingExpenses": 1527000000,
    "sellingGeneralAndAdministrativeExpenses": 1726000000,
    "otherExpenses": 468000000,
    "operatingExpenses": 2928000000,
    "costAndExpenses": 4269000000,
    "interestIncome": 0,
    "interestExpense": 0,
    "depreciationAndAmortization": 411000000,
    "ebitda": 3504000000,
    "ebitdaratio": 0.4840447576,
    "operatingIncome": 2970000000,
    "operatingIncomeRatio": 0.4102776627,
    "totalOtherIncomeExpensesNet": -29000000,
    "incomeBeforeTax": 2941000000,
    "incomeBeforeTaxRatio": 0.4062715845,
    "incomeTaxExpense": 904000000,
    "netIncome": 2037000000,
    "netIncomeRatio": 0.2813924575,
    "eps": 0.4,
    "epsdiluted": 0.4,
    "weightedAverageShsOut": 5148000000,
    "weightedAverageShsOutDil": 5152000000,
    "link": "https://www.sec.gov/Archives/edgar/data/1341439/000095013408012257/0000950134-08-012257-index.htm",
    "finalLink": "https://www.sec.gov/Archives/edgar/data/1341439/000095013408012257/f41477e10vk.htm"
  },
  {
    "date": "2008-02-29",
    "symbol": "ORCL",
    "reportedCurrency": "USD",
    "cik": "0001341439",
    "fillingDate": "2008-04-01",
    "acceptedDate": "2008-04-01 16:32:46",
    "calendarYear": "2008",
    "period": "Q3",
    "revenue": 5349000000,
    "costOfRevenue": 1243000000,
    "grossProfit": 4106000000,
    "grossProfitRatio": 0.7676201159,
    "researchAndDevelopmentExpenses": 682000000,
    "generalAndAdministrativeExpenses": 206000000,
    "sellingAndMarketingExpenses": 1083000000,
    "sellingGeneralAndAdministrativeExpenses": 1289000000,
    "otherExpenses": 260000000,
    "operatingExpenses": 2231000000,
    "costAndExpenses": 3474000000,
    "interestIncome": 0,
    "interestExpense": 0,
    "depreciationAndAmortization": 357000000,
    "ebitda": 2200000000,
    "ebitdaratio": 0.4112918302,
    "operatingIncome": 1875000000,
    "operatingIncomeRatio": 0.3505328099,
    "totalOtherIncomeExpensesNet": 2000000,
    "incomeBeforeTax": 1877000000,
    "incomeBeforeTaxRatio": 0.3509067115,
    "incomeTaxExpense": 537000000,
    "netIncome": 1340000000,
    "netIncomeRatio": 0.2505141148,
    "eps": 0.26,
    "epsdiluted": 0.26,
    "weightedAverageShsOut": 5148000000,
    "weightedAverageShsOutDil": 5235000000,
    "link": "https://www.sec.gov/Archives/edgar/data/1341439/000089161808000197/0000891618-08-000197-index.htm",
    "finalLink": "https://www.sec.gov/Archives/edgar/data/1341439/000089161808000197/f38202e10vq.htm"
  },
  {
    "date": "2007-11-30",
    "symbol": "ORCL",
    "reportedCurrency": "USD",
    "cik": "0001341439",
    "fillingDate": "2007-12-21",
    "acceptedDate": "2007-12-21 10:59:45",
    "calendarYear": "2008",
    "period": "Q2",
    "revenue": 5313000000,
    "costOfRevenue": 1238000000,
    "grossProfit": 4075000000,
    "grossProfitRatio": 0.7669866366,
    "researchAndDevelopmentExpenses": 674000000,
    "generalAndAdministrativeExpenses": 206000000,
    "sellingAndMarketingExpenses": 1095000000,
    "sellingGeneralAndAdministrativeExpenses": 1301000000,
    "otherExpenses": 318000000,
    "operatingExpenses": 2293000000,
    "costAndExpenses": 3531000000,
    "interestIncome": 0,
    "interestExpense": 0,
    "depreciationAndAmortization": 360000000,
    "ebitda": 2170000000,
    "ebitdaratio": 0.4084321476,
    "operatingIncome": 1782000000,
    "operatingIncomeRatio": 0.3354037267,
    "totalOtherIncomeExpensesNet": 33000000,
    "incomeBeforeTax": 1815000000,
    "incomeBeforeTaxRatio": 0.3416149068,
    "incomeTaxExpense": 512000000,
    "netIncome": 1303000000,
    "netIncomeRatio": 0.2452475061,
    "eps": 0.25,
    "epsdiluted": 0.25,
    "weightedAverageShsOut": 5125000000,
    "weightedAverageShsOutDil": 5232000000,
    "link": "https://www.sec.gov/Archives/edgar/data/1341439/000089161807000697/0000891618-07-000697-index.htm",
    "finalLink": "https://www.sec.gov/Archives/edgar/data/1341439/000089161807000697/f35957e10vq.htm"
  },
  {
    "date": "2007-08-31",
    "symbol": "ORCL",
    "reportedCurrency": "USD",
    "cik": "0001341439",
    "fillingDate": "2007-09-26",
    "acceptedDate": "2007-09-26 14:22:48",
    "calendarYear": "2008",
    "period": "Q1",
    "revenue": 4529000000,
    "costOfRevenue": 1159000000,
    "grossProfit": 3370000000,
    "grossProfitRatio": 0.7440936189,
    "researchAndDevelopmentExpenses": 652000000,
    "generalAndAdministrativeExpenses": 195000000,
    "sellingAndMarketingExpenses": 974000000,
    "sellingGeneralAndAdministrativeExpenses": 1169000000,
    "otherExpenses": 332000000,
    "operatingExpenses": 2153000000,
    "costAndExpenses": 3312000000,
    "interestIncome": 0,
    "interestExpense": 0,
    "depreciationAndAmortization": 352000000,
    "ebitda": 1616000000,
    "ebitdaratio": 0.3568116582,
    "operatingIncome": 1217000000,
    "operatingIncomeRatio": 0.2687127401,
    "totalOtherIncomeExpensesNet": -17000000,
    "incomeBeforeTax": 1200000000,
    "incomeBeforeTaxRatio": 0.2649591521,
    "incomeTaxExpense": 360000000,
    "netIncome": 840000000,
    "netIncomeRatio": 0.1854714065,
    "eps": 0.16,
    "epsdiluted": 0.16,
    "weightedAverageShsOut": 5110000000,
    "weightedAverageShsOutDil": 5217000000,
    "link": "https://www.sec.gov/Archives/edgar/data/1341439/000095013407020490/0000950134-07-020490-index.htm",
    "finalLink": "https://www.sec.gov/Archives/edgar/data/1341439/000095013407020490/f33605e10vq.htm"
  },
  {
    "date": "2007-05-31",
    "symbol": "ORCL",
    "reportedCurrency": "USD",
    "cik": "0001341439",
    "fillingDate": "2007-06-29",
    "acceptedDate": "2007-06-29 17:04:46",
    "calendarYear": "2007",
    "period": "Q4",
    "revenue": 5829000000,
    "costOfRevenue": 1159000000,
    "grossProfit": 4670000000,
    "grossProfitRatio": 0.8011665809,
    "researchAndDevelopmentExpenses": 599000000,
    "generalAndAdministrativeExpenses": 190000000,
    "sellingAndMarketingExpenses": 1275000000,
    "sellingGeneralAndAdministrativeExpenses": 1464000000,
    "otherExpenses": 326000000,
    "operatingExpenses": 2389000000,
    "costAndExpenses": 3548000000,
    "interestIncome": 0,
    "interestExpense": 0,
    "depreciationAndAmortization": 320000000,
    "ebitda": 2672000000,
    "ebitdaratio": 0.4583976668,
    "operatingIncome": 2281000000,
    "operatingIncomeRatio": 0.3913192657,
    "totalOtherIncomeExpensesNet": -17000000,
    "incomeBeforeTax": 2264000000,
    "incomeBeforeTaxRatio": 0.3884028135,
    "incomeTaxExpense": 660000000,
    "netIncome": 1604000000,
    "netIncomeRatio": 0.2751758449,
    "eps": 0.31,
    "epsdiluted": 0.31,
    "weightedAverageShsOut": 5110000000,
    "weightedAverageShsOutDil": 5110000000,
    "link": "https://www.sec.gov/Archives/edgar/data/1341439/000095013407014478/0000950134-07-014478-index.htm",
    "finalLink": "https://www.sec.gov/Archives/edgar/data/1341439/000095013407014478/f31530e10vk.htm"
  },
  {
    "date": "2007-02-28",
    "symbol": "ORCL",
    "reportedCurrency": "USD",
    "cik": "0001341439",
    "fillingDate": "2007-03-27",
    "acceptedDate": "2007-03-27 17:00:49",
    "calendarYear": "2007",
    "period": "Q3",
    "revenue": 4414000000,
    "costOfRevenue": 1030000000,
    "grossProfit": 3384000000,
    "grossProfitRatio": 0.7666515632,
    "researchAndDevelopmentExpenses": 570000000,
    "generalAndAdministrativeExpenses": 175000000,
    "sellingAndMarketingExpenses": 967000000,
    "sellingGeneralAndAdministrativeExpenses": 1142000000,
    "otherExpenses": 278000000,
    "operatingExpenses": 1990000000,
    "costAndExpenses": 3020000000,
    "interestIncome": 0,
    "interestExpense": 0,
    "depreciationAndAmortization": 282000000,
    "ebitda": 1732000000,
    "ebitdaratio": 0.3923878568,
    "operatingIncome": 1394000000,
    "operatingIncomeRatio": 0.3158133213,
    "totalOtherIncomeExpensesNet": 12000000,
    "incomeBeforeTax": 1406000000,
    "incomeBeforeTaxRatio": 0.3185319438,
    "incomeTaxExpense": 373000000,
    "netIncome": 1033000000,
    "netIncomeRatio": 0.2340280924,
    "eps": 0.2,
    "epsdiluted": 0.2,
    "weightedAverageShsOut": 5159000000,
    "weightedAverageShsOutDil": 5257000000,
    "link": "https://www.sec.gov/Archives/edgar/data/1341439/000119312507065645/0001193125-07-065645-index.htm",
    "finalLink": "https://www.sec.gov/Archives/edgar/data/1341439/000119312507065645/d10q.htm"
  },
  {
    "date": "2006-11-30",
    "symbol": "ORCL",
    "reportedCurrency": "USD",
    "cik": "0001341439",
    "fillingDate": "2006-12-21",
    "acceptedDate": "2006-12-21 16:48:08",
    "calendarYear": "2007",
    "period": "Q2",
    "revenue": 4163000000,
    "costOfRevenue": 1025000000,
    "grossProfit": 3138000000,
    "grossProfitRatio": 0.7537833293,
    "researchAndDevelopmentExpenses": 519000000,
    "generalAndAdministrativeExpenses": 170000000,
    "sellingAndMarketingExpenses": 915000000,
    "sellingGeneralAndAdministrativeExpenses": 1085000000,
    "otherExpenses": 177000000,
    "operatingExpenses": 1781000000,
    "costAndExpenses": 2806000000,
    "interestIncome": 0,
    "interestExpense": 0,
    "depreciationAndAmortization": 268000000,
    "ebitda": 1600000000,
    "ebitdaratio": 0.3843382176,
    "operatingIncome": 1357000000,
    "operatingIncomeRatio": 0.3259668508,
    "totalOtherIncomeExpensesNet": -3000000,
    "incomeBeforeTax": 1354000000,
    "incomeBeforeTaxRatio": 0.3252462167,
    "incomeTaxExpense": 387000000,
    "netIncome": 967000000,
    "netIncomeRatio": 0.2322844103,
    "eps": 0.19,
    "epsdiluted": 0.18,
    "weightedAverageShsOut": 5184000000,
    "weightedAverageShsOutDil": 5287000000,
    "link": "https://www.sec.gov/Archives/edgar/data/1341439/000119312506258170/0001193125-06-258170-index.htm",
    "finalLink": "https://www.sec.gov/Archives/edgar/data/1341439/000119312506258170/d10q.htm"
  },
  {
    "date": "2006-08-31",
    "symbol": "ORCL",
    "reportedCurrency": "USD",
    "cik": "0001341439",
    "fillingDate": "2006-09-25",
    "acceptedDate": "2006-09-25 16:26:27",
    "calendarYear": "2007",
    "period": "Q1",
    "revenue": 3591000000,
    "costOfRevenue": 980000000,
    "grossProfit": 2611000000,
    "grossProfitRatio": 0.7270955166,
    "researchAndDevelopmentExpenses": 506000000,
    "generalAndAdministrativeExpenses": 157000000,
    "sellingAndMarketingExpenses": 750000000,
    "sellingGeneralAndAdministrativeExpenses": 907000000,
    "otherExpenses": 255000000,
    "operatingExpenses": 1668000000,
    "costAndExpenses": 2648000000,
    "interestIncome": 0,
    "interestExpense": 0,
    "depreciationAndAmortization": 257000000,
    "ebitda": 1257000000,
    "ebitdaratio": 0.3500417711,
    "operatingIncome": 943000000,
    "operatingIncomeRatio": 0.2626009468,
    "totalOtherIncomeExpensesNet": 19000000,
    "incomeBeforeTax": 962000000,
    "incomeBeforeTaxRatio": 0.2678919521,
    "incomeTaxExpense": 292000000,
    "netIncome": 670000000,
    "netIncomeRatio": 0.186577555,
    "eps": 0.13,
    "epsdiluted": 0.13,
    "weightedAverageShsOut": 5217000000,
    "weightedAverageShsOutDil": 5307000000,
    "link": "https://www.sec.gov/Archives/edgar/data/1341439/000119312506196503/0001193125-06-196503-index.htm",
    "finalLink": "https://www.sec.gov/Archives/edgar/data/1341439/000119312506196503/d10q.htm"
  },
  {
    "date": "2006-05-31",
    "symbol": "ORCL",
    "reportedCurrency": "USD",
    "cik": "0001341439",
    "fillingDate": "2006-07-21",
    "acceptedDate": "2006-07-21 17:24:26",
    "calendarYear": "2006",
    "period": "Q4",
    "revenue": 4851000000,
    "costOfRevenue": 964000000,
    "grossProfit": 3887000000,
    "grossProfitRatio": 0.801278087,
    "researchAndDevelopmentExpenses": 537000000,
    "generalAndAdministrativeExpenses": 409000000,
    "sellingAndMarketingExpenses": 837000000,
    "sellingGeneralAndAdministrativeExpenses": 1246000000,
    "otherExpenses": 247000000,
    "operatingExpenses": 2030000000,
    "costAndExpenses": 2994000000,
    "interestIncome": 0,
    "interestExpense": 0,
    "depreciationAndAmortization": 264000000,
    "ebitda": 2183000000,
    "ebitdaratio": 0.4500103072,
    "operatingIncome": 1857000000,
    "operatingIncomeRatio": 0.3828076685,
    "totalOtherIncomeExpensesNet": 22000000,
    "incomeBeforeTax": 1879000000,
    "incomeBeforeTaxRatio": 0.3873428159,
    "incomeTaxExpense": 579000000,
    "netIncome": 1300000000,
    "netIncomeRatio": 0.2679859823,
    "eps": 0.25,
    "epsdiluted": 0.25,
    "weightedAverageShsOut": 5217000000,
    "weightedAverageShsOutDil": 5217000000,
    "link": "https://www.sec.gov/Archives/edgar/data/1341439/000119312506151154/0001193125-06-151154-index.htm",
    "finalLink": "https://www.sec.gov/Archives/edgar/data/1341439/000119312506151154/d10k.htm"
  },
  {
    "date": "2006-02-28",
    "symbol": "ORCL",
    "reportedCurrency": "USD",
    "cik": "0001341439",
    "fillingDate": "2006-04-10",
    "acceptedDate": "2006-04-10 13:24:49",
    "calendarYear": "2006",
    "period": "Q3",
    "revenue": 3470000000,
    "costOfRevenue": 790000000,
    "grossProfit": 2680000000,
    "grossProfitRatio": 0.7723342939,
    "researchAndDevelopmentExpenses": 467000000,
    "generalAndAdministrativeExpenses": 146000000,
    "sellingAndMarketingExpenses": 756000000,
    "sellingGeneralAndAdministrativeExpenses": 902000000,
    "otherExpenses": 259000000,
    "operatingExpenses": 1628000000,
    "costAndExpenses": 2418000000,
    "interestIncome": 0,
    "interestExpense": 0,
    "depreciationAndAmortization": 232000000,
    "ebitda": 1395000000,
    "ebitdaratio": 0.4020172911,
    "operatingIncome": 1052000000,
    "operatingIncomeRatio": 0.3031700288,
    "totalOtherIncomeExpensesNet": 26000000,
    "incomeBeforeTax": 1078000000,
    "incomeBeforeTaxRatio": 0.3106628242,
    "incomeTaxExpense": 313000000,
    "netIncome": 765000000,
    "netIncomeRatio": 0.2204610951,
    "eps": 0.15,
    "epsdiluted": 0.14,
    "weightedAverageShsOut": 5207000000,
    "weightedAverageShsOutDil": 5304000000,
    "link": "https://www.sec.gov/Archives/edgar/data/1341439/000119312506076643/0001193125-06-076643-index.htm",
    "finalLink": "https://www.sec.gov/Archives/edgar/data/1341439/000119312506076643/d10q.htm"
  },
  {
    "date": "2005-11-30",
    "symbol": "ORCL",
    "reportedCurrency": "USD",
    "cik": "0001341439",
    "fillingDate": "2005-11-30",
    "acceptedDate": "2005-11-29 19:00:00",
    "calendarYear": "2006",
    "period": "Q2",
    "revenue": 3292000000,
    "costOfRevenue": 757000000,
    "grossProfit": 2535000000,
    "grossProfitRatio": 0.7700486027,
    "researchAndDevelopmentExpenses": 468000000,
    "generalAndAdministrativeExpenses": 0,
    "sellingAndMarketingExpenses": 0,
    "sellingGeneralAndAdministrativeExpenses": 815000000,
    "otherExpenses": 136000000,
    "operatingExpenses": 1419000000,
    "costAndExpenses": 2176000000,
    "interestIncome": 0,
    "interestExpense": 0,
    "depreciationAndAmortization": 167000000,
    "ebitda": 1293000000,
    "ebitdaratio": 0.3927703524,
    "operatingIncome": 1116000000,
    "operatingIncomeRatio": 0.3390036452,
    "totalOtherIncomeExpensesNet": 6000000,
    "incomeBeforeTax": 1122000000,
    "incomeBeforeTaxRatio": 0.3408262454,
    "incomeTaxExpense": 324000000,
    "netIncome": 798000000,
    "netIncomeRatio": 0.2424058323,
    "eps": 0.15,
    "epsdiluted": 0.15,
    "weightedAverageShsOut": 5152000000,
    "weightedAverageShsOutDil": 5238000000,
    "link": "",
    "finalLink": ""
  },
  {
    "date": "2005-08-31",
    "symbol": "ORCL",
    "reportedCurrency": "USD",
    "cik": "0001341439",
    "fillingDate": "2005-08-31",
    "acceptedDate": "2005-08-30 20:00:00",
    "calendarYear": "2006",
    "period": "Q1",
    "revenue": 2768000000,
    "costOfRevenue": 723000000,
    "grossProfit": 2045000000,
    "grossProfitRatio": 0.738800578,
    "researchAndDevelopmentExpenses": 400000000,
    "generalAndAdministrativeExpenses": 0,
    "sellingAndMarketingExpenses": 0,
    "sellingGeneralAndAdministrativeExpenses": 771000000,
    "otherExpenses": 162000000,
    "operatingExpenses": 1333000000,
    "costAndExpenses": 2056000000,
    "interestIncome": 0,
    "interestExpense": 0,
    "depreciationAndAmortization": 192000000,
    "ebitda": 943000000,
    "ebitdaratio": 0.3406791908,
    "operatingIncome": 712000000,
    "operatingIncomeRatio": 0.2572254335,
    "totalOtherIncomeExpensesNet": 21000000,
    "incomeBeforeTax": 733000000,
    "incomeBeforeTaxRatio": 0.2648121387,
    "incomeTaxExpense": 214000000,
    "netIncome": 519000000,
    "netIncomeRatio": 0.1875,
    "eps": 0.1,
    "epsdiluted": 0.1,
    "weightedAverageShsOut": 5148000000,
    "weightedAverageShsOutDil": 5244000000,
    "link": "",
    "finalLink": ""
  },
  {
    "date": "2005-05-31",
    "symbol": "ORCL",
    "reportedCurrency": "USD",
    "cik": "0001341439",
    "fillingDate": "2005-05-31",
    "acceptedDate": "2005-05-30 20:00:00",
    "calendarYear": "2005",
    "period": "Q4",
    "revenue": 3878000000,
    "costOfRevenue": 790000000,
    "grossProfit": 3088000000,
    "grossProfitRatio": 0.7962867457,
    "researchAndDevelopmentExpenses": 457000000,
    "generalAndAdministrativeExpenses": 0,
    "sellingAndMarketingExpenses": 0,
    "sellingGeneralAndAdministrativeExpenses": 957000000,
    "otherExpenses": 267000000,
    "operatingExpenses": 1681000000,
    "costAndExpenses": 2471000000,
    "interestIncome": 0,
    "interestExpense": 0,
    "depreciationAndAmortization": 186000000,
    "ebitda": 1738000000,
    "ebitdaratio": 0.4481691594,
    "operatingIncome": 1407000000,
    "operatingIncomeRatio": 0.3628158845,
    "totalOtherIncomeExpensesNet": -19000000,
    "incomeBeforeTax": 1388000000,
    "incomeBeforeTaxRatio": 0.3579164518,
    "incomeTaxExpense": 366000000,
    "netIncome": 1022000000,
    "netIncomeRatio": 0.2635379061,
    "eps": 0.2,
    "epsdiluted": 0.2,
    "weightedAverageShsOut": 5122000000,
    "weightedAverageShsOutDil": 5122000000,
    "link": "",
    "finalLink": ""
  },
  {
    "date": "2005-02-28",
    "symbol": "ORCL",
    "reportedCurrency": "USD",
    "cik": "0001341439",
    "fillingDate": "2005-02-28",
    "acceptedDate": "2005-02-27 19:00:00",
    "calendarYear": "2005",
    "period": "Q3",
    "revenue": 2950000000,
    "costOfRevenue": 716000000,
    "grossProfit": 2234000000,
    "grossProfitRatio": 0.7572881356,
    "researchAndDevelopmentExpenses": 411000000,
    "generalAndAdministrativeExpenses": 0,
    "sellingAndMarketingExpenses": 0,
    "sellingGeneralAndAdministrativeExpenses": 814000000,
    "otherExpenses": 239000000,
    "operatingExpenses": 1464000000,
    "costAndExpenses": 2180000000,
    "interestIncome": 0,
    "interestExpense": 0,
    "depreciationAndAmortization": 134000000,
    "ebitda": 1062000000,
    "ebitdaratio": 0.36,
    "operatingIncome": 770000000,
    "operatingIncomeRatio": 0.2610169492,
    "totalOtherIncomeExpensesNet": 1000000,
    "incomeBeforeTax": 771000000,
    "incomeBeforeTaxRatio": 0.2613559322,
    "incomeTaxExpense": 231000000,
    "netIncome": 540000000,
    "netIncomeRatio": 0.1830508475,
    "eps": 0.11,
    "epsdiluted": 0.1,
    "weightedAverageShsOut": 5122000000,
    "weightedAverageShsOutDil": 5230000000,
    "link": "",
    "finalLink": ""
  },
  {
    "date": "2004-11-30",
    "symbol": "ORCL",
    "reportedCurrency": "USD",
    "cik": "0001341439",
    "fillingDate": "2004-11-30",
    "acceptedDate": "2004-11-29 19:00:00",
    "calendarYear": "2005",
    "period": "Q2",
    "revenue": 2756000000,
    "costOfRevenue": 590000000,
    "grossProfit": 2166000000,
    "grossProfitRatio": 0.7859216255,
    "researchAndDevelopmentExpenses": 327000000,
    "generalAndAdministrativeExpenses": 0,
    "sellingAndMarketingExpenses": 0,
    "sellingGeneralAndAdministrativeExpenses": 686000000,
    "otherExpenses": 7000000,
    "operatingExpenses": 1035000000,
    "costAndExpenses": 1625000000,
    "interestIncome": 0,
    "interestExpense": 0,
    "depreciationAndAmortization": 52000000,
    "ebitda": 1183000000,
    "ebitdaratio": 0.429245283,
    "operatingIncome": 1131000000,
    "operatingIncomeRatio": 0.4103773585,
    "totalOtherIncomeExpensesNet": 23000000,
    "incomeBeforeTax": 1154000000,
    "incomeBeforeTaxRatio": 0.4187227866,
    "incomeTaxExpense": 339000000,
    "netIncome": 815000000,
    "netIncomeRatio": 0.2957184325,
    "eps": 0.16,
    "epsdiluted": 0.16,
    "weightedAverageShsOut": 5123000000,
    "weightedAverageShsOutDil": 5218000000,
    "link": "",
    "finalLink": ""
  },
  {
    "date": "2004-08-31",
    "symbol": "ORCL",
    "reportedCurrency": "USD",
    "cik": "0001341439",
    "fillingDate": "2004-08-31",
    "acceptedDate": "2004-08-30 20:00:00",
    "calendarYear": "2005",
    "period": "Q1",
    "revenue": 2215000000,
    "costOfRevenue": 555000000,
    "grossProfit": 1660000000,
    "grossProfitRatio": 0.7494356659,
    "researchAndDevelopmentExpenses": 312000000,
    "generalAndAdministrativeExpenses": 0,
    "sellingAndMarketingExpenses": 0,
    "sellingGeneralAndAdministrativeExpenses": 582000000,
    "otherExpenses": 38000000,
    "operatingExpenses": 945000000,
    "costAndExpenses": 1500000000,
    "interestIncome": 0,
    "interestExpense": 0,
    "depreciationAndAmortization": 53000000,
    "ebitda": 797000000,
    "ebitdaratio": 0.3598194131,
    "operatingIncome": 715000000,
    "operatingIncomeRatio": 0.3227990971,
    "totalOtherIncomeExpensesNet": 23000000,
    "incomeBeforeTax": 738000000,
    "incomeBeforeTaxRatio": 0.3331828442,
    "incomeTaxExpense": 229000000,
    "netIncome": 509000000,
    "netIncomeRatio": 0.2297968397,
    "eps": 0.1,
    "epsdiluted": 0.1,
    "weightedAverageShsOut": 5154000000,
    "weightedAverageShsOutDil": 5241000000,
    "link": "",
    "finalLink": ""
  },
  {
    "date": "2004-05-31",
    "symbol": "ORCL",
    "reportedCurrency": "USD",
    "cik": "0001341439",
    "fillingDate": "2004-05-31",
    "acceptedDate": "2004-05-30 20:00:00",
    "calendarYear": "2004",
    "period": "Q4",
    "revenue": 3076000000,
    "costOfRevenue": 980000000,
    "grossProfit": 2096000000,
    "grossProfitRatio": 0.6814044213,
    "researchAndDevelopmentExpenses": 327000000,
    "generalAndAdministrativeExpenses": 0,
    "sellingAndMarketingExpenses": 0,
    "sellingGeneralAndAdministrativeExpenses": 362000000,
    "otherExpenses": 0,
    "operatingExpenses": 689000000,
    "costAndExpenses": 1669000000,
    "interestIncome": 0,
    "interestExpense": 0,
    "depreciationAndAmortization": 55000000,
    "ebitda": 1462000000,
    "ebitdaratio": 0.4752925878,
    "operatingIncome": 1407000000,
    "operatingIncomeRatio": 0.4574122237,
    "totalOtherIncomeExpensesNet": 12000000,
    "incomeBeforeTax": 1419000000,
    "incomeBeforeTaxRatio": 0.461313394,
    "incomeTaxExpense": 429000000,
    "netIncome": 990000000,
    "netIncomeRatio": 0.321846554,
    "eps": 0.19,
    "epsdiluted": 0.19,
    "weightedAverageShsOut": 5185000000,
    "weightedAverageShsOutDil": 5218000000,
    "link": "",
    "finalLink": ""
  },
  {
    "date": "2004-02-29",
    "symbol": "ORCL",
    "reportedCurrency": "USD",
    "cik": "0001341439",
    "fillingDate": "2004-02-29",
    "acceptedDate": "2004-02-28 19:00:00",
    "calendarYear": "2004",
    "period": "Q3",
    "revenue": 2509000000,
    "costOfRevenue": 319000000,
    "grossProfit": 1927000000,
    "grossProfitRatio": 0.7680350737,
    "researchAndDevelopmentExpenses": 330000000,
    "generalAndAdministrativeExpenses": 0,
    "sellingAndMarketingExpenses": 0,
    "sellingGeneralAndAdministrativeExpenses": 655000000,
    "otherExpenses": 23000000,
    "operatingExpenses": 1000000000,
    "costAndExpenses": 1582000000,
    "interestIncome": 0,
    "interestExpense": 0,
    "depreciationAndAmortization": 58000000,
    "ebitda": 1000000000,
    "ebitdaratio": 0.3985651654,
    "operatingIncome": 927000000,
    "operatingIncomeRatio": 0.3694699083,
    "totalOtherIncomeExpensesNet": 20000000,
    "incomeBeforeTax": 947000000,
    "incomeBeforeTaxRatio": 0.3774412116,
    "incomeTaxExpense": 312000000,
    "netIncome": 635000000,
    "netIncomeRatio": 0.25308888,
    "eps": 0.12,
    "epsdiluted": 0.12,
    "weightedAverageShsOut": 5218000000,
    "weightedAverageShsOutDil": 5337000000,
    "link": "",
    "finalLink": ""
  },
  {
    "date": "2003-11-30",
    "symbol": "ORCL",
    "reportedCurrency": "USD",
    "cik": "0001341439",
    "fillingDate": "2003-11-30",
    "acceptedDate": "2003-11-29 19:00:00",
    "calendarYear": "2004",
    "period": "Q2",
    "revenue": 2498000000,
    "costOfRevenue": 455000000,
    "grossProfit": 2043000000,
    "grossProfitRatio": 0.8178542834,
    "researchAndDevelopmentExpenses": 323000000,
    "generalAndAdministrativeExpenses": 0,
    "sellingAndMarketingExpenses": 0,
    "sellingGeneralAndAdministrativeExpenses": 805000000,
    "otherExpenses": 0,
    "operatingExpenses": 1128000000,
    "costAndExpenses": 1583000000,
    "interestIncome": 0,
    "interestExpense": 0,
    "depreciationAndAmortization": 60000000,
    "ebitda": 975000000,
    "ebitdaratio": 0.3903122498,
    "operatingIncome": 915000000,
    "operatingIncomeRatio": 0.3662930344,
    "totalOtherIncomeExpensesNet": 1000000,
    "incomeBeforeTax": 916000000,
    "incomeBeforeTaxRatio": 0.3666933547,
    "incomeTaxExpense": 299000000,
    "netIncome": 617000000,
    "netIncomeRatio": 0.2469975981,
    "eps": 0.12,
    "epsdiluted": 0.12,
    "weightedAverageShsOut": 5226000000,
    "weightedAverageShsOutDil": 5337000000,
    "link": "",
    "finalLink": ""
  },
  {
    "date": "2003-08-31",
    "symbol": "ORCL",
    "reportedCurrency": "USD",
    "cik": "0001341439",
    "fillingDate": "2003-08-31",
    "acceptedDate": "2003-08-30 20:00:00",
    "calendarYear": "2004",
    "period": "Q1",
    "revenue": 2072000000,
    "costOfRevenue": 563000000,
    "grossProfit": 1509000000,
    "grossProfitRatio": 0.7282818533,
    "researchAndDevelopmentExpenses": 298000000,
    "generalAndAdministrativeExpenses": 0,
    "sellingAndMarketingExpenses": 0,
    "sellingGeneralAndAdministrativeExpenses": 595000000,
    "otherExpenses": 0,
    "operatingExpenses": 893000000,
    "costAndExpenses": 1456000000,
    "interestIncome": 0,
    "interestExpense": 0,
    "depreciationAndAmortization": 61000000,
    "ebitda": 677000000,
    "ebitdaratio": 0.3267374517,
    "operatingIncome": 616000000,
    "operatingIncomeRatio": 0.2972972973,
    "totalOtherIncomeExpensesNet": 48000000,
    "incomeBeforeTax": 664000000,
    "incomeBeforeTaxRatio": 0.3204633205,
    "incomeTaxExpense": 224000000,
    "netIncome": 440000000,
    "netIncomeRatio": 0.2123552124,
    "eps": 0.08,
    "epsdiluted": 0.08,
    "weightedAverageShsOut": 5230000000,
    "weightedAverageShsOutDil": 5347000000,
    "link": "",
    "finalLink": ""
  },
  {
    "date": "2003-05-31",
    "symbol": "ORCL",
    "reportedCurrency": "USD",
    "cik": "0001341439",
    "fillingDate": "2003-05-31",
    "acceptedDate": "2003-05-30 20:00:00",
    "calendarYear": "2003",
    "period": "Q4",
    "revenue": 2832000000,
    "costOfRevenue": 580000000,
    "grossProfit": 2252000000,
    "grossProfitRatio": 0.7951977401,
    "researchAndDevelopmentExpenses": 298000000,
    "generalAndAdministrativeExpenses": 0,
    "sellingAndMarketingExpenses": 0,
    "sellingGeneralAndAdministrativeExpenses": 683000000,
    "otherExpenses": 0,
    "operatingExpenses": 981000000,
    "costAndExpenses": 1561000000,
    "interestIncome": 0,
    "interestExpense": 0,
    "depreciationAndAmortization": 69000000,
    "ebitda": 1340000000,
    "ebitdaratio": 0.4731638418,
    "operatingIncome": 1271000000,
    "operatingIncomeRatio": 0.448799435,
    "totalOtherIncomeExpensesNet": 3000000,
    "incomeBeforeTax": 1274000000,
    "incomeBeforeTaxRatio": 0.4498587571,
    "incomeTaxExpense": 416000000,
    "netIncome": 858000000,
    "netIncomeRatio": 0.3029661017,
    "eps": 0.16,
    "epsdiluted": 0.16,
    "weightedAverageShsOut": 5242000000,
    "weightedAverageShsOutDil": 5259000000,
    "link": "",
    "finalLink": ""
  },
  {
    "date": "2003-02-28",
    "symbol": "ORCL",
    "reportedCurrency": "USD",
    "cik": "0001341439",
    "fillingDate": "2003-02-28",
    "acceptedDate": "2003-02-27 19:00:00",
    "calendarYear": "2003",
    "period": "Q3",
    "revenue": 2307000000,
    "costOfRevenue": 574000000,
    "grossProfit": 1733000000,
    "grossProfitRatio": 0.7511920243,
    "researchAndDevelopmentExpenses": 301000000,
    "generalAndAdministrativeExpenses": 0,
    "sellingAndMarketingExpenses": 0,
    "sellingGeneralAndAdministrativeExpenses": 636000000,
    "otherExpenses": 0,
    "operatingExpenses": 937000000,
    "costAndExpenses": 1511000000,
    "interestIncome": 0,
    "interestExpense": 0,
    "depreciationAndAmortization": 92000000,
    "ebitda": 888000000,
    "ebitdaratio": 0.3849154746,
    "operatingIncome": 796000000,
    "operatingIncomeRatio": 0.3450368444,
    "totalOtherIncomeExpensesNet": 33000000,
    "incomeBeforeTax": 829000000,
    "incomeBeforeTaxRatio": 0.3593411357,
    "incomeTaxExpense": 258000000,
    "netIncome": 571000000,
    "netIncomeRatio": 0.2475075856,
    "eps": 0.11,
    "epsdiluted": 0.11,
    "weightedAverageShsOut": 5259000000,
    "weightedAverageShsOutDil": 5383000000,
    "link": "",
    "finalLink": ""
  },
  {
    "date": "2002-11-30",
    "symbol": "ORCL",
    "reportedCurrency": "USD",
    "cik": "0001341439",
    "fillingDate": "2002-11-30",
    "acceptedDate": "2002-11-29 19:00:00",
    "calendarYear": "2003",
    "period": "Q2",
    "revenue": 2309000000,
    "costOfRevenue": 599000000,
    "grossProfit": 1710000000,
    "grossProfitRatio": 0.7405803378,
    "researchAndDevelopmentExpenses": 295000000,
    "generalAndAdministrativeExpenses": 0,
    "sellingAndMarketingExpenses": 0,
    "sellingGeneralAndAdministrativeExpenses": 621000000,
    "otherExpenses": 0,
    "operatingExpenses": 916000000,
    "costAndExpenses": 1515000000,
    "interestIncome": 0,
    "interestExpense": 0,
    "depreciationAndAmortization": 82000000,
    "ebitda": 876000000,
    "ebitdaratio": 0.3793850152,
    "operatingIncome": 794000000,
    "operatingIncomeRatio": 0.343871806,
    "totalOtherIncomeExpensesNet": 6000000,
    "incomeBeforeTax": 800000000,
    "incomeBeforeTaxRatio": 0.3464703335,
    "incomeTaxExpense": 265000000,
    "netIncome": 535000000,
    "netIncomeRatio": 0.2317020355,
    "eps": 0.1,
    "epsdiluted": 0.1,
    "weightedAverageShsOut": 5309000000,
    "weightedAverageShsOutDil": 5420000000,
    "link": "",
    "finalLink": ""
  },
  {
    "date": "2002-08-31",
    "symbol": "ORCL",
    "reportedCurrency": "USD",
    "cik": "0001341439",
    "fillingDate": "2002-08-31",
    "acceptedDate": "2002-08-30 20:00:00",
    "calendarYear": "2003",
    "period": "Q1",
    "revenue": 2028000000,
    "costOfRevenue": 589000000,
    "grossProfit": 1439000000,
    "grossProfitRatio": 0.709566075,
    "researchAndDevelopmentExpenses": 286000000,
    "generalAndAdministrativeExpenses": 573000000,
    "sellingAndMarketingExpenses": 0,
    "sellingGeneralAndAdministrativeExpenses": 573000000,
    "otherExpenses": 0,
    "operatingExpenses": 859000000,
    "costAndExpenses": 1448000000,
    "interestIncome": 0,
    "interestExpense": 0,
    "depreciationAndAmortization": 84000000,
    "ebitda": 664000000,
    "ebitdaratio": 0.3274161736,
    "operatingIncome": 580000000,
    "operatingIncomeRatio": 0.2859960552,
    "totalOtherIncomeExpensesNet": -58000000,
    "incomeBeforeTax": 522000000,
    "incomeBeforeTaxRatio": 0.2573964497,
    "incomeTaxExpense": 179000000,
    "netIncome": 343000000,
    "netIncomeRatio": 0.1691321499,
    "eps": 0.06,
    "epsdiluted": 0.06,
    "weightedAverageShsOut": 5399000000,
    "weightedAverageShsOutDil": 5515000000,
    "link": "",
    "finalLink": ""
  },
  {
    "date": "2002-05-31",
    "symbol": "ORCL",
    "reportedCurrency": "USD",
    "cik": "0001341439",
    "fillingDate": "2002-05-31",
    "acceptedDate": "2002-05-30 20:00:00",
    "calendarYear": "2002",
    "period": "Q4",
    "revenue": 2844277000,
    "costOfRevenue": 638822000,
    "grossProfit": 2205455000,
    "grossProfitRatio": 0.7754009191,
    "researchAndDevelopmentExpenses": 281986000,
    "generalAndAdministrativeExpenses": 696930000,
    "sellingAndMarketingExpenses": 0,
    "sellingGeneralAndAdministrativeExpenses": 696930000,
    "otherExpenses": 0,
    "operatingExpenses": 978916000,
    "costAndExpenses": 1617738000,
    "interestIncome": 0,
    "interestExpense": 0,
    "depreciationAndAmortization": 129558000,
    "ebitda": 1356097000,
    "ebitdaratio": 0.4767809183,
    "operatingIncome": 1226539000,
    "operatingIncomeRatio": 0.4312305025,
    "totalOtherIncomeExpensesNet": -230976000,
    "incomeBeforeTax": 995563000,
    "incomeBeforeTaxRatio": 0.3500232221,
    "incomeTaxExpense": 339647000,
    "netIncome": 655916000,
    "netIncomeRatio": 0.2306090441,
    "eps": 0.12,
    "epsdiluted": 0.12,
    "weightedAverageShsOut": 5471521000,
    "weightedAverageShsOutDil": 5492297000,
    "link": "",
    "finalLink": ""
  },
  {
    "date": "2002-02-28",
    "symbol": "ORCL",
    "reportedCurrency": "USD",
    "cik": "0001341439",
    "fillingDate": "2002-02-28",
    "acceptedDate": "2002-02-27 19:00:00",
    "calendarYear": "2002",
    "period": "Q3",
    "revenue": 2229343000,
    "costOfRevenue": 547467000,
    "grossProfit": 1681876000,
    "grossProfitRatio": 0.7544267526,
    "researchAndDevelopmentExpenses": 283231000,
    "generalAndAdministrativeExpenses": 619906000,
    "sellingAndMarketingExpenses": 0,
    "sellingGeneralAndAdministrativeExpenses": 619906000,
    "otherExpenses": 0,
    "operatingExpenses": 903137000,
    "costAndExpenses": 1450604000,
    "interestIncome": 0,
    "interestExpense": 0,
    "depreciationAndAmortization": 72548000,
    "ebitda": 852106000,
    "ebitdaratio": 0.382222924,
    "operatingIncome": 778739000,
    "operatingIncomeRatio": 0.3493132282,
    "totalOtherIncomeExpensesNet": 2761000,
    "incomeBeforeTax": 781500000,
    "incomeBeforeTaxRatio": 0.3505517096,
    "incomeTaxExpense": 273525000,
    "netIncome": 507975000,
    "netIncomeRatio": 0.2278586113,
    "eps": 0.09,
    "epsdiluted": 0.09,
    "weightedAverageShsOut": 5492297000,
    "weightedAverageShsOutDil": 5669334000,
    "link": "",
    "finalLink": ""
  },
  {
    "date": "2001-11-30",
    "symbol": "ORCL",
    "reportedCurrency": "USD",
    "cik": "0001341439",
    "fillingDate": "2001-11-30",
    "acceptedDate": "2001-11-29 19:00:00",
    "calendarYear": "2002",
    "period": "Q2",
    "revenue": 2357335000,
    "costOfRevenue": 609838000,
    "grossProfit": 1747497000,
    "grossProfitRatio": 0.7413019363,
    "researchAndDevelopmentExpenses": 257484000,
    "generalAndAdministrativeExpenses": 670069000,
    "sellingAndMarketingExpenses": 0,
    "sellingGeneralAndAdministrativeExpenses": 670069000,
    "otherExpenses": 0,
    "operatingExpenses": 927553000,
    "costAndExpenses": 1537391000,
    "interestIncome": 0,
    "interestExpense": 0,
    "depreciationAndAmortization": 79893000,
    "ebitda": 899838000,
    "ebitdaratio": 0.3817183387,
    "operatingIncome": 819944000,
    "operatingIncomeRatio": 0.3478266772,
    "totalOtherIncomeExpensesNet": 25382000,
    "incomeBeforeTax": 845326000,
    "incomeBeforeTaxRatio": 0.3585939207,
    "incomeTaxExpense": 295864000,
    "netIncome": 549462000,
    "netIncomeRatio": 0.2330860909,
    "eps": 0.1,
    "epsdiluted": 0.1,
    "weightedAverageShsOut": 5528372000,
    "weightedAverageShsOutDil": 5695860000,
    "link": "",
    "finalLink": ""
  },
  {
    "date": "2001-08-31",
    "symbol": "ORCL",
    "reportedCurrency": "USD",
    "cik": "0001341439",
    "fillingDate": "2001-08-31",
    "acceptedDate": "2001-08-30 20:00:00",
    "calendarYear": "2002",
    "period": "Q1",
    "revenue": 2242045000,
    "costOfRevenue": 609873000,
    "grossProfit": 1632172000,
    "grossProfitRatio": 0.7279836043,
    "researchAndDevelopmentExpenses": 253299000,
    "generalAndAdministrativeExpenses": 633095000,
    "sellingAndMarketingExpenses": 0,
    "sellingGeneralAndAdministrativeExpenses": 633095000,
    "otherExpenses": 0,
    "operatingExpenses": 886394000,
    "costAndExpenses": 1496267000,
    "interestIncome": 0,
    "interestExpense": 0,
    "depreciationAndAmortization": 81001000,
    "ebitda": 827000000,
    "ebitdaratio": 0.3688596794,
    "operatingIncome": 745778000,
    "operatingIncomeRatio": 0.3326329311,
    "totalOtherIncomeExpensesNet": 39833000,
    "incomeBeforeTax": 785611000,
    "incomeBeforeTaxRatio": 0.3503993006,
    "incomeTaxExpense": 274964000,
    "netIncome": 510647000,
    "netIncomeRatio": 0.2277594785,
    "eps": 0.09,
    "epsdiluted": 0.09,
    "weightedAverageShsOut": 5579811000,
    "weightedAverageShsOutDil": 5780020000,
    "link": "",
    "finalLink": ""
  },
  {
    "date": "2001-05-31",
    "symbol": "ORCL",
    "reportedCurrency": "USD",
    "cik": "0001341439",
    "fillingDate": "2001-05-31",
    "acceptedDate": "2001-05-30 20:00:00",
    "calendarYear": "2001",
    "period": "Q4",
    "revenue": 3263884000,
    "costOfRevenue": 718550000,
    "grossProfit": 2545334000,
    "grossProfitRatio": 0.7798481809,
    "researchAndDevelopmentExpenses": 319829000,
    "generalAndAdministrativeExpenses": 930579000,
    "sellingAndMarketingExpenses": 0,
    "sellingGeneralAndAdministrativeExpenses": 930579000,
    "otherExpenses": 0,
    "operatingExpenses": 1250408000,
    "costAndExpenses": 1968958000,
    "interestIncome": 0,
    "interestExpense": 0,
    "depreciationAndAmortization": 87406000,
    "ebitda": 1382332000,
    "ebitdaratio": 0.4235236301,
    "operatingIncome": 1294926000,
    "operatingIncomeRatio": 0.3967438794,
    "totalOtherIncomeExpensesNet": 30749000,
    "incomeBeforeTax": 1325675000,
    "incomeBeforeTaxRatio": 0.4061648637,
    "incomeTaxExpense": 470781000,
    "netIncome": 854894000,
    "netIncomeRatio": 0.2619253625,
    "eps": 0.15,
    "epsdiluted": 0.15,
    "weightedAverageShsOut": 5595808000,
    "weightedAverageShsOutDil": 5595808000,
    "link": "",
    "finalLink": ""
  },
  {
    "date": "2001-02-28",
    "symbol": "ORCL",
    "reportedCurrency": "USD",
    "cik": "0001341439",
    "fillingDate": "2001-02-28",
    "acceptedDate": "2001-02-27 19:00:00",
    "calendarYear": "2001",
    "period": "Q3",
    "revenue": 2674367000,
    "costOfRevenue": 708614000,
    "grossProfit": 1965753000,
    "grossProfitRatio": 0.7350348699,
    "researchAndDevelopmentExpenses": 301455000,
    "generalAndAdministrativeExpenses": 786175000,
    "sellingAndMarketingExpenses": 0,
    "sellingGeneralAndAdministrativeExpenses": 786175000,
    "otherExpenses": 0,
    "operatingExpenses": 1087630000,
    "costAndExpenses": 1796244000,
    "interestIncome": 0,
    "interestExpense": 0,
    "depreciationAndAmortization": 83447000,
    "ebitda": 961570000,
    "ebitdaratio": 0.359550503,
    "operatingIncome": 878123000,
    "operatingIncomeRatio": 0.3283479792,
    "totalOtherIncomeExpensesNet": 25308000,
    "incomeBeforeTax": 903431000,
    "incomeBeforeTaxRatio": 0.3378111531,
    "incomeTaxExpense": 320718000,
    "netIncome": 582713000,
    "netIncomeRatio": 0.2178881956,
    "eps": 0.1,
    "epsdiluted": 0.1,
    "weightedAverageShsOut": 5595808000,
    "weightedAverageShsOutDil": 5851333000,
    "link": "",
    "finalLink": ""
  },
  {
    "date": "2000-11-30",
    "symbol": "ORCL",
    "reportedCurrency": "USD",
    "cik": "0001341439",
    "fillingDate": "2000-11-30",
    "acceptedDate": "2000-11-29 19:00:00",
    "calendarYear": "2001",
    "period": "Q2",
    "revenue": 2659546000,
    "costOfRevenue": 694998000,
    "grossProfit": 1964548000,
    "grossProfitRatio": 0.7386779548,
    "researchAndDevelopmentExpenses": 266280000,
    "generalAndAdministrativeExpenses": 752267000,
    "sellingAndMarketingExpenses": 0,
    "sellingGeneralAndAdministrativeExpenses": 752267000,
    "otherExpenses": 0,
    "operatingExpenses": 1018547000,
    "costAndExpenses": 1713545000,
    "interestIncome": 0,
    "interestExpense": 0,
    "depreciationAndAmortization": 83886000,
    "ebitda": 1029887000,
    "ebitdaratio": 0.387241657,
    "operatingIncome": 946001000,
    "operatingIncomeRatio": 0.3557001834,
    "totalOtherIncomeExpensesNet": 19880000,
    "incomeBeforeTax": 965881000,
    "incomeBeforeTaxRatio": 0.3631751434,
    "incomeTaxExpense": 343069000,
    "netIncome": 622812000,
    "netIncomeRatio": 0.2341798187,
    "eps": 0.11,
    "epsdiluted": 0.11,
    "weightedAverageShsOut": 5584428000,
    "weightedAverageShsOutDil": 5874987000,
    "link": "",
    "finalLink": ""
  },
  {
    "date": "2000-08-31",
    "symbol": "ORCL",
    "reportedCurrency": "USD",
    "cik": "0001341439",
    "fillingDate": "2000-08-31",
    "acceptedDate": "2000-08-30 20:00:00",
    "calendarYear": "2001",
    "period": "Q1",
    "revenue": 2261875000,
    "costOfRevenue": 673878000,
    "grossProfit": 1587997000,
    "grossProfitRatio": 0.7020710694,
    "researchAndDevelopmentExpenses": 251027000,
    "generalAndAdministrativeExpenses": 678929000,
    "sellingAndMarketingExpenses": 0,
    "sellingGeneralAndAdministrativeExpenses": 678929000,
    "otherExpenses": 0,
    "operatingExpenses": 929956000,
    "costAndExpenses": 1603834000,
    "interestIncome": 0,
    "interestExpense": 0,
    "depreciationAndAmortization": 92157000,
    "ebitda": 750198000,
    "ebitdaratio": 0.3316708483,
    "operatingIncome": 658041000,
    "operatingIncomeRatio": 0.2909272175,
    "totalOtherIncomeExpensesNet": 118202000,
    "incomeBeforeTax": 776243000,
    "incomeBeforeTaxRatio": 0.3431856314,
    "incomeTaxExpense": 275566000,
    "netIncome": 500677000,
    "netIncomeRatio": 0.2213548494,
    "eps": 0.09,
    "epsdiluted": 0.08,
    "weightedAverageShsOut": 5604058000,
    "weightedAverageShsOutDil": 5932870000,
    "link": "",
    "finalLink": ""
  },
  {
    "date": "2000-05-31",
    "symbol": "ORCL",
    "reportedCurrency": "USD",
    "cik": "0001341439",
    "fillingDate": "2000-05-31",
    "acceptedDate": "2000-05-30 20:00:00",
    "calendarYear": "2000",
    "period": "Q4",
    "revenue": 3374310000,
    "costOfRevenue": 725498000,
    "grossProfit": 2648812000,
    "grossProfitRatio": 0.7849936728,
    "researchAndDevelopmentExpenses": 270229000,
    "generalAndAdministrativeExpenses": 990072000,
    "sellingAndMarketingExpenses": 0,
    "sellingGeneralAndAdministrativeExpenses": 990072000,
    "otherExpenses": 0,
    "operatingExpenses": 1260301000,
    "costAndExpenses": 1985799000,
    "interestIncome": 0,
    "interestExpense": 0,
    "depreciationAndAmortization": 97890000,
    "ebitda": 1486401000,
    "ebitdaratio": 0.4405051699,
    "operatingIncome": 1388511000,
    "operatingIncomeRatio": 0.4114947945,
    "totalOtherIncomeExpensesNet": 6569868000,
    "incomeBeforeTax": 7958379000,
    "incomeBeforeTaxRatio": 2.3585204086,
    "incomeTaxExpense": 3045972000,
    "netIncome": 4912407000,
    "netIncomeRatio": 1.4558256355,
    "eps": 0.87,
    "epsdiluted": 0.87,
    "weightedAverageShsOut": 5637878000,
    "weightedAverageShsOutDil": 5637878000,
    "link": "",
    "finalLink": ""
  },
  {
    "date": "2000-02-29",
    "symbol": "ORCL",
    "reportedCurrency": "USD",
    "cik": "0001341439",
    "fillingDate": "2000-02-29",
    "acceptedDate": "2000-02-28 19:00:00",
    "calendarYear": "2000",
    "period": "Q3",
    "revenue": 2449418000,
    "costOfRevenue": 707261000,
    "grossProfit": 1742157000,
    "grossProfitRatio": 0.7112534488,
    "researchAndDevelopmentExpenses": 255552000,
    "generalAndAdministrativeExpenses": 716884000,
    "sellingAndMarketingExpenses": 0,
    "sellingGeneralAndAdministrativeExpenses": 716884000,
    "otherExpenses": 0,
    "operatingExpenses": 972436000,
    "costAndExpenses": 1679697000,
    "interestIncome": 0,
    "interestExpense": 0,
    "depreciationAndAmortization": 101492000,
    "ebitda": 871213000,
    "ebitdaratio": 0.3556816354,
    "operatingIncome": 769721000,
    "operatingIncomeRatio": 0.3142464863,
    "totalOtherIncomeExpensesNet": 439609000,
    "incomeBeforeTax": 1209330000,
    "incomeBeforeTaxRatio": 0.4937213656,
    "incomeTaxExpense": 446154000,
    "netIncome": 763176000,
    "netIncomeRatio": 0.311574423,
    "eps": 0.14,
    "epsdiluted": 0.13,
    "weightedAverageShsOut": 5637878000,
    "weightedAverageShsOutDil": 5996378000,
    "link": "",
    "finalLink": ""
  },
  {
    "date": "1999-11-30",
    "symbol": "ORCL",
    "reportedCurrency": "USD",
    "cik": "0001341439",
    "fillingDate": "1999-11-30",
    "acceptedDate": "1999-11-29 19:00:00",
    "calendarYear": "2000",
    "period": "Q2",
    "revenue": 2321883000,
    "costOfRevenue": 753170000,
    "grossProfit": 1568713000,
    "grossProfitRatio": 0.6756210369,
    "researchAndDevelopmentExpenses": 248160000,
    "generalAndAdministrativeExpenses": 744488000,
    "sellingAndMarketingExpenses": 0,
    "sellingGeneralAndAdministrativeExpenses": 744488000,
    "otherExpenses": 0,
    "operatingExpenses": 992648000,
    "costAndExpenses": 1745818000,
    "interestIncome": 0,
    "interestExpense": 0,
    "depreciationAndAmortization": 96422000,
    "ebitda": 672487000,
    "ebitdaratio": 0.2896300115,
    "operatingIncome": 576065000,
    "operatingIncomeRatio": 0.2481025099,
    "totalOtherIncomeExpensesNet": 15450000,
    "incomeBeforeTax": 591515000,
    "incomeBeforeTaxRatio": 0.254756592,
    "incomeTaxExpense": 207031000,
    "netIncome": 384484000,
    "netIncomeRatio": 0.1655914618,
    "eps": 0.07,
    "epsdiluted": 0.07,
    "weightedAverageShsOut": 5717780000,
    "weightedAverageShsOutDil": 6012600000,
    "link": "",
    "finalLink": ""
  },
  {
    "date": "1999-08-31",
    "symbol": "ORCL",
    "reportedCurrency": "USD",
    "cik": "0001341439",
    "fillingDate": "1999-08-31",
    "acceptedDate": "1999-08-30 20:00:00",
    "calendarYear": "2000",
    "period": "Q1",
    "revenue": 1984517000,
    "costOfRevenue": 756750000,
    "grossProfit": 1227767000,
    "grossProfitRatio": 0.6186729567,
    "researchAndDevelopmentExpenses": 235941000,
    "generalAndAdministrativeExpenses": 645963000,
    "sellingAndMarketingExpenses": 0,
    "sellingGeneralAndAdministrativeExpenses": 645963000,
    "otherExpenses": 0,
    "operatingExpenses": 881904000,
    "costAndExpenses": 1638654000,
    "interestIncome": 0,
    "interestExpense": 0,
    "depreciationAndAmortization": 95121000,
    "ebitda": 440984000,
    "ebitdaratio": 0.2222122562,
    "operatingIncome": 345863000,
    "operatingIncomeRatio": 0.174280694,
    "totalOtherIncomeExpensesNet": 18347000,
    "incomeBeforeTax": 364210000,
    "incomeBeforeTaxRatio": 0.1835257647,
    "incomeTaxExpense": 127474000,
    "netIncome": 236736000,
    "netIncomeRatio": 0.1192914951,
    "eps": 0.05,
    "epsdiluted": 0.04,
    "weightedAverageShsOut": 5721840000,
    "weightedAverageShsOutDil": 5964804000,
    "link": "",
    "finalLink": ""
  },
  {
    "date": "1999-05-31",
    "symbol": "ORCL",
    "reportedCurrency": "USD",
    "cik": "0001341439",
    "fillingDate": "1999-05-31",
    "acceptedDate": "1999-05-30 20:00:00",
    "calendarYear": "1999",
    "period": "Q4",
    "revenue": 2943278000,
    "costOfRevenue": 812988000,
    "grossProfit": 2130290000,
    "grossProfitRatio": 0.7237814437,
    "researchAndDevelopmentExpenses": 243307000,
    "generalAndAdministrativeExpenses": 1080685000,
    "sellingAndMarketingExpenses": 0,
    "sellingGeneralAndAdministrativeExpenses": 1080685000,
    "otherExpenses": 0,
    "operatingExpenses": 1323992000,
    "costAndExpenses": 2136980000,
    "interestIncome": 0,
    "interestExpense": 0,
    "depreciationAndAmortization": 105746000,
    "ebitda": 912044000,
    "ebitdaratio": 0.3098735492,
    "operatingIncome": 806298000,
    "operatingIncomeRatio": 0.2739455804,
    "totalOtherIncomeExpensesNet": 20722000,
    "incomeBeforeTax": 827020000,
    "incomeBeforeTaxRatio": 0.2809860299,
    "incomeTaxExpense": 299600000,
    "netIncome": 527420000,
    "netIncomeRatio": 0.1791947618,
    "eps": 0.0915,
    "epsdiluted": 0.0915,
    "weightedAverageShsOut": 5747600000,
    "weightedAverageShsOutDil": 5761408000,
    "link": "",
    "finalLink": ""
  },
  {
    "date": "1999-02-28",
    "symbol": "ORCL",
    "reportedCurrency": "USD",
    "cik": "0001341439",
    "fillingDate": "1999-02-28",
    "acceptedDate": "1999-02-27 19:00:00",
    "calendarYear": "1999",
    "period": "Q3",
    "revenue": 2078919000,
    "costOfRevenue": 792023000,
    "grossProfit": 1286896000,
    "grossProfitRatio": 0.6190217127,
    "researchAndDevelopmentExpenses": 209798000,
    "generalAndAdministrativeExpenses": 670419000,
    "sellingAndMarketingExpenses": 0,
    "sellingGeneralAndAdministrativeExpenses": 670419000,
    "otherExpenses": 0,
    "operatingExpenses": 880217000,
    "costAndExpenses": 1672240000,
    "interestIncome": 0,
    "interestExpense": 0,
    "depreciationAndAmortization": 99374000,
    "ebitda": 506053000,
    "ebitdaratio": 0.2434212204,
    "operatingIncome": 406679000,
    "operatingIncomeRatio": 0.1956204162,
    "totalOtherIncomeExpensesNet": 37656000,
    "incomeBeforeTax": 444335000,
    "incomeBeforeTaxRatio": 0.213733676,
    "incomeTaxExpense": 151074000,
    "netIncome": 293261000,
    "netIncomeRatio": 0.1410641781,
    "eps": 0.0515,
    "epsdiluted": 0.05,
    "weightedAverageShsOut": 5761408000,
    "weightedAverageShsOutDil": 5981844000,
    "link": "",
    "finalLink": ""
  },
  {
    "date": "1998-11-30",
    "symbol": "ORCL",
    "reportedCurrency": "USD",
    "cik": "0001341439",
    "fillingDate": "1998-11-30",
    "acceptedDate": "1998-11-29 19:00:00",
    "calendarYear": "1999",
    "period": "Q2",
    "revenue": 2055944000,
    "costOfRevenue": 779847000,
    "grossProfit": 1276097000,
    "grossProfitRatio": 0.6206866529,
    "researchAndDevelopmentExpenses": 200678000,
    "generalAndAdministrativeExpenses": 693352000,
    "sellingAndMarketingExpenses": 0,
    "sellingGeneralAndAdministrativeExpenses": 693352000,
    "otherExpenses": 0,
    "operatingExpenses": 894030000,
    "costAndExpenses": 1673877000,
    "interestIncome": 0,
    "interestExpense": 0,
    "depreciationAndAmortization": 88858000,
    "ebitda": 470925000,
    "ebitdaratio": 0.2290553634,
    "operatingIncome": 382067000,
    "operatingIncomeRatio": 0.1858353146,
    "totalOtherIncomeExpensesNet": 28654000,
    "incomeBeforeTax": 410721000,
    "incomeBeforeTaxRatio": 0.1997724646,
    "incomeTaxExpense": 136645000,
    "netIncome": 274076000,
    "netIncomeRatio": 0.1333090785,
    "eps": 0.0485,
    "epsdiluted": 0.05,
    "weightedAverageShsOut": 5783040000,
    "weightedAverageShsOutDil": 5899620000,
    "link": "",
    "finalLink": ""
  },
  {
    "date": "1998-08-31",
    "symbol": "ORCL",
    "reportedCurrency": "USD",
    "cik": "0001341439",
    "fillingDate": "1998-08-31",
    "acceptedDate": "1998-08-30 20:00:00",
    "calendarYear": "1999",
    "period": "Q1",
    "revenue": 1749110000,
    "costOfRevenue": 679290000,
    "grossProfit": 1069820000,
    "grossProfitRatio": 0.6116367753,
    "researchAndDevelopmentExpenses": 187623000,
    "generalAndAdministrativeExpenses": 604360000,
    "sellingAndMarketingExpenses": 0,
    "sellingGeneralAndAdministrativeExpenses": 604360000,
    "otherExpenses": 0,
    "operatingExpenses": 791983000,
    "costAndExpenses": 1471273000,
    "interestIncome": 0,
    "interestExpense": 0,
    "depreciationAndAmortization": 81406000,
    "ebitda": 359243000,
    "ebitdaratio": 0.2053861678,
    "operatingIncome": 277837000,
    "operatingIncomeRatio": 0.1588447839,
    "totalOtherIncomeExpensesNet": 22166000,
    "incomeBeforeTax": 300003000,
    "incomeBeforeTaxRatio": 0.1715175146,
    "incomeTaxExpense": 105001000,
    "netIncome": 195002000,
    "netIncomeRatio": 0.1114864131,
    "eps": 0.0385,
    "epsdiluted": 0.0285,
    "weightedAverageShsOut": 5722906000,
    "weightedAverageShsOutDil": 5818524000,
    "link": "",
    "finalLink": ""
  },
  {
    "date": "1998-05-31",
    "symbol": "ORCL",
    "reportedCurrency": "USD",
    "cik": "0001341439",
    "fillingDate": "1998-05-31",
    "acceptedDate": "1998-05-30 20:00:00",
    "calendarYear": "1998",
    "period": "Q4",
    "revenue": 2412553000,
    "costOfRevenue": 670411000,
    "grossProfit": 1742142000,
    "grossProfitRatio": 0.7221155349,
    "researchAndDevelopmentExpenses": 192153000,
    "generalAndAdministrativeExpenses": 945044000,
    "sellingAndMarketingExpenses": 0,
    "sellingGeneralAndAdministrativeExpenses": 945044000,
    "otherExpenses": 0,
    "operatingExpenses": 1137197000,
    "costAndExpenses": 1807608000,
    "interestIncome": 0,
    "interestExpense": 0,
    "depreciationAndAmortization": 87928000,
    "ebitda": 692873000,
    "ebitdaratio": 0.2871949342,
    "operatingIncome": 604945000,
    "operatingIncomeRatio": 0.2507488955,
    "totalOtherIncomeExpensesNet": 14782000,
    "incomeBeforeTax": 619727000,
    "incomeBeforeTaxRatio": 0.2568760147,
    "incomeTaxExpense": 216904000,
    "netIncome": 402823000,
    "netIncomeRatio": 0.1669695961,
    "eps": 0.0702,
    "epsdiluted": 0.0702,
    "weightedAverageShsOut": 5734982000,
    "weightedAverageShsOutDil": 5734982000,
    "link": "",
    "finalLink": ""
  },
  {
    "date": "1998-02-28",
    "symbol": "ORCL",
    "reportedCurrency": "USD",
    "cik": "0001341439",
    "fillingDate": "1998-02-28",
    "acceptedDate": "1998-02-27 19:00:00",
    "calendarYear": "1998",
    "period": "Q3",
    "revenue": 1748757000,
    "costOfRevenue": 586398000,
    "grossProfit": 1162359000,
    "grossProfitRatio": 0.6646772536,
    "researchAndDevelopmentExpenses": 184106000,
    "generalAndAdministrativeExpenses": 659980000,
    "sellingAndMarketingExpenses": 0,
    "sellingGeneralAndAdministrativeExpenses": 659980000,
    "otherExpenses": 0,
    "operatingExpenses": 844086000,
    "costAndExpenses": 1430484000,
    "interestIncome": 0,
    "interestExpense": 0,
    "depreciationAndAmortization": 84941000,
    "ebitda": 403214000,
    "ebitdaratio": 0.2305717718,
    "operatingIncome": 318273000,
    "operatingIncomeRatio": 0.1819995574,
    "totalOtherIncomeExpensesNet": 12615000,
    "incomeBeforeTax": 330888000,
    "incomeBeforeTaxRatio": 0.1892132526,
    "incomeTaxExpense": 115811000,
    "netIncome": 215077000,
    "netIncomeRatio": 0.1229884998,
    "eps": 0.04,
    "epsdiluted": 0.04,
    "weightedAverageShsOut": 5849684000,
    "weightedAverageShsOutDil": 5949848000,
    "link": "",
    "finalLink": ""
  },
  {
    "date": "1997-11-30",
    "symbol": "ORCL",
    "reportedCurrency": "USD",
    "cik": "0001341439",
    "fillingDate": "1997-11-30",
    "acceptedDate": "1997-11-29 19:00:00",
    "calendarYear": "1998",
    "period": "Q2",
    "revenue": 1613727000,
    "costOfRevenue": 548631000,
    "grossProfit": 1065096000,
    "grossProfitRatio": 0.6600224201,
    "researchAndDevelopmentExpenses": 183217000,
    "generalAndAdministrativeExpenses": 609873000,
    "sellingAndMarketingExpenses": 0,
    "sellingGeneralAndAdministrativeExpenses": 609873000,
    "otherExpenses": 0,
    "operatingExpenses": 793090000,
    "costAndExpenses": 1341721000,
    "interestIncome": 0,
    "interestExpense": 0,
    "depreciationAndAmortization": 84557000,
    "ebitda": 356563000,
    "ebitdaratio": 0.2209562088,
    "operatingIncome": 272006000,
    "operatingIncomeRatio": 0.1685576309,
    "totalOtherIncomeExpensesNet": 16248000,
    "incomeBeforeTax": 288254000,
    "incomeBeforeTaxRatio": 0.1786262484,
    "incomeTaxExpense": 100930000,
    "netIncome": 187324000,
    "netIncomeRatio": 0.1160815925,
    "eps": 0.0281,
    "epsdiluted": 0.0281,
    "weightedAverageShsOut": 5779359000,
    "weightedAverageShsOutDil": 5932694000,
    "link": "",
    "finalLink": ""
  },
  {
    "date": "1997-08-31",
    "symbol": "ORCL",
    "reportedCurrency": "USD",
    "cik": "0001341439",
    "fillingDate": "1997-08-31",
    "acceptedDate": "1997-08-30 20:00:00",
    "calendarYear": "1998",
    "period": "Q1",
    "revenue": 1368829000,
    "costOfRevenue": 468167000,
    "grossProfit": 900662000,
    "grossProfitRatio": 0.657979923,
    "researchAndDevelopmentExpenses": 159700000,
    "generalAndAdministrativeExpenses": 524965000,
    "sellingAndMarketingExpenses": 0,
    "sellingGeneralAndAdministrativeExpenses": 524965000,
    "otherExpenses": 167054000,
    "operatingExpenses": 684632000,
    "costAndExpenses": 1152799000,
    "interestIncome": 0,
    "interestExpense": 0,
    "depreciationAndAmortization": 71137000,
    "ebitda": 287167000,
    "ebitdaratio": 0.209790266,
    "operatingIncome": 48976000,
    "operatingIncomeRatio": 0.0357794874,
    "totalOtherIncomeExpensesNet": 39974000,
    "incomeBeforeTax": 88950000,
    "incomeBeforeTaxRatio": 0.0649825508,
    "incomeTaxExpense": 80479000,
    "netIncome": 8471000,
    "netIncomeRatio": 0.0061885013,
    "eps": 0.0017,
    "epsdiluted": 0.0017,
    "weightedAverageShsOut": 5760500000,
    "weightedAverageShsOutDil": 5919212000,
    "link": "",
    "finalLink": ""
  },
  {
    "date": "1997-05-31",
    "symbol": "ORCL",
    "reportedCurrency": "USD",
    "cik": "0001341439",
    "fillingDate": "1997-05-31",
    "acceptedDate": "1997-05-30 20:00:00",
    "calendarYear": "1997",
    "period": "Q4",
    "revenue": 1948031000,
    "costOfRevenue": 435435000,
    "grossProfit": 1512596000,
    "grossProfitRatio": 0.7764742964,
    "researchAndDevelopmentExpenses": 164440000,
    "generalAndAdministrativeExpenses": 788361000,
    "sellingAndMarketingExpenses": 0,
    "sellingGeneralAndAdministrativeExpenses": 788361000,
    "otherExpenses": 0,
    "operatingExpenses": 952801000,
    "costAndExpenses": 1388236000,
    "interestIncome": 0,
    "interestExpense": 0,
    "depreciationAndAmortization": 72346000,
    "ebitda": 632141000,
    "ebitdaratio": 0.3245025362,
    "operatingIncome": 559795000,
    "operatingIncomeRatio": 0.2873645235,
    "totalOtherIncomeExpensesNet": 2607000,
    "incomeBeforeTax": 562402000,
    "incomeBeforeTaxRatio": 0.2887027979,
    "incomeTaxExpense": 202465000,
    "netIncome": 359937000,
    "netIncomeRatio": 0.1847696469,
    "eps": 0.0588,
    "epsdiluted": 0.0588,
    "weightedAverageShsOut": 6119873000,
    "weightedAverageShsOutDil": 6119873000,
    "link": "",
    "finalLink": ""
  },
  {
    "date": "1997-02-28",
    "symbol": "ORCL",
    "reportedCurrency": "USD",
    "cik": "0001341439",
    "fillingDate": "1997-02-28",
    "acceptedDate": "1997-02-27 19:00:00",
    "calendarYear": "1997",
    "period": "Q3",
    "revenue": 1372612000,
    "costOfRevenue": 401441000,
    "grossProfit": 971171000,
    "grossProfitRatio": 0.7075349771,
    "researchAndDevelopmentExpenses": 138527000,
    "generalAndAdministrativeExpenses": 535717000,
    "sellingAndMarketingExpenses": 0,
    "sellingGeneralAndAdministrativeExpenses": 535717000,
    "otherExpenses": 36800000,
    "operatingExpenses": 674244000,
    "costAndExpenses": 1075685000,
    "interestIncome": 0,
    "interestExpense": 0,
    "depreciationAndAmortization": 65747000,
    "ebitda": 362674000,
    "ebitdaratio": 0.2642217903,
    "operatingIncome": 260127000,
    "operatingIncomeRatio": 0.1895124041,
    "totalOtherIncomeExpensesNet": 4330000,
    "incomeBeforeTax": 264457000,
    "incomeBeforeTaxRatio": 0.1926669736,
    "incomeTaxExpense": 95204000,
    "netIncome": 169253000,
    "netIncomeRatio": 0.123307242,
    "eps": 0.03,
    "epsdiluted": 0.03,
    "weightedAverageShsOut": 5795029000,
    "weightedAverageShsOutDil": 5939876000,
    "link": "",
    "finalLink": ""
  },
  {
    "date": "1996-11-30",
    "symbol": "ORCL",
    "reportedCurrency": "USD",
    "cik": "0001341439",
    "fillingDate": "1996-11-30",
    "acceptedDate": "1996-11-29 19:00:00",
    "calendarYear": "1997",
    "period": "Q2",
    "revenue": 1311373000,
    "costOfRevenue": 377483000,
    "grossProfit": 933890000,
    "grossProfitRatio": 0.7121467348,
    "researchAndDevelopmentExpenses": 135300000,
    "generalAndAdministrativeExpenses": 524402000,
    "sellingAndMarketingExpenses": 0,
    "sellingGeneralAndAdministrativeExpenses": 524402000,
    "otherExpenses": 0,
    "operatingExpenses": 659702000,
    "costAndExpenses": 1037185000,
    "interestIncome": 0,
    "interestExpense": 0,
    "depreciationAndAmortization": 63915000,
    "ebitda": 338103000,
    "ebitdaratio": 0.2578236703,
    "operatingIncome": 274188000,
    "operatingIncomeRatio": 0.2090846769,
    "totalOtherIncomeExpensesNet": 6275000,
    "incomeBeforeTax": 280463000,
    "incomeBeforeTaxRatio": 0.2138697381,
    "incomeTaxExpense": 100967000,
    "netIncome": 179496000,
    "netIncomeRatio": 0.1368763883,
    "eps": 0.03,
    "epsdiluted": 0.03,
    "weightedAverageShsOut": 5964259000,
    "weightedAverageShsOutDil": 5964259000,
    "link": "",
    "finalLink": ""
  },
  {
    "date": "1996-08-31",
    "symbol": "ORCL",
    "reportedCurrency": "USD",
    "cik": "0001341439",
    "fillingDate": "1996-08-31",
    "acceptedDate": "1996-08-30 20:00:00",
    "calendarYear": "1997",
    "period": "Q1",
    "revenue": 1052300000,
    "costOfRevenue": 336107000,
    "grossProfit": 716193000,
    "grossProfitRatio": 0.6805977383,
    "researchAndDevelopmentExpenses": 117200000,
    "generalAndAdministrativeExpenses": 430129000,
    "sellingAndMarketingExpenses": 0,
    "sellingGeneralAndAdministrativeExpenses": 430129000,
    "otherExpenses": -11000,
    "operatingExpenses": 547318000,
    "costAndExpenses": 883425000,
    "interestIncome": 0,
    "interestExpense": 0,
    "depreciationAndAmortization": 62765000,
    "ebitda": 231640000,
    "ebitdaratio": 0.2201273401,
    "operatingIncome": 168875000,
    "operatingIncomeRatio": 0.1604818018,
    "totalOtherIncomeExpensesNet": 7330000,
    "incomeBeforeTax": 176205000,
    "incomeBeforeTaxRatio": 0.167447496,
    "incomeTaxExpense": 63434000,
    "netIncome": 112771000,
    "netIncomeRatio": 0.1071662074,
    "eps": 0.02,
    "epsdiluted": 0.02,
    "weightedAverageShsOut": 5945382000,
    "weightedAverageShsOutDil": 5945382000,
    "link": "",
    "finalLink": ""
  },
  {
    "date": "1996-05-31",
    "symbol": "ORCL",
    "reportedCurrency": "USD",
    "cik": "0001341439",
    "fillingDate": "1996-05-31",
    "acceptedDate": "1996-05-30 20:00:00",
    "calendarYear": "1996",
    "period": "Q4",
    "revenue": 1464074000,
    "costOfRevenue": 322239000,
    "grossProfit": 1141835000,
    "grossProfitRatio": 0.7799025186,
    "researchAndDevelopmentExpenses": 118575000,
    "generalAndAdministrativeExpenses": 617114000,
    "sellingAndMarketingExpenses": 0,
    "sellingGeneralAndAdministrativeExpenses": 617114000,
    "otherExpenses": 0,
    "operatingExpenses": 735689000,
    "costAndExpenses": 1057928000,
    "interestIncome": 0,
    "interestExpense": 0,
    "depreciationAndAmortization": 59779000,
    "ebitda": 465925000,
    "ebitdaratio": 0.3182386956,
    "operatingIncome": 406146000,
    "operatingIncomeRatio": 0.2774081092,
    "totalOtherIncomeExpensesNet": 2828000,
    "incomeBeforeTax": 408974000,
    "incomeBeforeTaxRatio": 0.2793397055,
    "incomeTaxExpense": 142649000,
    "netIncome": 266325000,
    "netIncomeRatio": 0.1819067889,
    "eps": 0.0417,
    "epsdiluted": 0.0417,
    "weightedAverageShsOut": 6385514000,
    "weightedAverageShsOutDil": 6385514000,
    "link": "",
    "finalLink": ""
  },
  {
    "date": "1996-02-29",
    "symbol": "ORCL",
    "reportedCurrency": "USD",
    "cik": "0001341439",
    "fillingDate": "1996-02-29",
    "acceptedDate": "1996-02-28 19:00:00",
    "calendarYear": "1996",
    "period": "Q3",
    "revenue": 1020239000,
    "costOfRevenue": 286843000,
    "grossProfit": 733396000,
    "grossProfitRatio": 0.7188472505,
    "researchAndDevelopmentExpenses": 92805000,
    "generalAndAdministrativeExpenses": 420649000,
    "sellingAndMarketingExpenses": 0,
    "sellingGeneralAndAdministrativeExpenses": 420649000,
    "otherExpenses": 0,
    "operatingExpenses": 513454000,
    "costAndExpenses": 800297000,
    "interestIncome": 0,
    "interestExpense": 0,
    "depreciationAndAmortization": 54868000,
    "ebitda": 274810000,
    "ebitdaratio": 0.2693584542,
    "operatingIncome": 219942000,
    "operatingIncomeRatio": 0.2155788987,
    "totalOtherIncomeExpensesNet": 1709000,
    "incomeBeforeTax": 221651000,
    "incomeBeforeTaxRatio": 0.2172539964,
    "incomeTaxExpense": 75361000,
    "netIncome": 146290000,
    "netIncomeRatio": 0.1433879709,
    "eps": 0.0283,
    "epsdiluted": 0.0183,
    "weightedAverageShsOut": 6095264000,
    "weightedAverageShsOutDil": 6095264000,
    "link": "",
    "finalLink": ""
  },
  {
    "date": "1995-11-30",
    "symbol": "ORCL",
    "reportedCurrency": "USD",
    "cik": "0001341439",
    "fillingDate": "1995-11-30",
    "acceptedDate": "1995-11-29 19:00:00",
    "calendarYear": "1996",
    "period": "Q2",
    "revenue": 967184000,
    "costOfRevenue": 255422000,
    "grossProfit": 711762000,
    "grossProfitRatio": 0.7359116776,
    "researchAndDevelopmentExpenses": 93272000,
    "generalAndAdministrativeExpenses": 413878000,
    "sellingAndMarketingExpenses": 0,
    "sellingGeneralAndAdministrativeExpenses": 413878000,
    "otherExpenses": 0,
    "operatingExpenses": 507150000,
    "costAndExpenses": 762572000,
    "interestIncome": 0,
    "interestExpense": 0,
    "depreciationAndAmortization": 54508000,
    "ebitda": 259120000,
    "ebitdaratio": 0.2679117934,
    "operatingIncome": 204612000,
    "operatingIncomeRatio": 0.2115543681,
    "totalOtherIncomeExpensesNet": 2814000,
    "incomeBeforeTax": 207426000,
    "incomeBeforeTaxRatio": 0.2144638456,
    "incomeTaxExpense": 70525000,
    "netIncome": 136901000,
    "netIncomeRatio": 0.1415459726,
    "eps": 0.0283,
    "epsdiluted": 0.0183,
    "weightedAverageShsOut": 6097364000,
    "weightedAverageShsOutDil": 6097364000,
    "link": "",
    "finalLink": ""
  }
]