[
  {
    "date": "2025-06-30",
    "symbol": "ORLY",
    "reportedCurrency": "USD",
    "cik": "0000898173",
    "fillingDate": "2025-08-08",
    "acceptedDate": "2025-08-08 16:43:00",
    "calendarYear": "2025",
    "period": "Q2",
    "revenue": 4525058000,
    "costOfRevenue": 2198520000,
    "grossProfit": 2326538000,
    "grossProfitRatio": 0.514145454,
    "researchAndDevelopmentExpenses": 0,
    "generalAndAdministrativeExpenses": 0,
    "sellingAndMarketingExpenses": 0,
    "sellingGeneralAndAdministrativeExpenses": 1412068000,
    "otherExpenses": 0,
    "operatingExpenses": 1412068000,
    "costAndExpenses": 3610588000,
    "interestIncome": 1885000,
    "interestExpense": 57337000,
    "depreciationAndAmortization": 124935000,
    "ebitda": 1043727000,
    "ebitdaratio": 0.2306549441,
    "operatingIncome": 914470000,
    "operatingIncomeRatio": 0.2020902274,
    "totalOtherIncomeExpensesNet": -53015000,
    "incomeBeforeTax": 861455000,
    "incomeBeforeTaxRatio": 0.1903743554,
    "incomeTaxExpense": 192860000,
    "netIncome": 668595000,
    "netIncomeRatio": 0.1477539072,
    "eps": 0.78,
    "epsdiluted": 0.78,
    "weightedAverageShsOut": 854003000,
    "weightedAverageShsOutDil": 861368000,
    "link": "https://www.sec.gov/Archives/edgar/data/898173/000089817325000049/0000898173-25-000049-index.htm",
    "finalLink": "https://www.sec.gov/Archives/edgar/data/898173/000089817325000049/orly-20250630x10q.htm"
  },
  {
    "date": "2025-03-31",
    "symbol": "ORLY",
    "reportedCurrency": "USD",
    "cik": "0000898173",
    "fillingDate": "2025-05-09",
    "acceptedDate": "2025-05-09 16:02:47",
    "calendarYear": "2025",
    "period": "Q1",
    "revenue": 4136924000,
    "costOfRevenue": 2015439000,
    "grossProfit": 2121485000,
    "grossProfitRatio": 0.5128170109,
    "researchAndDevelopmentExpenses": 0,
    "generalAndAdministrativeExpenses": 0,
    "sellingAndMarketingExpenses": 0,
    "sellingGeneralAndAdministrativeExpenses": 1380019000,
    "otherExpenses": 0,
    "operatingExpenses": 1380019000,
    "costAndExpenses": 3395458000,
    "interestIncome": 1664000,
    "interestExpense": 57564000,
    "depreciationAndAmortization": 122224000,
    "ebitda": 864139000,
    "ebitdaratio": 0.2088844272,
    "operatingIncome": 741466000,
    "operatingIncomeRatio": 0.1792312356,
    "totalOtherIncomeExpensesNet": -57115000,
    "incomeBeforeTax": 684351000,
    "incomeBeforeTaxRatio": 0.165425084,
    "incomeTaxExpense": 145866000,
    "netIncome": 538485000,
    "netIncomeRatio": 0.130165553,
    "eps": 0.6265,
    "epsdiluted": 0.623,
    "weightedAverageShsOut": 859555702,
    "weightedAverageShsOutDil": 864325678,
    "link": "https://www.sec.gov/Archives/edgar/data/898173/000089817325000029/0000898173-25-000029-index.htm",
    "finalLink": "https://www.sec.gov/Archives/edgar/data/898173/000089817325000029/orly-20250331x10q.htm"
  },
  {
    "date": "2024-12-31",
    "symbol": "ORLY",
    "reportedCurrency": "USD",
    "cik": "0000898173",
    "fillingDate": "2025-02-28",
    "acceptedDate": "2025-02-28 16:27:19",
    "calendarYear": "2024",
    "period": "Q4",
    "revenue": 4095601000,
    "costOfRevenue": 1994569000,
    "grossProfit": 2101032000,
    "grossProfitRatio": 0.5129972378,
    "researchAndDevelopmentExpenses": 0,
    "generalAndAdministrativeExpenses": 0,
    "sellingAndMarketingExpenses": 0,
    "sellingGeneralAndAdministrativeExpenses": 1362382000,
    "otherExpenses": 0,
    "operatingExpenses": 1362382000,
    "costAndExpenses": 3356951000,
    "interestIncome": 2056000,
    "interestExpense": 55403000,
    "depreciationAndAmortization": 122568000,
    "ebitda": 863168000,
    "ebitdaratio": 0.2107549051,
    "operatingIncome": 738650000,
    "operatingIncomeRatio": 0.1803520411,
    "totalOtherIncomeExpensesNet": -53453000,
    "incomeBeforeTax": 685197000,
    "incomeBeforeTaxRatio": 0.1673007209,
    "incomeTaxExpense": 134067000,
    "netIncome": 551130000,
    "netIncomeRatio": 0.134566331,
    "eps": 0.6371,
    "epsdiluted": 0.6335,
    "weightedAverageShsOut": 865090674,
    "weightedAverageShsOutDil": 838642857,
    "link": "https://www.sec.gov/Archives/edgar/data/898173/000089817325000008/0000898173-25-000008-index.htm",
    "finalLink": "https://www.sec.gov/Archives/edgar/data/898173/000089817325000008/orly-20241231x10k.htm"
  },
  {
    "date": "2024-09-30",
    "symbol": "ORLY",
    "reportedCurrency": "USD",
    "cik": "0000898173",
    "fillingDate": "2024-11-08",
    "acceptedDate": "2024-11-08 16:31:04",
    "calendarYear": "2024",
    "period": "Q3",
    "revenue": 4364437000,
    "costOfRevenue": 2113212000,
    "grossProfit": 2251225000,
    "grossProfitRatio": 0.5158110886,
    "researchAndDevelopmentExpenses": 0,
    "generalAndAdministrativeExpenses": 0,
    "sellingAndMarketingExpenses": 0,
    "sellingGeneralAndAdministrativeExpenses": 1354497000,
    "otherExpenses": 0,
    "operatingExpenses": 1354497000,
    "costAndExpenses": 3467709000,
    "interestIncome": 2055000,
    "interestExpense": 55166000,
    "depreciationAndAmortization": 116439000,
    "ebitda": 1019526000,
    "ebitdaratio": 0.2335985145,
    "operatingIncome": 896728000,
    "operatingIncomeRatio": 0.2054624686,
    "totalOtherIncomeExpensesNet": -48807000,
    "incomeBeforeTax": 847921000,
    "incomeBeforeTaxRatio": 0.1942795829,
    "incomeTaxExpense": 182457000,
    "netIncome": 665464000,
    "netIncomeRatio": 0.1524741908,
    "eps": 0.7649,
    "epsdiluted": 0.7605,
    "weightedAverageShsOut": 869965650,
    "weightedAverageShsOutDil": 841064286,
    "link": "https://www.sec.gov/Archives/edgar/data/898173/000089817324000043/0000898173-24-000043-index.htm",
    "finalLink": "https://www.sec.gov/Archives/edgar/data/898173/000089817324000043/orly-20240930x10q.htm"
  },
  {
    "date": "2024-06-30",
    "symbol": "ORLY",
    "reportedCurrency": "USD",
    "cik": "0000898173",
    "fillingDate": "2024-07-24",
    "acceptedDate": "2024-07-24 16:30:48",
    "calendarYear": "2024",
    "period": "Q2",
    "revenue": 4272201000,
    "costOfRevenue": 2104141000,
    "grossProfit": 2168060000,
    "grossProfitRatio": 0.5074808044,
    "researchAndDevelopmentExpenses": 0,
    "generalAndAdministrativeExpenses": 0,
    "sellingAndMarketingExpenses": 0,
    "sellingGeneralAndAdministrativeExpenses": 1304762000,
    "otherExpenses": 0,
    "operatingExpenses": 1304762000,
    "costAndExpenses": 3408903000,
    "interestIncome": 1528000,
    "interestExpense": 54831000,
    "depreciationAndAmortization": 113237000,
    "ebitda": 979624000,
    "ebitdaratio": 0.2293019453,
    "operatingIncome": 863298000,
    "operatingIncomeRatio": 0.2020733575,
    "totalOtherIncomeExpensesNet": -51742000,
    "incomeBeforeTax": 811556000,
    "incomeBeforeTaxRatio": 0.189962036,
    "incomeTaxExpense": 188708000,
    "netIncome": 622848000,
    "netIncomeRatio": 0.1457908933,
    "eps": 0.7076,
    "epsdiluted": 0.74,
    "weightedAverageShsOut": 880180599,
    "weightedAverageShsOutDil": 843485714,
    "link": "https://www.sec.gov/Archives/edgar/data/898173/000089817324000035/0000898173-24-000035-index.htm",
    "finalLink": "https://www.sec.gov/Archives/edgar/data/898173/000089817324000035/orly-20240630x10q.htm"
  },
  {
    "date": "2024-03-31",
    "symbol": "ORLY",
    "reportedCurrency": "USD",
    "cik": "0000898173",
    "fillingDate": "2024-05-09",
    "acceptedDate": "2024-05-09 16:31:02",
    "calendarYear": "2024",
    "period": "Q1",
    "revenue": 3976240000,
    "costOfRevenue": 1942068000,
    "grossProfit": 2034172000,
    "grossProfitRatio": 0.5115817959,
    "researchAndDevelopmentExpenses": 0,
    "generalAndAdministrativeExpenses": 0,
    "sellingAndMarketingExpenses": 0,
    "sellingGeneralAndAdministrativeExpenses": 1281691000,
    "otherExpenses": 0,
    "operatingExpenses": 1281691000,
    "costAndExpenses": 3223759000,
    "interestIncome": 1656000,
    "interestExpense": 57148000,
    "depreciationAndAmortization": 109648000,
    "ebitda": 867186000,
    "ebitdaratio": 0.2180919663,
    "operatingIncome": 752481000,
    "operatingIncomeRatio": 0.1892443615,
    "totalOtherIncomeExpensesNet": -52091000,
    "incomeBeforeTax": 700390000,
    "incomeBeforeTaxRatio": 0.1761437941,
    "incomeTaxExpense": 153152000,
    "netIncome": 547238000,
    "netIncomeRatio": 0.1376270044,
    "eps": 0.6182,
    "epsdiluted": 0.64,
    "weightedAverageShsOut": 885250573,
    "weightedAverageShsOutDil": 849342857,
    "link": "https://www.sec.gov/Archives/edgar/data/898173/000089817324000022/0000898173-24-000022-index.htm",
    "finalLink": "https://www.sec.gov/Archives/edgar/data/898173/000089817324000022/orly-20240331x10q.htm"
  },
  {
    "date": "2023-12-31",
    "symbol": "ORLY",
    "reportedCurrency": "USD",
    "cik": "0000898173",
    "fillingDate": "2024-02-07",
    "acceptedDate": "2024-02-07 16:30:52",
    "calendarYear": "2023",
    "period": "Q4",
    "revenue": 3832015000,
    "costOfRevenue": 1864586000,
    "grossProfit": 1967429000,
    "grossProfitRatio": 0.5134189193,
    "researchAndDevelopmentExpenses": 0,
    "generalAndAdministrativeExpenses": 0,
    "sellingAndMarketingExpenses": 0,
    "sellingGeneralAndAdministrativeExpenses": 1248693000,
    "otherExpenses": 0,
    "operatingExpenses": 1248693000,
    "costAndExpenses": 3113279000,
    "interestIncome": 1980000,
    "interestExpense": 56148000,
    "depreciationAndAmortization": 112478000,
    "ebitda": 840157000,
    "ebitdaratio": 0.2192467931,
    "operatingIncome": 718736000,
    "operatingIncomeRatio": 0.1875608524,
    "totalOtherIncomeExpensesNet": -47205000,
    "incomeBeforeTax": 671531000,
    "incomeBeforeTaxRatio": 0.1752422681,
    "incomeTaxExpense": 119027000,
    "netIncome": 552504000,
    "netIncomeRatio": 0.144181064,
    "eps": 0.6222,
    "epsdiluted": 0.65,
    "weightedAverageShsOut": 887995560,
    "weightedAverageShsOutDil": 852471429,
    "link": "https://www.sec.gov/Archives/edgar/data/898173/000089817324000009/0000898173-24-000009-index.htm",
    "finalLink": "https://www.sec.gov/Archives/edgar/data/898173/000089817324000009/orly-20231231x10k.htm"
  },
  {
    "date": "2023-09-30",
    "symbol": "ORLY",
    "reportedCurrency": "USD",
    "cik": "0000898173",
    "fillingDate": "2023-11-08",
    "acceptedDate": "2023-11-08 16:30:50",
    "calendarYear": "2023",
    "period": "Q3",
    "revenue": 4203380000,
    "costOfRevenue": 2042917000,
    "grossProfit": 2160463000,
    "grossProfitRatio": 0.513982319,
    "researchAndDevelopmentExpenses": 0,
    "generalAndAdministrativeExpenses": 0,
    "sellingAndMarketingExpenses": 0,
    "sellingGeneralAndAdministrativeExpenses": 1263241000,
    "otherExpenses": 0,
    "operatingExpenses": 1263241000,
    "costAndExpenses": 3306158000,
    "interestIncome": 1292000,
    "interestExpense": 51361000,
    "depreciationAndAmortization": 104910000,
    "ebitda": 1002938000,
    "ebitdaratio": 0.2386027435,
    "operatingIncome": 897222000,
    "operatingIncomeRatio": 0.2134525073,
    "totalOtherIncomeExpensesNet": -50555000,
    "incomeBeforeTax": 846667000,
    "incomeBeforeTaxRatio": 0.2014252816,
    "incomeTaxExpense": 196840000,
    "netIncome": 649827000,
    "netIncomeRatio": 0.1545963011,
    "eps": 0.721,
    "epsdiluted": 0.75,
    "weightedAverageShsOut": 901225493,
    "weightedAverageShsOutDil": 865571429,
    "link": "https://www.sec.gov/Archives/edgar/data/898173/000089817323000058/0000898173-23-000058-index.htm",
    "finalLink": "https://www.sec.gov/Archives/edgar/data/898173/000089817323000058/orly-20230930x10q.htm"
  },
  {
    "date": "2023-06-30",
    "symbol": "ORLY",
    "reportedCurrency": "USD",
    "cik": "0000898173",
    "fillingDate": "2023-08-08",
    "acceptedDate": "2023-08-08 16:30:48",
    "calendarYear": "2023",
    "period": "Q2",
    "revenue": 4068991000,
    "costOfRevenue": 1982409000,
    "grossProfit": 2086582000,
    "grossProfitRatio": 0.5128008393,
    "researchAndDevelopmentExpenses": 0,
    "generalAndAdministrativeExpenses": 0,
    "sellingAndMarketingExpenses": 0,
    "sellingGeneralAndAdministrativeExpenses": 1232809000,
    "otherExpenses": 0,
    "operatingExpenses": 1232809000,
    "costAndExpenses": 3215218000,
    "interestIncome": 760000,
    "interestExpense": 49587000,
    "depreciationAndAmortization": 97926000,
    "ebitda": 956645000,
    "ebitdaratio": 0.2351061971,
    "operatingIncome": 853773000,
    "operatingIncomeRatio": 0.2098242537,
    "totalOtherIncomeExpensesNet": -44641000,
    "incomeBeforeTax": 809132000,
    "incomeBeforeTaxRatio": 0.1988532292,
    "incomeTaxExpense": 181767000,
    "netIncome": 627365000,
    "netIncomeRatio": 0.1541819581,
    "eps": 0.6877,
    "epsdiluted": 0.72,
    "weightedAverageShsOut": 912250438,
    "weightedAverageShsOutDil": 876657143,
    "link": "https://www.sec.gov/Archives/edgar/data/898173/000089817323000044/0000898173-23-000044-index.htm",
    "finalLink": "https://www.sec.gov/Archives/edgar/data/898173/000089817323000044/orly-20230630x10q.htm"
  },
  {
    "date": "2023-03-31",
    "symbol": "ORLY",
    "reportedCurrency": "USD",
    "cik": "0000898173",
    "fillingDate": "2023-05-09",
    "acceptedDate": "2023-05-09 16:32:39",
    "calendarYear": "2023",
    "period": "Q1",
    "revenue": 3707864000,
    "costOfRevenue": 1817535000,
    "grossProfit": 1890329000,
    "grossProfitRatio": 0.5098161637,
    "researchAndDevelopmentExpenses": 0,
    "generalAndAdministrativeExpenses": 0,
    "sellingAndMarketingExpenses": 0,
    "sellingGeneralAndAdministrativeExpenses": 1173684000,
    "otherExpenses": 0,
    "operatingExpenses": 1173684000,
    "costAndExpenses": 2991219000,
    "interestIncome": 868000,
    "interestExpense": 44572000,
    "depreciationAndAmortization": 93747000,
    "ebitda": 815739000,
    "ebitdaratio": 0.2200024057,
    "operatingIncome": 716645000,
    "operatingIncomeRatio": 0.1932770458,
    "totalOtherIncomeExpensesNet": -39225000,
    "incomeBeforeTax": 677420000,
    "incomeBeforeTaxRatio": 0.1826981788,
    "incomeTaxExpense": 160535000,
    "netIncome": 516885000,
    "netIncomeRatio": 0.1394023621,
    "eps": 0.5572,
    "epsdiluted": 0.58,
    "weightedAverageShsOut": 927595362,
    "weightedAverageShsOutDil": 891400000,
    "link": "https://www.sec.gov/Archives/edgar/data/898173/000089817323000029/0000898173-23-000029-index.htm",
    "finalLink": "https://www.sec.gov/Archives/edgar/data/898173/000089817323000029/orly-20230331x10q.htm"
  },
  {
    "date": "2022-12-31",
    "symbol": "ORLY",
    "reportedCurrency": "USD",
    "cik": "0000898173",
    "fillingDate": "2023-02-28",
    "acceptedDate": "2023-02-28 16:31:13",
    "calendarYear": "2022",
    "period": "Q4",
    "revenue": 3644493000,
    "costOfRevenue": 1790539000,
    "grossProfit": 1853954000,
    "grossProfitRatio": 0.5087001127,
    "researchAndDevelopmentExpenses": 0,
    "generalAndAdministrativeExpenses": 0,
    "sellingAndMarketingExpenses": 0,
    "sellingGeneralAndAdministrativeExpenses": 1171737000,
    "otherExpenses": 0,
    "operatingExpenses": 1171737000,
    "costAndExpenses": 2962276000,
    "interestIncome": 2136000,
    "interestExpense": 42331000,
    "depreciationAndAmortization": 99885000,
    "ebitda": 788463000,
    "ebitdaratio": 0.2163436725,
    "operatingIncome": 682217000,
    "operatingIncomeRatio": 0.187191195,
    "totalOtherIncomeExpensesNet": -35970000,
    "incomeBeforeTax": 646247000,
    "incomeBeforeTaxRatio": 0.1773215095,
    "incomeTaxExpense": 117675000,
    "netIncome": 528572000,
    "netIncomeRatio": 0.1450330677,
    "eps": 0.5631,
    "epsdiluted": 0.59,
    "weightedAverageShsOut": 938650306,
    "weightedAverageShsOutDil": 902285714,
    "link": "https://www.sec.gov/Archives/edgar/data/898173/000089817323000011/0000898173-23-000011-index.htm",
    "finalLink": "https://www.sec.gov/Archives/edgar/data/898173/000089817323000011/orly-20221231x10k.htm"
  },
  {
    "date": "2022-09-30",
    "symbol": "ORLY",
    "reportedCurrency": "USD",
    "cik": "0000898173",
    "fillingDate": "2022-11-08",
    "acceptedDate": "2022-11-08 16:31:16",
    "calendarYear": "2022",
    "period": "Q3",
    "revenue": 3798619000,
    "costOfRevenue": 1863657000,
    "grossProfit": 1934962000,
    "grossProfitRatio": 0.5093856478,
    "researchAndDevelopmentExpenses": 0,
    "generalAndAdministrativeExpenses": 0,
    "sellingAndMarketingExpenses": 0,
    "sellingGeneralAndAdministrativeExpenses": 1130768000,
    "otherExpenses": 0,
    "operatingExpenses": 1130768000,
    "costAndExpenses": 2994425000,
    "interestIncome": 1435000,
    "interestExpense": 43164000,
    "depreciationAndAmortization": 90003000,
    "ebitda": 895016000,
    "ebitdaratio": 0.2356161542,
    "operatingIncome": 804194000,
    "operatingIncomeRatio": 0.2117069388,
    "totalOtherIncomeExpensesNet": -42345000,
    "incomeBeforeTax": 761849000,
    "incomeBeforeTaxRatio": 0.2005594665,
    "incomeTaxExpense": 176411000,
    "netIncome": 585438000,
    "netIncomeRatio": 0.1541186415,
    "eps": 0.6167,
    "epsdiluted": 0.64,
    "weightedAverageShsOut": 949315253,
    "weightedAverageShsOutDil": 912285714,
    "link": "https://www.sec.gov/Archives/edgar/data/898173/000089817322000049/0000898173-22-000049-index.htm",
    "finalLink": "https://www.sec.gov/Archives/edgar/data/898173/000089817322000049/orly-20220930x10q.htm"
  },
  {
    "date": "2022-06-30",
    "symbol": "ORLY",
    "reportedCurrency": "USD",
    "cik": "0000898173",
    "fillingDate": "2022-08-08",
    "acceptedDate": "2022-08-08 16:32:40",
    "calendarYear": "2022",
    "period": "Q2",
    "revenue": 3670737000,
    "costOfRevenue": 1786019000,
    "grossProfit": 1884718000,
    "grossProfitRatio": 0.5134440304,
    "researchAndDevelopmentExpenses": 0,
    "generalAndAdministrativeExpenses": 0,
    "sellingAndMarketingExpenses": 0,
    "sellingGeneralAndAdministrativeExpenses": 1086168000,
    "otherExpenses": 0,
    "operatingExpenses": 1086168000,
    "costAndExpenses": 2872187000,
    "interestIncome": 682000,
    "interestExpense": 37384000,
    "depreciationAndAmortization": 85122000,
    "ebitda": 879804000,
    "ebitdaratio": 0.2396804783,
    "operatingIncome": 798550000,
    "operatingIncomeRatio": 0.2175448691,
    "totalOtherIncomeExpensesNet": -41252000,
    "incomeBeforeTax": 757298000,
    "incomeBeforeTaxRatio": 0.2063067989,
    "incomeTaxExpense": 180538000,
    "netIncome": 576760000,
    "netIncomeRatio": 0.1571237602,
    "eps": 0.5905,
    "epsdiluted": 0.61,
    "weightedAverageShsOut": 976735116,
    "weightedAverageShsOutDil": 938371429,
    "link": "https://www.sec.gov/Archives/edgar/data/898173/000089817322000037/0000898173-22-000037-index.htm",
    "finalLink": "https://www.sec.gov/Archives/edgar/data/898173/000089817322000037/orly-20220630x10q.htm"
  },
  {
    "date": "2022-03-31",
    "symbol": "ORLY",
    "reportedCurrency": "USD",
    "cik": "0000898173",
    "fillingDate": "2022-05-09",
    "acceptedDate": "2022-05-09 16:33:01",
    "calendarYear": "2022",
    "period": "Q1",
    "revenue": 3296011000,
    "costOfRevenue": 1587939000,
    "grossProfit": 1708072000,
    "grossProfitRatio": 0.5182239986,
    "researchAndDevelopmentExpenses": 0,
    "generalAndAdministrativeExpenses": 0,
    "sellingAndMarketingExpenses": 0,
    "sellingGeneralAndAdministrativeExpenses": 1038542000,
    "otherExpenses": 0,
    "operatingExpenses": 1038542000,
    "costAndExpenses": 2626481000,
    "interestIncome": 510000,
    "interestExpense": 34841000,
    "depreciationAndAmortization": 82923000,
    "ebitda": 751025000,
    "ebitdaratio": 0.2278587662,
    "operatingIncome": 669530000,
    "operatingIncomeRatio": 0.203133424,
    "totalOtherIncomeExpensesNet": -36269000,
    "incomeBeforeTax": 633261000,
    "incomeBeforeTaxRatio": 0.1921295166,
    "incomeTaxExpense": 151381000,
    "netIncome": 481880000,
    "netIncomeRatio": 0.1462009684,
    "eps": 0.4826,
    "epsdiluted": 0.5,
    "weightedAverageShsOut": 998575007,
    "weightedAverageShsOutDil": 959857143,
    "link": "https://www.sec.gov/Archives/edgar/data/898173/000089817322000022/0000898173-22-000022-index.htm",
    "finalLink": "https://www.sec.gov/Archives/edgar/data/898173/000089817322000022/orly-20220331x10q.htm"
  },
  {
    "date": "2021-12-31",
    "symbol": "ORLY",
    "reportedCurrency": "USD",
    "cik": "0000898173",
    "fillingDate": "2022-02-28",
    "acceptedDate": "2022-02-28 16:36:38",
    "calendarYear": "2021",
    "period": "Q4",
    "revenue": 3291493000,
    "costOfRevenue": 1556957000,
    "grossProfit": 1734536000,
    "grossProfitRatio": 0.5269754485,
    "researchAndDevelopmentExpenses": 0,
    "generalAndAdministrativeExpenses": 0,
    "sellingAndMarketingExpenses": 0,
    "sellingGeneralAndAdministrativeExpenses": 1058655000,
    "otherExpenses": 0,
    "operatingExpenses": 1058655000,
    "costAndExpenses": 2615612000,
    "interestIncome": 493000,
    "interestExpense": 34732000,
    "depreciationAndAmortization": 90563000,
    "ebitda": 769519000,
    "ebitdaratio": 0.2337902587,
    "operatingIncome": 675881000,
    "operatingIncomeRatio": 0.2053417704,
    "totalOtherIncomeExpensesNet": -31657000,
    "incomeBeforeTax": 644224000,
    "incomeBeforeTaxRatio": 0.1957239465,
    "incomeTaxExpense": 125251000,
    "netIncome": 518973000,
    "netIncomeRatio": 0.1576710022,
    "eps": 0.5141,
    "epsdiluted": 0.53,
    "weightedAverageShsOut": 1009494952,
    "weightedAverageShsOutDil": 970400000,
    "link": "https://www.sec.gov/Archives/edgar/data/898173/000089817322000012/0000898173-22-000012-index.htm",
    "finalLink": "https://www.sec.gov/Archives/edgar/data/898173/000089817322000012/orly-20211231x10k.htm"
  },
  {
    "date": "2021-09-30",
    "symbol": "ORLY",
    "reportedCurrency": "USD",
    "cik": "0000898173",
    "fillingDate": "2021-11-08",
    "acceptedDate": "2021-11-08 16:31:14",
    "calendarYear": "2021",
    "period": "Q3",
    "revenue": 3479570000,
    "costOfRevenue": 1661330000,
    "grossProfit": 1818240000,
    "grossProfitRatio": 0.5225473263,
    "researchAndDevelopmentExpenses": 0,
    "generalAndAdministrativeExpenses": 0,
    "sellingAndMarketingExpenses": 0,
    "sellingGeneralAndAdministrativeExpenses": 1063641000,
    "otherExpenses": 0,
    "operatingExpenses": 1063641000,
    "costAndExpenses": 2724971000,
    "interestIncome": 485000,
    "interestExpense": 34873000,
    "depreciationAndAmortization": 78737000,
    "ebitda": 834139000,
    "ebitdaratio": 0.2397247361,
    "operatingIncome": 754599000,
    "operatingIncomeRatio": 0.2168655897,
    "totalOtherIncomeExpensesNet": -34070000,
    "incomeBeforeTax": 720529000,
    "incomeBeforeTaxRatio": 0.20707415,
    "incomeTaxExpense": 161877000,
    "netIncome": 558652000,
    "netIncomeRatio": 0.1605520222,
    "eps": 0.5429,
    "epsdiluted": 0.56,
    "weightedAverageShsOut": 1029114854,
    "weightedAverageShsOutDil": 989142857,
    "link": "https://www.sec.gov/Archives/edgar/data/898173/000089817321000055/0000898173-21-000055-index.htm",
    "finalLink": "https://www.sec.gov/Archives/edgar/data/898173/000089817321000055/orly-20210930x10q.htm"
  },
  {
    "date": "2021-06-30",
    "symbol": "ORLY",
    "reportedCurrency": "USD",
    "cik": "0000898173",
    "fillingDate": "2021-08-06",
    "acceptedDate": "2021-08-06 16:31:25",
    "calendarYear": "2021",
    "period": "Q2",
    "revenue": 3465601000,
    "costOfRevenue": 1639223000,
    "grossProfit": 1826378000,
    "grossProfitRatio": 0.5270018101,
    "researchAndDevelopmentExpenses": 0,
    "generalAndAdministrativeExpenses": 0,
    "sellingAndMarketingExpenses": 0,
    "sellingGeneralAndAdministrativeExpenses": 1030795000,
    "otherExpenses": 0,
    "operatingExpenses": 1030795000,
    "costAndExpenses": 2670018000,
    "interestIncome": 456000,
    "interestExpense": 37657000,
    "depreciationAndAmortization": 79160000,
    "ebitda": 878151000,
    "ebitdaratio": 0.2533906817,
    "operatingIncome": 795583000,
    "operatingIncomeRatio": 0.2295656655,
    "totalOtherIncomeExpensesNet": -34249000,
    "incomeBeforeTax": 761334000,
    "incomeBeforeTaxRatio": 0.2196831084,
    "incomeTaxExpense": 175883000,
    "netIncome": 585451000,
    "netIncomeRatio": 0.1689320265,
    "eps": 0.5606,
    "epsdiluted": 0.58,
    "weightedAverageShsOut": 1044264778,
    "weightedAverageShsOutDil": 1003771429,
    "link": "https://www.sec.gov/Archives/edgar/data/898173/000089817321000045/0000898173-21-000045-index.htm",
    "finalLink": "https://www.sec.gov/Archives/edgar/data/898173/000089817321000045/orly-20210630x10q.htm"
  },
  {
    "date": "2021-03-31",
    "symbol": "ORLY",
    "reportedCurrency": "USD",
    "cik": "0000898173",
    "fillingDate": "2021-05-07",
    "acceptedDate": "2021-05-07 16:31:21",
    "calendarYear": "2021",
    "period": "Q1",
    "revenue": 3090899000,
    "costOfRevenue": 1450104000,
    "grossProfit": 1640795000,
    "grossProfitRatio": 0.5308471742,
    "researchAndDevelopmentExpenses": 0,
    "generalAndAdministrativeExpenses": 0,
    "sellingAndMarketingExpenses": 0,
    "sellingGeneralAndAdministrativeExpenses": 949690000,
    "otherExpenses": 0,
    "operatingExpenses": 949690000,
    "costAndExpenses": 2399794000,
    "interestIncome": 537000,
    "interestExpense": 37506000,
    "depreciationAndAmortization": 79757000,
    "ebitda": 773090000,
    "ebitdaratio": 0.2501181695,
    "operatingIncome": 691105000,
    "operatingIncomeRatio": 0.2235935241,
    "totalOtherIncomeExpensesNet": -35278000,
    "incomeBeforeTax": 655827000,
    "incomeBeforeTaxRatio": 0.2121800162,
    "incomeTaxExpense": 154218000,
    "netIncome": 501609000,
    "netIncomeRatio": 0.1622857945,
    "eps": 0.4751,
    "epsdiluted": 0.49,
    "weightedAverageShsOut": 1055739721,
    "weightedAverageShsOutDil": 1014500000,
    "link": "https://www.sec.gov/Archives/edgar/data/898173/000089817321000026/0000898173-21-000026-index.htm",
    "finalLink": "https://www.sec.gov/Archives/edgar/data/898173/000089817321000026/orly-20210331x10q.htm"
  },
  {
    "date": "2020-12-31",
    "symbol": "ORLY",
    "reportedCurrency": "USD",
    "cik": "0000898173",
    "fillingDate": "2021-02-26",
    "acceptedDate": "2021-02-26 16:38:17",
    "calendarYear": "2020",
    "period": "Q4",
    "revenue": 2828773000,
    "costOfRevenue": 1356635000,
    "grossProfit": 1472138000,
    "grossProfitRatio": 0.5204157421,
    "researchAndDevelopmentExpenses": 0,
    "generalAndAdministrativeExpenses": 0,
    "sellingAndMarketingExpenses": 0,
    "sellingGeneralAndAdministrativeExpenses": 937866000,
    "otherExpenses": 0,
    "operatingExpenses": 937866000,
    "costAndExpenses": 2294501000,
    "interestIncome": 599000,
    "interestExpense": 38349000,
    "depreciationAndAmortization": 83125000,
    "ebitda": 621403000,
    "ebitdaratio": 0.2196722749,
    "operatingIncome": 534272000,
    "operatingIncomeRatio": 0.188870581,
    "totalOtherIncomeExpensesNet": -34343000,
    "incomeBeforeTax": 499929000,
    "incomeBeforeTaxRatio": 0.1767299815,
    "incomeTaxExpense": 106984000,
    "netIncome": 392945000,
    "netIncomeRatio": 0.1389100504,
    "eps": 0.3631,
    "epsdiluted": 0.38,
    "weightedAverageShsOut": 1082139589,
    "weightedAverageShsOutDil": 1039585714,
    "link": "https://www.sec.gov/Archives/edgar/data/898173/000089817321000012/0000898173-21-000012-index.htm",
    "finalLink": "https://www.sec.gov/Archives/edgar/data/898173/000089817321000012/orly-20201231x10k.htm"
  },
  {
    "date": "2020-09-30",
    "symbol": "ORLY",
    "reportedCurrency": "USD",
    "cik": "0000898173",
    "fillingDate": "2020-11-06",
    "acceptedDate": "2020-11-06 16:31:20",
    "calendarYear": "2020",
    "period": "Q3",
    "revenue": 3207638000,
    "costOfRevenue": 1527170000,
    "grossProfit": 1680468000,
    "grossProfitRatio": 0.5238957763,
    "researchAndDevelopmentExpenses": 0,
    "generalAndAdministrativeExpenses": 0,
    "sellingAndMarketingExpenses": 0,
    "sellingGeneralAndAdministrativeExpenses": 955455000,
    "otherExpenses": 0,
    "operatingExpenses": 955455000,
    "costAndExpenses": 2482625000,
    "interestIncome": 582000,
    "interestExpense": 41668000,
    "depreciationAndAmortization": 79637000,
    "ebitda": 807711000,
    "ebitdaratio": 0.2518086517,
    "operatingIncome": 725013000,
    "operatingIncomeRatio": 0.2260270642,
    "totalOtherIncomeExpensesNet": -38607000,
    "incomeBeforeTax": 686406000,
    "incomeBeforeTaxRatio": 0.213991105,
    "incomeTaxExpense": 159154000,
    "netIncome": 527252000,
    "netIncomeRatio": 0.16437391,
    "eps": 0.4755,
    "epsdiluted": 0.49,
    "weightedAverageShsOut": 1108734456,
    "weightedAverageShsOutDil": 1065514286,
    "link": "https://www.sec.gov/Archives/edgar/data/898173/000089817320000059/0000898173-20-000059-index.htm",
    "finalLink": "https://www.sec.gov/Archives/edgar/data/898173/000089817320000059/orly-20200930x10q.htm"
  },
  {
    "date": "2020-06-30",
    "symbol": "ORLY",
    "reportedCurrency": "USD",
    "cik": "0000898173",
    "fillingDate": "2020-08-07",
    "acceptedDate": "2020-08-07 19:05:59",
    "calendarYear": "2020",
    "period": "Q2",
    "revenue": 3091595000,
    "costOfRevenue": 1454415000,
    "grossProfit": 1637180000,
    "grossProfitRatio": 0.5295583671,
    "researchAndDevelopmentExpenses": 0,
    "generalAndAdministrativeExpenses": 0,
    "sellingAndMarketingExpenses": 0,
    "sellingGeneralAndAdministrativeExpenses": 900690000,
    "otherExpenses": 0,
    "operatingExpenses": 900690000,
    "costAndExpenses": 2355105000,
    "interestIncome": 635000,
    "interestExpense": 41723000,
    "depreciationAndAmortization": 77910000,
    "ebitda": 820043000,
    "ebitdaratio": 0.2652491675,
    "operatingIncome": 736490000,
    "operatingIncomeRatio": 0.2382233119,
    "totalOtherIncomeExpensesNet": -36080000,
    "incomeBeforeTax": 700410000,
    "incomeBeforeTaxRatio": 0.2265529605,
    "incomeTaxExpense": 168743000,
    "netIncome": 531667000,
    "netIncomeRatio": 0.1719717492,
    "eps": 0.4777,
    "epsdiluted": 0.5,
    "weightedAverageShsOut": 1113069434,
    "weightedAverageShsOutDil": 1069042857,
    "link": "https://www.sec.gov/Archives/edgar/data/898173/000155837020009976/0001558370-20-009976-index.htm",
    "finalLink": "https://www.sec.gov/Archives/edgar/data/898173/000155837020009976/orly-20200630x10q.htm"
  },
  {
    "date": "2020-03-31",
    "symbol": "ORLY",
    "reportedCurrency": "USD",
    "cik": "0000898173",
    "fillingDate": "2020-05-08",
    "acceptedDate": "2020-05-08 16:34:06",
    "calendarYear": "2020",
    "period": "Q1",
    "revenue": 2476487000,
    "costOfRevenue": 1180581000,
    "grossProfit": 1295906000,
    "grossProfitRatio": 0.5232839906,
    "researchAndDevelopmentExpenses": 0,
    "generalAndAdministrativeExpenses": 0,
    "sellingAndMarketingExpenses": 0,
    "sellingGeneralAndAdministrativeExpenses": 872345000,
    "otherExpenses": 0,
    "operatingExpenses": 872345000,
    "costAndExpenses": 2052926000,
    "interestIncome": 675000,
    "interestExpense": 39386000,
    "depreciationAndAmortization": 73963000,
    "ebitda": 493009000,
    "ebitdaratio": 0.1990759491,
    "operatingIncome": 423561000,
    "operatingIncomeRatio": 0.1710329996,
    "totalOtherIncomeExpensesNet": -43901000,
    "incomeBeforeTax": 379660000,
    "incomeBeforeTaxRatio": 0.1533058724,
    "incomeTaxExpense": 79222000,
    "netIncome": 300438000,
    "netIncomeRatio": 0.1213162032,
    "eps": 0.267,
    "epsdiluted": 0.28,
    "weightedAverageShsOut": 1125324373,
    "weightedAverageShsOutDil": 1080900000,
    "link": "https://www.sec.gov/Archives/edgar/data/898173/000089817320000027/0000898173-20-000027-index.htm",
    "finalLink": "https://www.sec.gov/Archives/edgar/data/898173/000089817320000027/orly-20200331x10q.htm"
  },
  {
    "date": "2019-12-31",
    "symbol": "ORLY",
    "reportedCurrency": "USD",
    "cik": "0000898173",
    "fillingDate": "2020-02-28",
    "acceptedDate": "2020-02-28 16:30:28",
    "calendarYear": "2019",
    "period": "Q4",
    "revenue": 2482975000,
    "costOfRevenue": 1158391000,
    "grossProfit": 1324584000,
    "grossProfitRatio": 0.5334665069,
    "researchAndDevelopmentExpenses": 0,
    "generalAndAdministrativeExpenses": 0,
    "sellingAndMarketingExpenses": 0,
    "sellingGeneralAndAdministrativeExpenses": 883081000,
    "otherExpenses": 0,
    "operatingExpenses": 883081000,
    "costAndExpenses": 2041472000,
    "interestIncome": 732000,
    "interestExpense": 35288000,
    "depreciationAndAmortization": 70493000,
    "ebitda": 515094000,
    "ebitdaratio": 0.2074503368,
    "operatingIncome": 441503000,
    "operatingIncomeRatio": 0.1778121004,
    "totalOtherIncomeExpensesNet": -32190000,
    "incomeBeforeTax": 409313000,
    "incomeBeforeTaxRatio": 0.1648478136,
    "incomeTaxExpense": 84397000,
    "netIncome": 324916000,
    "netIncomeRatio": 0.1308575398,
    "eps": 0.2861,
    "epsdiluted": 0.3,
    "weightedAverageShsOut": 1135689321,
    "weightedAverageShsOutDil": 1092785714,
    "link": "https://www.sec.gov/Archives/edgar/data/898173/000089817320000007/0000898173-20-000007-index.htm",
    "finalLink": "https://www.sec.gov/Archives/edgar/data/898173/000089817320000007/orly-20191231x10k.htm"
  },
  {
    "date": "2019-09-30",
    "symbol": "ORLY",
    "reportedCurrency": "USD",
    "cik": "0000898173",
    "fillingDate": "2019-11-06",
    "acceptedDate": "2019-11-06 16:32:10",
    "calendarYear": "2019",
    "period": "Q3",
    "revenue": 2666528000,
    "costOfRevenue": 1243998000,
    "grossProfit": 1422530000,
    "grossProfitRatio": 0.5334764908,
    "researchAndDevelopmentExpenses": 0,
    "generalAndAdministrativeExpenses": 0,
    "sellingAndMarketingExpenses": 0,
    "sellingGeneralAndAdministrativeExpenses": 886167000,
    "otherExpenses": 0,
    "operatingExpenses": 886167000,
    "costAndExpenses": 2130165000,
    "interestIncome": 656000,
    "interestExpense": 35858000,
    "depreciationAndAmortization": 68107000,
    "ebitda": 605858000,
    "ebitdaratio": 0.2272085648,
    "operatingIncome": 536363000,
    "operatingIncomeRatio": 0.2011465846,
    "totalOtherIncomeExpensesNet": -34470000,
    "incomeBeforeTax": 501893000,
    "incomeBeforeTaxRatio": 0.1882196624,
    "incomeTaxExpense": 110600000,
    "netIncome": 391293000,
    "netIncomeRatio": 0.1467425056,
    "eps": 0.3425,
    "epsdiluted": 0.36,
    "weightedAverageShsOut": 1142574287,
    "weightedAverageShsOutDil": 1099557143,
    "link": "https://www.sec.gov/Archives/edgar/data/898173/000089817319000166/0000898173-19-000166-index.htm",
    "finalLink": "https://www.sec.gov/Archives/edgar/data/898173/000089817319000166/orly-20190930x10q.htm"
  },
  {
    "date": "2019-06-30",
    "symbol": "ORLY",
    "reportedCurrency": "USD",
    "cik": "0000898173",
    "fillingDate": "2019-08-08",
    "acceptedDate": "2019-08-08 16:31:43",
    "calendarYear": "2019",
    "period": "Q2",
    "revenue": 2589874000,
    "costOfRevenue": 1221587000,
    "grossProfit": 1368287000,
    "grossProfitRatio": 0.5283218411,
    "researchAndDevelopmentExpenses": 0,
    "generalAndAdministrativeExpenses": 0,
    "sellingAndMarketingExpenses": 0,
    "sellingGeneralAndAdministrativeExpenses": 870213000,
    "otherExpenses": 0,
    "operatingExpenses": 870213000,
    "costAndExpenses": 2091800000,
    "interestIncome": 603000,
    "interestExpense": 34538000,
    "depreciationAndAmortization": 68311000,
    "ebitda": 567820000,
    "ebitdaratio": 0.2192461873,
    "operatingIncome": 498074000,
    "operatingIncomeRatio": 0.1923159196,
    "totalOtherIncomeExpensesNet": -33103000,
    "incomeBeforeTax": 464971000,
    "incomeBeforeTaxRatio": 0.1795342167,
    "incomeTaxExpense": 111290000,
    "netIncome": 353681000,
    "netIncomeRatio": 0.1365630143,
    "eps": 0.304,
    "epsdiluted": 0.32,
    "weightedAverageShsOut": 1164189179,
    "weightedAverageShsOutDil": 1120171429,
    "link": "https://www.sec.gov/Archives/edgar/data/898173/000089817319000127/0000898173-19-000127-index.htm",
    "finalLink": "https://www.sec.gov/Archives/edgar/data/898173/000089817319000127/orly-20190630x10q.htm"
  },
  {
    "date": "2019-03-31",
    "symbol": "ORLY",
    "reportedCurrency": "USD",
    "cik": "0000898173",
    "fillingDate": "2019-05-06",
    "acceptedDate": "2019-05-06 16:32:21",
    "calendarYear": "2019",
    "period": "Q1",
    "revenue": 2410608000,
    "costOfRevenue": 1131318000,
    "grossProfit": 1279290000,
    "grossProfitRatio": 0.5306918421,
    "researchAndDevelopmentExpenses": 0,
    "generalAndAdministrativeExpenses": 0,
    "sellingAndMarketingExpenses": 0,
    "sellingGeneralAndAdministrativeExpenses": 834504000,
    "otherExpenses": 0,
    "operatingExpenses": 834504000,
    "costAndExpenses": 1965822000,
    "interestIncome": 554000,
    "interestExpense": 34291000,
    "depreciationAndAmortization": 63964000,
    "ebitda": 512407000,
    "ebitdaratio": 0.2125633865,
    "operatingIncome": 444786000,
    "operatingIncomeRatio": 0.1845119571,
    "totalOtherIncomeExpensesNet": -30634000,
    "incomeBeforeTax": 414152000,
    "incomeBeforeTaxRatio": 0.1718039598,
    "incomeTaxExpense": 93000000,
    "netIncome": 321152000,
    "netIncomeRatio": 0.1332244811,
    "eps": 0.2727,
    "epsdiluted": 0.28,
    "weightedAverageShsOut": 1177254113,
    "weightedAverageShsOutDil": 1132814286,
    "link": "https://www.sec.gov/Archives/edgar/data/898173/000089817319000089/0000898173-19-000089-index.htm",
    "finalLink": "https://www.sec.gov/Archives/edgar/data/898173/000089817319000089/orly-20190331x10q.htm"
  },
  {
    "date": "2018-12-31",
    "symbol": "ORLY",
    "reportedCurrency": "USD",
    "cik": "0000898173",
    "fillingDate": "2019-02-27",
    "acceptedDate": "2019-02-27 16:33:18",
    "calendarYear": "2018",
    "period": "Q4",
    "revenue": 2314957000,
    "costOfRevenue": 1080642000,
    "grossProfit": 1234315000,
    "grossProfitRatio": 0.5331913293,
    "researchAndDevelopmentExpenses": 0,
    "generalAndAdministrativeExpenses": 0,
    "sellingAndMarketingExpenses": 0,
    "sellingGeneralAndAdministrativeExpenses": 806275000,
    "otherExpenses": 0,
    "operatingExpenses": 806275000,
    "costAndExpenses": 1886917000,
    "interestIncome": 683000,
    "interestExpense": 31468000,
    "depreciationAndAmortization": 65619000,
    "ebitda": 490244000,
    "ebitdaratio": 0.2117724001,
    "operatingIncome": 428040000,
    "operatingIncomeRatio": 0.1849019226,
    "totalOtherIncomeExpensesNet": -34883000,
    "incomeBeforeTax": 393157000,
    "incomeBeforeTaxRatio": 0.1698333922,
    "incomeTaxExpense": 92800000,
    "netIncome": 300357000,
    "netIncomeRatio": 0.1297462545,
    "eps": 0.2507,
    "epsdiluted": 0.26,
    "weightedAverageShsOut": 1197384013,
    "weightedAverageShsOutDil": 1151942857,
    "link": "https://www.sec.gov/Archives/edgar/data/898173/000089817319000060/0000898173-19-000060-index.htm",
    "finalLink": "https://www.sec.gov/Archives/edgar/data/898173/000089817319000060/orly-20181231x10xk.htm"
  },
  {
    "date": "2018-09-30",
    "symbol": "ORLY",
    "reportedCurrency": "USD",
    "cik": "0000898173",
    "fillingDate": "2018-11-07",
    "acceptedDate": "2018-11-07 16:31:58",
    "calendarYear": "2018",
    "period": "Q3",
    "revenue": 2482717000,
    "costOfRevenue": 1166962000,
    "grossProfit": 1315755000,
    "grossProfitRatio": 0.5299657593,
    "researchAndDevelopmentExpenses": 0,
    "generalAndAdministrativeExpenses": 0,
    "sellingAndMarketingExpenses": 0,
    "sellingGeneralAndAdministrativeExpenses": 830607000,
    "otherExpenses": 0,
    "operatingExpenses": 830607000,
    "costAndExpenses": 1997569000,
    "interestIncome": 669000,
    "interestExpense": 31582000,
    "depreciationAndAmortization": 62526000,
    "ebitda": 549759000,
    "ebitdaratio": 0.2214344204,
    "operatingIncome": 485148000,
    "operatingIncomeRatio": 0.1954101092,
    "totalOtherIncomeExpensesNet": -29497000,
    "incomeBeforeTax": 455651000,
    "incomeBeforeTaxRatio": 0.1835291739,
    "incomeTaxExpense": 89500000,
    "netIncome": 366151000,
    "netIncomeRatio": 0.1474799584,
    "eps": 0.3027,
    "epsdiluted": 0.31,
    "weightedAverageShsOut": 1208888955,
    "weightedAverageShsOutDil": 1163000000,
    "link": "https://www.sec.gov/Archives/edgar/data/898173/000089817318000198/0000898173-18-000198-index.htm",
    "finalLink": "https://www.sec.gov/Archives/edgar/data/898173/000089817318000198/orly-20180930x10q.htm"
  },
  {
    "date": "2018-06-30",
    "symbol": "ORLY",
    "reportedCurrency": "USD",
    "cik": "0000898173",
    "fillingDate": "2018-08-08",
    "acceptedDate": "2018-08-08 16:32:46",
    "calendarYear": "2018",
    "period": "Q2",
    "revenue": 2456073000,
    "costOfRevenue": 1167435000,
    "grossProfit": 1288638000,
    "grossProfitRatio": 0.5246741445,
    "researchAndDevelopmentExpenses": 0,
    "generalAndAdministrativeExpenses": 0,
    "sellingAndMarketingExpenses": 0,
    "sellingGeneralAndAdministrativeExpenses": 809488000,
    "otherExpenses": 0,
    "operatingExpenses": 809488000,
    "costAndExpenses": 1976923000,
    "interestIncome": 597000,
    "interestExpense": 30862000,
    "depreciationAndAmortization": 60872000,
    "ebitda": 541607000,
    "ebitdaratio": 0.2205174683,
    "operatingIncome": 479150000,
    "operatingIncomeRatio": 0.1950878496,
    "totalOtherIncomeExpensesNet": -29277000,
    "incomeBeforeTax": 449873000,
    "incomeBeforeTaxRatio": 0.1831676013,
    "incomeTaxExpense": 96800000,
    "netIncome": 353073000,
    "netIncomeRatio": 0.143755092,
    "eps": 0.288,
    "epsdiluted": 0.3,
    "weightedAverageShsOut": 1225988870,
    "weightedAverageShsOutDil": 1179085714,
    "link": "https://www.sec.gov/Archives/edgar/data/898173/000089817318000168/0000898173-18-000168-index.htm",
    "finalLink": "https://www.sec.gov/Archives/edgar/data/898173/000089817318000168/orly-20180630x10q.htm"
  },
  {
    "date": "2018-03-31",
    "symbol": "ORLY",
    "reportedCurrency": "USD",
    "cik": "0000898173",
    "fillingDate": "2018-05-07",
    "acceptedDate": "2018-05-07 16:31:29",
    "calendarYear": "2018",
    "period": "Q1",
    "revenue": 2282681000,
    "costOfRevenue": 1081423000,
    "grossProfit": 1201258000,
    "grossProfitRatio": 0.52624874,
    "researchAndDevelopmentExpenses": 0,
    "generalAndAdministrativeExpenses": 0,
    "sellingAndMarketingExpenses": 0,
    "sellingGeneralAndAdministrativeExpenses": 778412000,
    "otherExpenses": 0,
    "operatingExpenses": 778412000,
    "costAndExpenses": 1859835000,
    "interestIncome": 572000,
    "interestExpense": 28217000,
    "depreciationAndAmortization": 69920000,
    "ebitda": 493543000,
    "ebitdaratio": 0.2162119893,
    "operatingIncome": 422846000,
    "operatingIncomeRatio": 0.1852409513,
    "totalOtherIncomeExpensesNet": -27440000,
    "incomeBeforeTax": 395406000,
    "incomeBeforeTaxRatio": 0.1732199988,
    "incomeTaxExpense": 90500000,
    "netIncome": 304906000,
    "netIncomeRatio": 0.1335736356,
    "eps": 0.2433,
    "epsdiluted": 0.25,
    "weightedAverageShsOut": 1252943735,
    "weightedAverageShsOutDil": 1207471429,
    "link": "https://www.sec.gov/Archives/edgar/data/898173/000089817318000103/0000898173-18-000103-index.htm",
    "finalLink": "https://www.sec.gov/Archives/edgar/data/898173/000089817318000103/orly-20180331x10q.htm"
  },
  {
    "date": "2017-12-31",
    "symbol": "ORLY",
    "reportedCurrency": "USD",
    "cik": "0000898173",
    "fillingDate": "2018-02-28",
    "acceptedDate": "2018-02-28 16:32:56",
    "calendarYear": "2017",
    "period": "Q4",
    "revenue": 2190808000,
    "costOfRevenue": 1031628000,
    "grossProfit": 1159180000,
    "grossProfitRatio": 0.5291107208,
    "researchAndDevelopmentExpenses": 0,
    "generalAndAdministrativeExpenses": 0,
    "sellingAndMarketingExpenses": 0,
    "sellingGeneralAndAdministrativeExpenses": 756345000,
    "otherExpenses": 0,
    "operatingExpenses": 756345000,
    "costAndExpenses": 1787973000,
    "interestIncome": 579000,
    "interestExpense": 26794000,
    "depreciationAndAmortization": 60345000,
    "ebitda": 463863000,
    "ebitdaratio": 0.2117314708,
    "operatingIncome": 402835000,
    "operatingIncomeRatio": 0.1838750817,
    "totalOtherIncomeExpensesNet": -26111000,
    "incomeBeforeTax": 376724000,
    "incomeBeforeTaxRatio": 0.171956648,
    "incomeTaxExpense": 74409000,
    "netIncome": 302315000,
    "netIncomeRatio": 0.1379924667,
    "eps": 0.2373,
    "epsdiluted": 0.25,
    "weightedAverageShsOut": 1272443637,
    "weightedAverageShsOutDil": 1226400000,
    "link": "https://www.sec.gov/Archives/edgar/data/898173/000089817318000077/0000898173-18-000077-index.htm",
    "finalLink": "https://www.sec.gov/Archives/edgar/data/898173/000089817318000077/orly-20171231x10xk.htm"
  },
  {
    "date": "2017-09-30",
    "symbol": "ORLY",
    "reportedCurrency": "USD",
    "cik": "0000898173",
    "fillingDate": "2017-11-07",
    "acceptedDate": "2017-11-07 16:34:10",
    "calendarYear": "2017",
    "period": "Q3",
    "revenue": 2339830000,
    "costOfRevenue": 1109536000,
    "grossProfit": 1230294000,
    "grossProfitRatio": 0.5258048662,
    "researchAndDevelopmentExpenses": 0,
    "generalAndAdministrativeExpenses": 0,
    "sellingAndMarketingExpenses": 0,
    "sellingGeneralAndAdministrativeExpenses": 768331000,
    "otherExpenses": 0,
    "operatingExpenses": 768331000,
    "costAndExpenses": 1877867000,
    "interestIncome": 592000,
    "interestExpense": 24324000,
    "depreciationAndAmortization": 58541000,
    "ebitda": 522395000,
    "ebitdaratio": 0.2232619464,
    "operatingIncome": 461963000,
    "operatingIncomeRatio": 0.197434429,
    "totalOtherIncomeExpensesNet": -22433000,
    "incomeBeforeTax": 439530000,
    "incomeBeforeTaxRatio": 0.1878469803,
    "incomeTaxExpense": 155796000,
    "netIncome": 283734000,
    "netIncomeRatio": 0.1212626558,
    "eps": 0.2173,
    "epsdiluted": 0.23,
    "weightedAverageShsOut": 1304198478,
    "weightedAverageShsOutDil": 1257500000,
    "link": "https://www.sec.gov/Archives/edgar/data/898173/000089817317000178/0000898173-17-000178-index.htm",
    "finalLink": "https://www.sec.gov/Archives/edgar/data/898173/000089817317000178/orly-20170930x10q.htm"
  },
  {
    "date": "2017-06-30",
    "symbol": "ORLY",
    "reportedCurrency": "USD",
    "cik": "0000898173",
    "fillingDate": "2017-08-07",
    "acceptedDate": "2017-08-07 16:32:43",
    "calendarYear": "2017",
    "period": "Q2",
    "revenue": 2290829000,
    "costOfRevenue": 1090767000,
    "grossProfit": 1200062000,
    "grossProfitRatio": 0.5238549014,
    "researchAndDevelopmentExpenses": 0,
    "generalAndAdministrativeExpenses": 0,
    "sellingAndMarketingExpenses": 0,
    "sellingGeneralAndAdministrativeExpenses": 742617000,
    "otherExpenses": 0,
    "operatingExpenses": 742617000,
    "costAndExpenses": 1833384000,
    "interestIncome": 470000,
    "interestExpense": 20827000,
    "depreciationAndAmortization": 57951000,
    "ebitda": 515104000,
    "ebitdaratio": 0.2248548451,
    "operatingIncome": 457445000,
    "operatingIncomeRatio": 0.1996853541,
    "totalOtherIncomeExpensesNet": -21119000,
    "incomeBeforeTax": 436326000,
    "incomeBeforeTaxRatio": 0.1904664207,
    "incomeTaxExpense": 153505000,
    "netIncome": 282821000,
    "netIncomeRatio": 0.1234579272,
    "eps": 0.2093,
    "epsdiluted": 0.22,
    "weightedAverageShsOut": 1350443247,
    "weightedAverageShsOutDil": 1304271429,
    "link": "https://www.sec.gov/Archives/edgar/data/898173/000089817317000154/0000898173-17-000154-index.htm",
    "finalLink": "https://www.sec.gov/Archives/edgar/data/898173/000089817317000154/orly-20170630x10q.htm"
  },
  {
    "date": "2017-03-31",
    "symbol": "ORLY",
    "reportedCurrency": "USD",
    "cik": "0000898173",
    "fillingDate": "2017-05-08",
    "acceptedDate": "2017-05-08 16:33:47",
    "calendarYear": "2017",
    "period": "Q1",
    "revenue": 2156259000,
    "costOfRevenue": 1025112000,
    "grossProfit": 1131147000,
    "grossProfitRatio": 0.5245877235,
    "researchAndDevelopmentExpenses": 0,
    "generalAndAdministrativeExpenses": 0,
    "sellingAndMarketingExpenses": 0,
    "sellingGeneralAndAdministrativeExpenses": 727990000,
    "otherExpenses": 0,
    "operatingExpenses": 727990000,
    "costAndExpenses": 1753102000,
    "interestIncome": 706000,
    "interestExpense": 19404000,
    "depreciationAndAmortization": 57008000,
    "ebitda": 461636000,
    "ebitdaratio": 0.2140911644,
    "operatingIncome": 403157000,
    "operatingIncomeRatio": 0.1869705819,
    "totalOtherIncomeExpensesNet": -17933000,
    "incomeBeforeTax": 385224000,
    "incomeBeforeTaxRatio": 0.178653863,
    "incomeTaxExpense": 120290000,
    "netIncome": 264934000,
    "netIncomeRatio": 0.1228674292,
    "eps": 2.88,
    "epsdiluted": 0.2,
    "weightedAverageShsOut": 92001000,
    "weightedAverageShsOutDil": 1335642857,
    "link": "https://www.sec.gov/Archives/edgar/data/898173/000089817317000113/0000898173-17-000113-index.htm",
    "finalLink": "https://www.sec.gov/Archives/edgar/data/898173/000089817317000113/orly-20170331x10q.htm"
  },
  {
    "date": "2016-12-31",
    "symbol": "ORLY",
    "reportedCurrency": "USD",
    "cik": "0000898173",
    "fillingDate": "2017-02-28",
    "acceptedDate": "2017-02-28 16:32:37",
    "calendarYear": "2016",
    "period": "Q4",
    "revenue": 2099302000,
    "costOfRevenue": 985075000,
    "grossProfit": 1114227000,
    "grossProfitRatio": 0.5307607005,
    "researchAndDevelopmentExpenses": 0,
    "generalAndAdministrativeExpenses": 0,
    "sellingAndMarketingExpenses": 0,
    "sellingGeneralAndAdministrativeExpenses": 706517000,
    "otherExpenses": 0,
    "operatingExpenses": 706517000,
    "costAndExpenses": 1691592000,
    "interestIncome": 1052000,
    "interestExpense": 18703000,
    "depreciationAndAmortization": 56419000,
    "ebitda": 466052000,
    "ebitdaratio": 0.2220033135,
    "operatingIncome": 407710000,
    "operatingIncomeRatio": 0.1942121715,
    "totalOtherIncomeExpensesNet": -16780000,
    "incomeBeforeTax": 390930000,
    "incomeBeforeTaxRatio": 0.1862190385,
    "incomeTaxExpense": 144900000,
    "netIncome": 246030000,
    "netIncomeRatio": 0.1171960966,
    "eps": 2.62,
    "epsdiluted": 0.18,
    "weightedAverageShsOut": 93813000,
    "weightedAverageShsOutDil": 1356614286,
    "link": "https://www.sec.gov/Archives/edgar/data/898173/000089817317000091/0000898173-17-000091-index.htm",
    "finalLink": "https://www.sec.gov/Archives/edgar/data/898173/000089817317000091/orly-20161231x10xk.htm"
  },
  {
    "date": "2016-09-30",
    "symbol": "ORLY",
    "reportedCurrency": "USD",
    "cik": "0000898173",
    "fillingDate": "2016-11-08",
    "acceptedDate": "2016-11-08 16:32:47",
    "calendarYear": "2016",
    "period": "Q3",
    "revenue": 2220955000,
    "costOfRevenue": 1050929000,
    "grossProfit": 1170026000,
    "grossProfitRatio": 0.5268121146,
    "researchAndDevelopmentExpenses": 0,
    "generalAndAdministrativeExpenses": 0,
    "sellingAndMarketingExpenses": 0,
    "sellingGeneralAndAdministrativeExpenses": 722217000,
    "otherExpenses": 0,
    "operatingExpenses": 722217000,
    "costAndExpenses": 1773146000,
    "interestIncome": 1227000,
    "interestExpense": 18706000,
    "depreciationAndAmortization": 55017000,
    "ebitda": 505616000,
    "ebitdaratio": 0.2276570214,
    "operatingIncome": 447809000,
    "operatingIncomeRatio": 0.201629029,
    "totalOtherIncomeExpensesNet": -15916000,
    "incomeBeforeTax": 431893000,
    "incomeBeforeTaxRatio": 0.1944627424,
    "incomeTaxExpense": 153400000,
    "netIncome": 278493000,
    "netIncomeRatio": 0.1253933556,
    "eps": 2.93,
    "epsdiluted": 0.2,
    "weightedAverageShsOut": 94891000,
    "weightedAverageShsOutDil": 1373142857,
    "link": "https://www.sec.gov/Archives/edgar/data/898173/000089817316000385/0000898173-16-000385-index.htm",
    "finalLink": "https://www.sec.gov/Archives/edgar/data/898173/000089817316000385/orly-20160930x10q.htm"
  },
  {
    "date": "2016-06-30",
    "symbol": "ORLY",
    "reportedCurrency": "USD",
    "cik": "0000898173",
    "fillingDate": "2016-08-08",
    "acceptedDate": "2016-08-08 16:32:20",
    "calendarYear": "2016",
    "period": "Q2",
    "revenue": 2176689000,
    "costOfRevenue": 1049510000,
    "grossProfit": 1127179000,
    "grossProfitRatio": 0.517841088,
    "researchAndDevelopmentExpenses": 0,
    "generalAndAdministrativeExpenses": 0,
    "sellingAndMarketingExpenses": 0,
    "sellingGeneralAndAdministrativeExpenses": 702118000,
    "otherExpenses": 0,
    "operatingExpenses": 702118000,
    "costAndExpenses": 1751628000,
    "interestIncome": 1193000,
    "interestExpense": 18701000,
    "depreciationAndAmortization": 53652000,
    "ebitda": 481147000,
    "ebitdaratio": 0.2210453583,
    "operatingIncome": 425061000,
    "operatingIncomeRatio": 0.1952787008,
    "totalOtherIncomeExpensesNet": -16267000,
    "incomeBeforeTax": 408794000,
    "incomeBeforeTaxRatio": 0.1878054237,
    "incomeTaxExpense": 151000000,
    "netIncome": 257794000,
    "netIncomeRatio": 0.1184340069,
    "eps": 0.19,
    "epsdiluted": 0.19,
    "weightedAverageShsOut": 1370957143,
    "weightedAverageShsOutDil": 1389742857,
    "link": "https://www.sec.gov/Archives/edgar/data/898173/000089817316000359/0000898173-16-000359-index.htm",
    "finalLink": "https://www.sec.gov/Archives/edgar/data/898173/000089817316000359/orly-20160630x10q.htm"
  },
  {
    "date": "2016-03-31",
    "symbol": "ORLY",
    "reportedCurrency": "USD",
    "cik": "0000898173",
    "fillingDate": "2016-05-09",
    "acceptedDate": "2016-05-09 16:37:00",
    "calendarYear": "2016",
    "period": "Q1",
    "revenue": 2096150000,
    "costOfRevenue": 998571000,
    "grossProfit": 1097579000,
    "grossProfitRatio": 0.5236166305,
    "researchAndDevelopmentExpenses": 0,
    "generalAndAdministrativeExpenses": 0,
    "sellingAndMarketingExpenses": 0,
    "sellingGeneralAndAdministrativeExpenses": 678953000,
    "otherExpenses": 0,
    "operatingExpenses": 678953000,
    "costAndExpenses": 1677524000,
    "interestIncome": 752000,
    "interestExpense": 14821000,
    "depreciationAndAmortization": 52778000,
    "ebitda": 473173000,
    "ebitdaratio": 0.2257343224,
    "operatingIncome": 418626000,
    "operatingIncomeRatio": 0.1997118527,
    "totalOtherIncomeExpensesNet": -13052000,
    "incomeBeforeTax": 405574000,
    "incomeBeforeTaxRatio": 0.1934851991,
    "incomeTaxExpense": 150200000,
    "netIncome": 255374000,
    "netIncomeRatio": 0.1218300217,
    "eps": 0.18,
    "epsdiluted": 0.18,
    "weightedAverageShsOut": 1387714286,
    "weightedAverageShsOutDil": 1407671429,
    "link": "https://www.sec.gov/Archives/edgar/data/898173/000089817316000311/0000898173-16-000311-index.htm",
    "finalLink": "https://www.sec.gov/Archives/edgar/data/898173/000089817316000311/orly-20160331x10q.htm"
  },
  {
    "date": "2015-12-31",
    "symbol": "ORLY",
    "reportedCurrency": "USD",
    "cik": "0000898173",
    "fillingDate": "2016-02-26",
    "acceptedDate": "2016-02-26 13:14:39",
    "calendarYear": "2015",
    "period": "Q4",
    "revenue": 1949052000,
    "costOfRevenue": 921413000,
    "grossProfit": 1027639000,
    "grossProfitRatio": 0.5272506839,
    "researchAndDevelopmentExpenses": 0,
    "generalAndAdministrativeExpenses": 0,
    "sellingAndMarketingExpenses": 0,
    "sellingGeneralAndAdministrativeExpenses": 665019000,
    "otherExpenses": 0,
    "operatingExpenses": 665019000,
    "costAndExpenses": 1586432000,
    "interestIncome": 632000,
    "interestExpense": 14112000,
    "depreciationAndAmortization": 52191000,
    "ebitda": 415929000,
    "ebitdaratio": 0.2134006686,
    "operatingIncome": 362620000,
    "operatingIncomeRatio": 0.186049423,
    "totalOtherIncomeExpensesNet": -12994000,
    "incomeBeforeTax": 349626000,
    "incomeBeforeTaxRatio": 0.1793825922,
    "incomeTaxExpense": 131050000,
    "netIncome": 218576000,
    "netIncomeRatio": 0.112144776,
    "eps": 0.16,
    "epsdiluted": 0.15,
    "weightedAverageShsOut": 1406771429,
    "weightedAverageShsOutDil": 1427642857,
    "link": "https://www.sec.gov/Archives/edgar/data/898173/000089817316000276/0000898173-16-000276-index.htm",
    "finalLink": "https://www.sec.gov/Archives/edgar/data/898173/000089817316000276/orly-20151231x10xk.htm"
  },
  {
    "date": "2015-09-30",
    "symbol": "ORLY",
    "reportedCurrency": "USD",
    "cik": "0000898173",
    "fillingDate": "2015-11-06",
    "acceptedDate": "2015-11-06 16:48:15",
    "calendarYear": "2015",
    "period": "Q3",
    "revenue": 2080201000,
    "costOfRevenue": 990947000,
    "grossProfit": 1089254000,
    "grossProfitRatio": 0.523629207,
    "researchAndDevelopmentExpenses": 0,
    "generalAndAdministrativeExpenses": 0,
    "sellingAndMarketingExpenses": 0,
    "sellingGeneralAndAdministrativeExpenses": 673994000,
    "otherExpenses": 0,
    "operatingExpenses": 673994000,
    "costAndExpenses": 1664941000,
    "interestIncome": 551000,
    "interestExpense": 14296000,
    "depreciationAndAmortization": 52058000,
    "ebitda": 467222000,
    "ebitdaratio": 0.224604257,
    "operatingIncome": 415260000,
    "operatingIncomeRatio": 0.1996249401,
    "totalOtherIncomeExpensesNet": -14392000,
    "incomeBeforeTax": 400868000,
    "incomeBeforeTaxRatio": 0.1927063779,
    "incomeTaxExpense": 134600000,
    "netIncome": 266268000,
    "netIncomeRatio": 0.1280010922,
    "eps": 0.19,
    "epsdiluted": 0.18,
    "weightedAverageShsOut": 1418142857,
    "weightedAverageShsOutDil": 1439571429,
    "link": "https://www.sec.gov/Archives/edgar/data/898173/000089817315000189/0000898173-15-000189-index.htm",
    "finalLink": "https://www.sec.gov/Archives/edgar/data/898173/000089817315000189/orly-20150930x10q.htm"
  },
  {
    "date": "2015-06-30",
    "symbol": "ORLY",
    "reportedCurrency": "USD",
    "cik": "0000898173",
    "fillingDate": "2015-08-07",
    "acceptedDate": "2015-08-07 16:33:33",
    "calendarYear": "2015",
    "period": "Q2",
    "revenue": 2035518000,
    "costOfRevenue": 976727000,
    "grossProfit": 1058791000,
    "grossProfitRatio": 0.5201580138,
    "researchAndDevelopmentExpenses": 0,
    "generalAndAdministrativeExpenses": 0,
    "sellingAndMarketingExpenses": 0,
    "sellingGeneralAndAdministrativeExpenses": 673023000,
    "otherExpenses": 0,
    "operatingExpenses": 673023000,
    "costAndExpenses": 1649750000,
    "interestIncome": 577000,
    "interestExpense": 14319000,
    "depreciationAndAmortization": 51057000,
    "ebitda": 437584000,
    "ebitdaratio": 0.2149742719,
    "operatingIncome": 385768000,
    "operatingIncomeRatio": 0.1895183437,
    "totalOtherIncomeExpensesNet": -13560000,
    "incomeBeforeTax": 372208000,
    "incomeBeforeTaxRatio": 0.1828566488,
    "incomeTaxExpense": 138700000,
    "netIncome": 233508000,
    "netIncomeRatio": 0.1147167453,
    "eps": 0.16,
    "epsdiluted": 0.16,
    "weightedAverageShsOut": 1436385714,
    "weightedAverageShsOutDil": 1458700000,
    "link": "https://www.sec.gov/Archives/edgar/data/898173/000089817315000163/0000898173-15-000163-index.htm",
    "finalLink": "https://www.sec.gov/Archives/edgar/data/898173/000089817315000163/orly-20150630x10q.htm"
  },
  {
    "date": "2015-03-31",
    "symbol": "ORLY",
    "reportedCurrency": "USD",
    "cik": "0000898173",
    "fillingDate": "2015-05-08",
    "acceptedDate": "2015-05-08 16:32:26",
    "calendarYear": "2015",
    "period": "Q1",
    "revenue": 1901903000,
    "costOfRevenue": 914944000,
    "grossProfit": 986959000,
    "grossProfitRatio": 0.5189323535,
    "researchAndDevelopmentExpenses": 0,
    "generalAndAdministrativeExpenses": 0,
    "sellingAndMarketingExpenses": 0,
    "sellingGeneralAndAdministrativeExpenses": 636586000,
    "otherExpenses": 0,
    "operatingExpenses": 636586000,
    "costAndExpenses": 1551530000,
    "interestIncome": 580000,
    "interestExpense": 14402000,
    "depreciationAndAmortization": 54950000,
    "ebitda": 407016000,
    "ebitdaratio": 0.2140046049,
    "operatingIncome": 350373000,
    "operatingIncomeRatio": 0.1842223289,
    "totalOtherIncomeExpensesNet": -12709000,
    "incomeBeforeTax": 337664000,
    "incomeBeforeTaxRatio": 0.1775400743,
    "incomeTaxExpense": 124800000,
    "netIncome": 212864000,
    "netIncomeRatio": 0.1119215859,
    "eps": 0.15,
    "epsdiluted": 0.14,
    "weightedAverageShsOut": 1451600000,
    "weightedAverageShsOutDil": 1475100000,
    "link": "https://www.sec.gov/Archives/edgar/data/898173/000089817315000123/0000898173-15-000123-index.htm",
    "finalLink": "https://www.sec.gov/Archives/edgar/data/898173/000089817315000123/orly-20150331x10q.htm"
  },
  {
    "date": "2014-12-31",
    "symbol": "ORLY",
    "reportedCurrency": "USD",
    "cik": "0000898173",
    "fillingDate": "2015-02-27",
    "acceptedDate": "2015-02-27 15:28:23",
    "calendarYear": "2014",
    "period": "Q4",
    "revenue": 1764178000,
    "costOfRevenue": 852071000,
    "grossProfit": 912107000,
    "grossProfitRatio": 0.5170152898,
    "researchAndDevelopmentExpenses": 0,
    "generalAndAdministrativeExpenses": 0,
    "sellingAndMarketingExpenses": 0,
    "sellingGeneralAndAdministrativeExpenses": 609095000,
    "otherExpenses": 0,
    "operatingExpenses": 609095000,
    "costAndExpenses": 1461166000,
    "interestIncome": 613000,
    "interestExpense": 14079000,
    "depreciationAndAmortization": 50690000,
    "ebitda": 354875000,
    "ebitdaratio": 0.2011560058,
    "operatingIncome": 303012000,
    "operatingIncomeRatio": 0.1717581786,
    "totalOtherIncomeExpensesNet": -12906000,
    "incomeBeforeTax": 290106000,
    "incomeBeforeTaxRatio": 0.1644425903,
    "incomeTaxExpense": 108428000,
    "netIncome": 181678000,
    "netIncomeRatio": 0.1029816719,
    "eps": 0.13,
    "epsdiluted": 0.12,
    "weightedAverageShsOut": 1452000000,
    "weightedAverageShsOutDil": 1476142857,
    "link": "https://www.sec.gov/Archives/edgar/data/898173/000089817315000076/0000898173-15-000076-index.htm",
    "finalLink": "https://www.sec.gov/Archives/edgar/data/898173/000089817315000076/orly-20141231x10xk.htm"
  },
  {
    "date": "2014-09-30",
    "symbol": "ORLY",
    "reportedCurrency": "USD",
    "cik": "0000898173",
    "fillingDate": "2014-11-07",
    "acceptedDate": "2014-11-07 16:34:37",
    "calendarYear": "2014",
    "period": "Q3",
    "revenue": 1876872000,
    "costOfRevenue": 908671000,
    "grossProfit": 968201000,
    "grossProfitRatio": 0.5158588332,
    "researchAndDevelopmentExpenses": 0,
    "generalAndAdministrativeExpenses": 0,
    "sellingAndMarketingExpenses": 0,
    "sellingGeneralAndAdministrativeExpenses": 624433000,
    "otherExpenses": 0,
    "operatingExpenses": 624433000,
    "costAndExpenses": 1533104000,
    "interestIncome": 551000,
    "interestExpense": 12983000,
    "depreciationAndAmortization": 48511000,
    "ebitda": 393812000,
    "ebitdaratio": 0.2098235788,
    "operatingIncome": 343768000,
    "operatingIncomeRatio": 0.1831600663,
    "totalOtherIncomeExpensesNet": -11450000,
    "incomeBeforeTax": 332318000,
    "incomeBeforeTaxRatio": 0.1770594905,
    "incomeTaxExpense": 115321000,
    "netIncome": 216997000,
    "netIncomeRatio": 0.115616302,
    "eps": 0.15,
    "epsdiluted": 0.14,
    "weightedAverageShsOut": 1478542857,
    "weightedAverageShsOutDil": 1503171429,
    "link": "https://www.sec.gov/Archives/edgar/data/898173/000089817314000169/0000898173-14-000169-index.htm",
    "finalLink": "https://www.sec.gov/Archives/edgar/data/898173/000089817314000169/orly-20140930x10q.htm"
  },
  {
    "date": "2014-06-30",
    "symbol": "ORLY",
    "reportedCurrency": "USD",
    "cik": "0000898173",
    "fillingDate": "2014-08-08",
    "acceptedDate": "2014-08-08 16:38:00",
    "calendarYear": "2014",
    "period": "Q2",
    "revenue": 1847088000,
    "costOfRevenue": 896211000,
    "grossProfit": 950877000,
    "grossProfitRatio": 0.5147978873,
    "researchAndDevelopmentExpenses": 0,
    "generalAndAdministrativeExpenses": 0,
    "sellingAndMarketingExpenses": 0,
    "sellingGeneralAndAdministrativeExpenses": 614403000,
    "otherExpenses": 0,
    "operatingExpenses": 614403000,
    "costAndExpenses": 1510614000,
    "interestIncome": 506000,
    "interestExpense": 12819000,
    "depreciationAndAmortization": 47527000,
    "ebitda": 385144000,
    "ebitdaratio": 0.2085141585,
    "operatingIncome": 336474000,
    "operatingIncomeRatio": 0.1821645747,
    "totalOtherIncomeExpensesNet": -11676000,
    "incomeBeforeTax": 324798000,
    "incomeBeforeTaxRatio": 0.1758432733,
    "incomeTaxExpense": 119151000,
    "netIncome": 205647000,
    "netIncomeRatio": 0.1113357891,
    "eps": 0.14,
    "epsdiluted": 0.13,
    "weightedAverageShsOut": 1511028571,
    "weightedAverageShsOutDil": 1536514286,
    "link": "https://www.sec.gov/Archives/edgar/data/898173/000089817314000128/0000898173-14-000128-index.htm",
    "finalLink": "https://www.sec.gov/Archives/edgar/data/898173/000089817314000128/orly-20140630x10q.htm"
  },
  {
    "date": "2014-03-31",
    "symbol": "ORLY",
    "reportedCurrency": "USD",
    "cik": "0000898173",
    "fillingDate": "2014-05-09",
    "acceptedDate": "2014-05-09 16:46:08",
    "calendarYear": "2014",
    "period": "Q1",
    "revenue": 1727943000,
    "costOfRevenue": 850227000,
    "grossProfit": 877716000,
    "grossProfitRatio": 0.5079542554,
    "researchAndDevelopmentExpenses": 0,
    "generalAndAdministrativeExpenses": 0,
    "sellingAndMarketingExpenses": 0,
    "sellingGeneralAndAdministrativeExpenses": 590596000,
    "otherExpenses": 0,
    "operatingExpenses": 590596000,
    "costAndExpenses": 1440823000,
    "interestIncome": 631000,
    "interestExpense": 13409000,
    "depreciationAndAmortization": 47477000,
    "ebitda": 335846000,
    "ebitdaratio": 0.1943617353,
    "operatingIncome": 287120000,
    "operatingIncomeRatio": 0.1661628885,
    "totalOtherIncomeExpensesNet": -12160000,
    "incomeBeforeTax": 274960000,
    "incomeBeforeTaxRatio": 0.1591256193,
    "incomeTaxExpense": 101100000,
    "netIncome": 173860000,
    "netIncomeRatio": 0.1006167449,
    "eps": 0.11,
    "epsdiluted": 0.11,
    "weightedAverageShsOut": 1517014286,
    "weightedAverageShsOutDil": 1543857143,
    "link": "https://www.sec.gov/Archives/edgar/data/898173/000089817314000093/0000898173-14-000093-index.htm",
    "finalLink": "https://www.sec.gov/Archives/edgar/data/898173/000089817314000093/orly-20140331x10q.htm"
  },
  {
    "date": "2013-12-31",
    "symbol": "ORLY",
    "reportedCurrency": "USD",
    "cik": "0000898173",
    "fillingDate": "2014-02-28",
    "acceptedDate": "2014-02-28 13:02:01",
    "calendarYear": "2013",
    "period": "Q4",
    "revenue": 1621234000,
    "costOfRevenue": 801934000,
    "grossProfit": 819300000,
    "grossProfitRatio": 0.5053557969,
    "researchAndDevelopmentExpenses": 0,
    "generalAndAdministrativeExpenses": 0,
    "sellingAndMarketingExpenses": 0,
    "sellingGeneralAndAdministrativeExpenses": 563540000,
    "otherExpenses": 0,
    "operatingExpenses": 563540000,
    "costAndExpenses": 1365474000,
    "interestIncome": 532000,
    "interestExpense": 12912000,
    "depreciationAndAmortization": 47109000,
    "ebitda": 303918000,
    "ebitdaratio": 0.1874609094,
    "operatingIncome": 255760000,
    "operatingIncomeRatio": 0.1577563757,
    "totalOtherIncomeExpensesNet": -11863000,
    "incomeBeforeTax": 243897000,
    "incomeBeforeTaxRatio": 0.15043911,
    "incomeTaxExpense": 91550000,
    "netIncome": 152347000,
    "netIncomeRatio": 0.0939697786,
    "eps": 0.0998,
    "epsdiluted": 0.0981,
    "weightedAverageShsOut": 1527114286,
    "weightedAverageShsOutDil": 1553400000,
    "link": "https://www.sec.gov/Archives/edgar/data/898173/000089817314000064/0000898173-14-000064-index.htm",
    "finalLink": "https://www.sec.gov/Archives/edgar/data/898173/000089817314000064/orly-20131231x10k.htm"
  },
  {
    "date": "2013-09-30",
    "symbol": "ORLY",
    "reportedCurrency": "USD",
    "cik": "0000898173",
    "fillingDate": "2013-11-08",
    "acceptedDate": "2013-11-08 16:50:17",
    "calendarYear": "2013",
    "period": "Q3",
    "revenue": 1728025000,
    "costOfRevenue": 848862000,
    "grossProfit": 879163000,
    "grossProfitRatio": 0.5087675236,
    "researchAndDevelopmentExpenses": 0,
    "generalAndAdministrativeExpenses": 0,
    "sellingAndMarketingExpenses": 0,
    "sellingGeneralAndAdministrativeExpenses": 578783000,
    "otherExpenses": 0,
    "operatingExpenses": 578783000,
    "costAndExpenses": 1427645000,
    "interestIncome": 514000,
    "interestExpense": 13295000,
    "depreciationAndAmortization": 46389000,
    "ebitda": 347973000,
    "ebitdaratio": 0.2013703505,
    "operatingIncome": 300380000,
    "operatingIncomeRatio": 0.1738285036,
    "totalOtherIncomeExpensesNet": -12091000,
    "incomeBeforeTax": 288289000,
    "incomeBeforeTaxRatio": 0.1668314984,
    "incomeTaxExpense": 101800000,
    "netIncome": 186489000,
    "netIncomeRatio": 0.1079203137,
    "eps": 0.12,
    "epsdiluted": 0.12,
    "weightedAverageShsOut": 1547242857,
    "weightedAverageShsOutDil": 1574185714,
    "link": "https://www.sec.gov/Archives/edgar/data/898173/000089817313000049/0000898173-13-000049-index.htm",
    "finalLink": "https://www.sec.gov/Archives/edgar/data/898173/000089817313000049/orly-20130930x10q.htm"
  },
  {
    "date": "2013-06-30",
    "symbol": "ORLY",
    "reportedCurrency": "USD",
    "cik": "0000898173",
    "fillingDate": "2013-08-08",
    "acceptedDate": "2013-08-08 16:46:31",
    "calendarYear": "2013",
    "period": "Q2",
    "revenue": 1714969000,
    "costOfRevenue": 843094000,
    "grossProfit": 871875000,
    "grossProfitRatio": 0.5083911138,
    "researchAndDevelopmentExpenses": 0,
    "generalAndAdministrativeExpenses": 0,
    "sellingAndMarketingExpenses": 0,
    "sellingGeneralAndAdministrativeExpenses": 575614000,
    "otherExpenses": 0,
    "operatingExpenses": 575614000,
    "costAndExpenses": 1418708000,
    "interestIncome": 469000,
    "interestExpense": 11467000,
    "depreciationAndAmortization": 45503000,
    "ebitda": 343097000,
    "ebitdaratio": 0.200060176,
    "operatingIncome": 296261000,
    "operatingIncomeRatio": 0.1727500614,
    "totalOtherIncomeExpensesNet": -10134000,
    "incomeBeforeTax": 286127000,
    "incomeBeforeTaxRatio": 0.1668409167,
    "incomeTaxExpense": 109000000,
    "netIncome": 177127000,
    "netIncomeRatio": 0.1032829165,
    "eps": 0.11,
    "epsdiluted": 0.11,
    "weightedAverageShsOut": 1575400000,
    "weightedAverageShsOutDil": 1601128571,
    "link": "https://www.sec.gov/Archives/edgar/data/898173/000089817313000039/0000898173-13-000039-index.htm",
    "finalLink": "https://www.sec.gov/Archives/edgar/data/898173/000089817313000039/orly-20130630x10q.htm"
  },
  {
    "date": "2013-03-31",
    "symbol": "ORLY",
    "reportedCurrency": "USD",
    "cik": "0000898173",
    "fillingDate": "2013-05-09",
    "acceptedDate": "2013-05-09 16:40:47",
    "calendarYear": "2013",
    "period": "Q1",
    "revenue": 1585009000,
    "costOfRevenue": 786346000,
    "grossProfit": 798663000,
    "grossProfitRatio": 0.5038854669,
    "researchAndDevelopmentExpenses": 0,
    "generalAndAdministrativeExpenses": 0,
    "sellingAndMarketingExpenses": 0,
    "sellingGeneralAndAdministrativeExpenses": 547579000,
    "otherExpenses": 0,
    "operatingExpenses": 547579000,
    "costAndExpenses": 1333925000,
    "interestIncome": 477000,
    "interestExpense": 11400000,
    "depreciationAndAmortization": 44179000,
    "ebitda": 296208000,
    "ebitdaratio": 0.1868809578,
    "operatingIncome": 251084000,
    "operatingIncomeRatio": 0.1584117188,
    "totalOtherIncomeExpensesNet": -10455000,
    "incomeBeforeTax": 240629000,
    "incomeBeforeTaxRatio": 0.1518155417,
    "incomeTaxExpense": 86300000,
    "netIncome": 154329000,
    "netIncomeRatio": 0.0973679014,
    "eps": 0.0968,
    "epsdiluted": 0.0953,
    "weightedAverageShsOut": 1593671429,
    "weightedAverageShsOutDil": 1619942857,
    "link": "https://www.sec.gov/Archives/edgar/data/898173/000089817313000028/0000898173-13-000028-index.htm",
    "finalLink": "https://www.sec.gov/Archives/edgar/data/898173/000089817313000028/orly-20130331x10q.htm"
  },
  {
    "date": "2012-12-31",
    "symbol": "ORLY",
    "reportedCurrency": "USD",
    "cik": "0000898173",
    "fillingDate": "2013-02-28",
    "acceptedDate": "2013-02-28 17:04:29",
    "calendarYear": "2012",
    "period": "Q4",
    "revenue": 1488385000,
    "costOfRevenue": 738001000,
    "grossProfit": 750384000,
    "grossProfitRatio": 0.504159878,
    "researchAndDevelopmentExpenses": 0,
    "generalAndAdministrativeExpenses": 0,
    "sellingAndMarketingExpenses": 0,
    "sellingGeneralAndAdministrativeExpenses": 527413000,
    "otherExpenses": 0,
    "operatingExpenses": 527413000,
    "costAndExpenses": 1265414000,
    "interestIncome": 591000,
    "interestExpense": 11478000,
    "depreciationAndAmortization": 44610000,
    "ebitda": 268765000,
    "ebitdaratio": 0.1805749185,
    "operatingIncome": 222971000,
    "operatingIncomeRatio": 0.1498073415,
    "totalOtherIncomeExpensesNet": -10294000,
    "incomeBeforeTax": 212677000,
    "incomeBeforeTaxRatio": 0.1428911202,
    "incomeTaxExpense": 79875000,
    "netIncome": 132802000,
    "netIncomeRatio": 0.08922557,
    "eps": 0.0812,
    "epsdiluted": 0.0799,
    "weightedAverageShsOut": 1634842857,
    "weightedAverageShsOutDil": 1661542857,
    "link": "https://www.sec.gov/Archives/edgar/data/898173/000089817313000006/0000898173-13-000006-index.htm",
    "finalLink": "https://www.sec.gov/Archives/edgar/data/898173/000089817313000006/orly-20121231x10k.htm"
  },
  {
    "date": "2012-09-30",
    "symbol": "ORLY",
    "reportedCurrency": "USD",
    "cik": "0000898173",
    "fillingDate": "2012-11-08",
    "acceptedDate": "2012-11-08 16:56:25",
    "calendarYear": "2012",
    "period": "Q3",
    "revenue": 1601558000,
    "costOfRevenue": 796065000,
    "grossProfit": 805493000,
    "grossProfitRatio": 0.5029433839,
    "researchAndDevelopmentExpenses": 0,
    "generalAndAdministrativeExpenses": 0,
    "sellingAndMarketingExpenses": 0,
    "sellingGeneralAndAdministrativeExpenses": 542175000,
    "otherExpenses": 0,
    "operatingExpenses": 542175000,
    "costAndExpenses": 1338240000,
    "interestIncome": 565000,
    "interestExpense": 10451000,
    "depreciationAndAmortization": 44266000,
    "ebitda": 308699000,
    "ebitdaratio": 0.1927491855,
    "operatingIncome": 263318000,
    "operatingIncomeRatio": 0.1644136522,
    "totalOtherIncomeExpensesNet": -9336000,
    "incomeBeforeTax": 253982000,
    "incomeBeforeTaxRatio": 0.1585843285,
    "incomeTaxExpense": 94650000,
    "netIncome": 159332000,
    "netIncomeRatio": 0.0994856259,
    "eps": 0.0941,
    "epsdiluted": 0.0925,
    "weightedAverageShsOut": 1693514286,
    "weightedAverageShsOutDil": 1721985714,
    "link": "https://www.sec.gov/Archives/edgar/data/898173/000089817312000024/0000898173-12-000024-index.htm",
    "finalLink": "https://www.sec.gov/Archives/edgar/data/898173/000089817312000024/orly-20120930x10q.htm"
  },
  {
    "date": "2012-06-30",
    "symbol": "ORLY",
    "reportedCurrency": "USD",
    "cik": "0000898173",
    "fillingDate": "2012-08-08",
    "acceptedDate": "2012-08-08 16:37:16",
    "calendarYear": "2012",
    "period": "Q2",
    "revenue": 1562849000,
    "costOfRevenue": 782988000,
    "grossProfit": 779861000,
    "grossProfitRatio": 0.4989995835,
    "researchAndDevelopmentExpenses": 0,
    "generalAndAdministrativeExpenses": 0,
    "sellingAndMarketingExpenses": 0,
    "sellingGeneralAndAdministrativeExpenses": 536258000,
    "otherExpenses": 0,
    "operatingExpenses": 536258000,
    "costAndExpenses": 1319246000,
    "interestIncome": 658000,
    "interestExpense": 9140000,
    "depreciationAndAmortization": 44397000,
    "ebitda": 288607000,
    "ebitdaratio": 0.1846672327,
    "operatingIncome": 243603000,
    "operatingIncomeRatio": 0.1558711046,
    "totalOtherIncomeExpensesNet": -8533000,
    "incomeBeforeTax": 235070000,
    "incomeBeforeTaxRatio": 0.1504112042,
    "incomeTaxExpense": 88950000,
    "netIncome": 146120000,
    "netIncomeRatio": 0.0934959168,
    "eps": 0.0819,
    "epsdiluted": 0.0804,
    "weightedAverageShsOut": 1783857143,
    "weightedAverageShsOutDil": 1816971429,
    "link": "https://www.sec.gov/Archives/edgar/data/898173/000089817312000009/0000898173-12-000009-index.htm",
    "finalLink": "https://www.sec.gov/Archives/edgar/data/898173/000089817312000009/orly-20120630x10q.htm"
  },
  {
    "date": "2012-03-31",
    "symbol": "ORLY",
    "reportedCurrency": "USD",
    "cik": "0000898173",
    "fillingDate": "2012-05-10",
    "acceptedDate": "2012-05-10 16:31:32",
    "calendarYear": "2012",
    "period": "Q1",
    "revenue": 1529392000,
    "costOfRevenue": 767712000,
    "grossProfit": 761680000,
    "grossProfitRatio": 0.4980279745,
    "researchAndDevelopmentExpenses": 0,
    "generalAndAdministrativeExpenses": 0,
    "sellingAndMarketingExpenses": 0,
    "sellingGeneralAndAdministrativeExpenses": 514179000,
    "otherExpenses": 0,
    "operatingExpenses": 514179000,
    "costAndExpenses": 1281891000,
    "interestIncome": 627000,
    "interestExpense": 9131000,
    "depreciationAndAmortization": 43833000,
    "ebitda": 292756000,
    "ebitdaratio": 0.1914198583,
    "operatingIncome": 247501000,
    "operatingIncomeRatio": 0.1618296683,
    "totalOtherIncomeExpensesNet": -7709000,
    "incomeBeforeTax": 239792000,
    "incomeBeforeTaxRatio": 0.1567891031,
    "incomeTaxExpense": 92300000,
    "netIncome": 147492000,
    "netIncomeRatio": 0.0964383232,
    "eps": 0.0813,
    "epsdiluted": 0.0798,
    "weightedAverageShsOut": 1813857143,
    "weightedAverageShsOutDil": 1847528571,
    "link": "https://www.sec.gov/Archives/edgar/data/898173/000119312512225689/0001193125-12-225689-index.htm",
    "finalLink": "https://www.sec.gov/Archives/edgar/data/898173/000119312512225689/d349957d10q.htm"
  },
  {
    "date": "2011-12-31",
    "symbol": "ORLY",
    "reportedCurrency": "USD",
    "cik": "0000898173",
    "fillingDate": "2012-02-28",
    "acceptedDate": "2012-02-28 16:33:21",
    "calendarYear": "2011",
    "period": "Q4",
    "revenue": 1391307000,
    "costOfRevenue": 696610000,
    "grossProfit": 694697000,
    "grossProfitRatio": 0.4993125169,
    "researchAndDevelopmentExpenses": 0,
    "generalAndAdministrativeExpenses": 0,
    "sellingAndMarketingExpenses": 0,
    "sellingGeneralAndAdministrativeExpenses": 490584000,
    "otherExpenses": -2798000,
    "operatingExpenses": 487786000,
    "costAndExpenses": 1184396000,
    "interestIncome": 625000,
    "interestExpense": 9459000,
    "depreciationAndAmortization": 43139000,
    "ebitda": 250186000,
    "ebitdaratio": 0.1798208447,
    "operatingIncome": 206911000,
    "operatingIncomeRatio": 0.1487169978,
    "totalOtherIncomeExpensesNet": -9323000,
    "incomeBeforeTax": 197588000,
    "incomeBeforeTaxRatio": 0.1420161043,
    "incomeTaxExpense": 74600000,
    "netIncome": 122988000,
    "netIncomeRatio": 0.0883974565,
    "eps": 0.0672,
    "epsdiluted": 0.066,
    "weightedAverageShsOut": 1829814286,
    "weightedAverageShsOutDil": 1862928571,
    "link": "https://www.sec.gov/Archives/edgar/data/898173/000119312512085384/0001193125-12-085384-index.htm",
    "finalLink": "https://www.sec.gov/Archives/edgar/data/898173/000119312512085384/d307773d10k.htm"
  },
  {
    "date": "2011-09-30",
    "symbol": "ORLY",
    "reportedCurrency": "USD",
    "cik": "0000898173",
    "fillingDate": "2011-11-08",
    "acceptedDate": "2011-11-08 16:30:43",
    "calendarYear": "2011",
    "period": "Q3",
    "revenue": 1535453000,
    "costOfRevenue": 781243000,
    "grossProfit": 754210000,
    "grossProfitRatio": 0.4911970604,
    "researchAndDevelopmentExpenses": 0,
    "generalAndAdministrativeExpenses": 0,
    "sellingAndMarketingExpenses": 0,
    "sellingGeneralAndAdministrativeExpenses": 513160000,
    "otherExpenses": 0,
    "operatingExpenses": 513160000,
    "costAndExpenses": 1294403000,
    "interestIncome": 516000,
    "interestExpense": 7212000,
    "depreciationAndAmortization": 42627000,
    "ebitda": 284868000,
    "ebitdaratio": 0.1855270073,
    "operatingIncome": 241050000,
    "operatingIncomeRatio": 0.1569895008,
    "totalOtherIncomeExpensesNet": -6021000,
    "incomeBeforeTax": 235029000,
    "incomeBeforeTaxRatio": 0.1530681825,
    "incomeTaxExpense": 86590000,
    "netIncome": 148439000,
    "netIncomeRatio": 0.0966744016,
    "eps": 0.0783,
    "epsdiluted": 0.0769,
    "weightedAverageShsOut": 1896814286,
    "weightedAverageShsOutDil": 1929042857,
    "link": "https://www.sec.gov/Archives/edgar/data/898173/000119312511302235/0001193125-11-302235-index.htm",
    "finalLink": "https://www.sec.gov/Archives/edgar/data/898173/000119312511302235/d251990d10q.htm"
  },
  {
    "date": "2011-06-30",
    "symbol": "ORLY",
    "reportedCurrency": "USD",
    "cik": "0000898173",
    "fillingDate": "2011-08-08",
    "acceptedDate": "2011-08-08 16:30:54",
    "calendarYear": "2011",
    "period": "Q2",
    "revenue": 1479318000,
    "costOfRevenue": 760657000,
    "grossProfit": 718661000,
    "grossProfitRatio": 0.4858056212,
    "researchAndDevelopmentExpenses": 0,
    "generalAndAdministrativeExpenses": 0,
    "sellingAndMarketingExpenses": 0,
    "sellingGeneralAndAdministrativeExpenses": 496293000,
    "otherExpenses": 0,
    "operatingExpenses": 496293000,
    "costAndExpenses": 1256950000,
    "interestIncome": 562000,
    "interestExpense": 6257000,
    "depreciationAndAmortization": 41323000,
    "ebitda": 264562000,
    "ebitdaratio": 0.1788405198,
    "operatingIncome": 222368000,
    "operatingIncomeRatio": 0.1503179168,
    "totalOtherIncomeExpensesNet": -5386000,
    "incomeBeforeTax": 216982000,
    "incomeBeforeTaxRatio": 0.1466770498,
    "incomeTaxExpense": 83210000,
    "netIncome": 133772000,
    "netIncomeRatio": 0.0904281568,
    "eps": 0.0682,
    "epsdiluted": 0.067,
    "weightedAverageShsOut": 1962842857,
    "weightedAverageShsOutDil": 1995942857,
    "link": "https://www.sec.gov/Archives/edgar/data/898173/000119312511214296/0001193125-11-214296-index.htm",
    "finalLink": "https://www.sec.gov/Archives/edgar/data/898173/000119312511214296/d10q.htm"
  },
  {
    "date": "2011-03-31",
    "symbol": "ORLY",
    "reportedCurrency": "USD",
    "cik": "0000898173",
    "fillingDate": "2011-05-09",
    "acceptedDate": "2011-05-09 16:31:53",
    "calendarYear": "2011",
    "period": "Q1",
    "revenue": 1382738000,
    "costOfRevenue": 712957000,
    "grossProfit": 669781000,
    "grossProfitRatio": 0.4843874978,
    "researchAndDevelopmentExpenses": 0,
    "generalAndAdministrativeExpenses": 0,
    "sellingAndMarketingExpenses": 0,
    "sellingGeneralAndAdministrativeExpenses": 473344000,
    "otherExpenses": 0,
    "operatingExpenses": 473344000,
    "costAndExpenses": 1186301000,
    "interestIncome": 542000,
    "interestExpense": 5237000,
    "depreciationAndAmortization": 38791000,
    "ebitda": 210202000,
    "ebitdaratio": 0.152018676,
    "operatingIncome": 196437000,
    "operatingIncomeRatio": 0.1420637894,
    "totalOtherIncomeExpensesNet": -30263000,
    "incomeBeforeTax": 166174000,
    "incomeBeforeTaxRatio": 0.1201775029,
    "incomeTaxExpense": 63700000,
    "netIncome": 102474000,
    "netIncomeRatio": 0.0741094842,
    "eps": 0.051,
    "epsdiluted": 0.0502,
    "weightedAverageShsOut": 2008271429,
    "weightedAverageShsOutDil": 2040942857,
    "link": "https://www.sec.gov/Archives/edgar/data/898173/000119312511132393/0001193125-11-132393-index.htm",
    "finalLink": "https://www.sec.gov/Archives/edgar/data/898173/000119312511132393/d10q.htm"
  },
  {
    "date": "2010-12-31",
    "symbol": "ORLY",
    "reportedCurrency": "USD",
    "cik": "0000898173",
    "fillingDate": "2011-02-28",
    "acceptedDate": "2011-02-28 16:31:09",
    "calendarYear": "2010",
    "period": "Q4",
    "revenue": 1310330000,
    "costOfRevenue": 673733000,
    "grossProfit": 636597000,
    "grossProfitRatio": 0.4858295239,
    "researchAndDevelopmentExpenses": 0,
    "generalAndAdministrativeExpenses": 0,
    "sellingAndMarketingExpenses": 0,
    "sellingGeneralAndAdministrativeExpenses": 472461000,
    "otherExpenses": 0,
    "operatingExpenses": 472461000,
    "costAndExpenses": 1146194000,
    "interestIncome": 532000,
    "interestExpense": 7492000,
    "depreciationAndAmortization": 40711000,
    "ebitda": 217463000,
    "ebitdaratio": 0.1659604832,
    "operatingIncome": 164136000,
    "operatingIncomeRatio": 0.1252631017,
    "totalOtherIncomeExpensesNet": 5124000,
    "incomeBeforeTax": 169260000,
    "incomeBeforeTaxRatio": 0.129173567,
    "incomeTaxExpense": 63500000,
    "netIncome": 105760000,
    "netIncomeRatio": 0.0807124923,
    "eps": 0.0529,
    "epsdiluted": 0.0527,
    "weightedAverageShsOut": 1999414286,
    "weightedAverageShsOutDil": 2008271429,
    "link": "https://www.sec.gov/Archives/edgar/data/898173/000119312511049998/0001193125-11-049998-index.htm",
    "finalLink": "https://www.sec.gov/Archives/edgar/data/898173/000119312511049998/d10k.htm"
  },
  {
    "date": "2010-09-30",
    "symbol": "ORLY",
    "reportedCurrency": "USD",
    "cik": "0000898173",
    "fillingDate": "2010-11-08",
    "acceptedDate": "2010-11-08 16:30:55",
    "calendarYear": "2010",
    "period": "Q3",
    "revenue": 1425887000,
    "costOfRevenue": 732472000,
    "grossProfit": 693415000,
    "grossProfitRatio": 0.4863043144,
    "researchAndDevelopmentExpenses": 0,
    "generalAndAdministrativeExpenses": 0,
    "sellingAndMarketingExpenses": 0,
    "sellingGeneralAndAdministrativeExpenses": 494384000,
    "otherExpenses": 0,
    "operatingExpenses": 494384000,
    "costAndExpenses": 1226856000,
    "interestIncome": 510000,
    "interestExpense": 9756000,
    "depreciationAndAmortization": 40794000,
    "ebitda": 240742000,
    "ebitdaratio": 0.168836661,
    "operatingIncome": 199031000,
    "operatingIncomeRatio": 0.1395839923,
    "totalOtherIncomeExpensesNet": -8839000,
    "incomeBeforeTax": 190192000,
    "incomeBeforeTaxRatio": 0.1333850438,
    "incomeTaxExpense": 73650000,
    "netIncome": 116542000,
    "netIncomeRatio": 0.0817329845,
    "eps": 0.0588,
    "epsdiluted": 0.0576,
    "weightedAverageShsOut": 1983300000,
    "weightedAverageShsOutDil": 2024371429,
    "link": "https://www.sec.gov/Archives/edgar/data/898173/000119312510252152/0001193125-10-252152-index.htm",
    "finalLink": "https://www.sec.gov/Archives/edgar/data/898173/000119312510252152/d10q.htm"
  },
  {
    "date": "2010-06-30",
    "symbol": "ORLY",
    "reportedCurrency": "USD",
    "cik": "0000898173",
    "fillingDate": "2010-08-05",
    "acceptedDate": "2010-08-05 14:07:53",
    "calendarYear": "2010",
    "period": "Q2",
    "revenue": 1381241000,
    "costOfRevenue": 708608000,
    "grossProfit": 672633000,
    "grossProfitRatio": 0.4869772907,
    "researchAndDevelopmentExpenses": 0,
    "generalAndAdministrativeExpenses": 0,
    "sellingAndMarketingExpenses": 0,
    "sellingGeneralAndAdministrativeExpenses": 491469000,
    "otherExpenses": 0,
    "operatingExpenses": 491469000,
    "costAndExpenses": 1200077000,
    "interestIncome": 503000,
    "interestExpense": 11146000,
    "depreciationAndAmortization": 40002000,
    "ebitda": 222593000,
    "ebitdaratio": 0.1611543532,
    "operatingIncome": 181164000,
    "operatingIncomeRatio": 0.1311603116,
    "totalOtherIncomeExpensesNet": -9719000,
    "incomeBeforeTax": 171445000,
    "incomeBeforeTaxRatio": 0.1241238857,
    "incomeTaxExpense": 71850000,
    "netIncome": 99595000,
    "netIncomeRatio": 0.0721054472,
    "eps": 0.0504,
    "epsdiluted": 0.0494,
    "weightedAverageShsOut": 1974714286,
    "weightedAverageShsOutDil": 2015957143,
    "link": "https://www.sec.gov/Archives/edgar/data/898173/000119312510179031/0001193125-10-179031-index.htm",
    "finalLink": "https://www.sec.gov/Archives/edgar/data/898173/000119312510179031/d10q.htm"
  },
  {
    "date": "2010-03-31",
    "symbol": "ORLY",
    "reportedCurrency": "USD",
    "cik": "0000898173",
    "fillingDate": "2010-05-07",
    "acceptedDate": "2010-05-07 16:51:43",
    "calendarYear": "2010",
    "period": "Q1",
    "revenue": 1280067000,
    "costOfRevenue": 661720000,
    "grossProfit": 618347000,
    "grossProfitRatio": 0.4830583087,
    "researchAndDevelopmentExpenses": 0,
    "generalAndAdministrativeExpenses": 0,
    "sellingAndMarketingExpenses": 0,
    "sellingGeneralAndAdministrativeExpenses": 449902000,
    "otherExpenses": 0,
    "operatingExpenses": 449902000,
    "costAndExpenses": 1111622000,
    "interestIncome": 396000,
    "interestExpense": 10879000,
    "depreciationAndAmortization": 39935000,
    "ebitda": 209290000,
    "ebitdaratio": 0.1634992543,
    "operatingIncome": 168445000,
    "operatingIncomeRatio": 0.1315907683,
    "totalOtherIncomeExpensesNet": -9969000,
    "incomeBeforeTax": 158476000,
    "incomeBeforeTaxRatio": 0.1238028947,
    "incomeTaxExpense": 61000000,
    "netIncome": 97476000,
    "netIncomeRatio": 0.0761491391,
    "eps": 0.0496,
    "epsdiluted": 0.0489,
    "weightedAverageShsOut": 1965471429,
    "weightedAverageShsOutDil": 1994457143,
    "link": "https://www.sec.gov/Archives/edgar/data/898173/000119312510113014/0001193125-10-113014-index.htm",
    "finalLink": "https://www.sec.gov/Archives/edgar/data/898173/000119312510113014/d10q.htm"
  },
  {
    "date": "2009-12-31",
    "symbol": "ORLY",
    "reportedCurrency": "USD",
    "cik": "0000898173",
    "fillingDate": "2010-02-26",
    "acceptedDate": "2010-02-26 16:37:34",
    "calendarYear": "2009",
    "period": "Q4",
    "revenue": 1173697000,
    "costOfRevenue": 604163000,
    "grossProfit": 569534000,
    "grossProfitRatio": 0.4852478962,
    "researchAndDevelopmentExpenses": 0,
    "generalAndAdministrativeExpenses": 0,
    "sellingAndMarketingExpenses": 0,
    "sellingGeneralAndAdministrativeExpenses": 444122000,
    "otherExpenses": 0,
    "operatingExpenses": 444122000,
    "costAndExpenses": 1048285000,
    "interestIncome": 416000,
    "interestExpense": 11069000,
    "depreciationAndAmortization": 0,
    "ebitda": 127042000,
    "ebitdaratio": 0.1082408833,
    "operatingIncome": 125412000,
    "operatingIncomeRatio": 0.1068521092,
    "totalOtherIncomeExpensesNet": -9439000,
    "incomeBeforeTax": 115973000,
    "incomeBeforeTaxRatio": 0.0988099995,
    "incomeTaxExpense": 44050000,
    "netIncome": 71923000,
    "netIncomeRatio": 0.0612790183,
    "eps": 0.0367,
    "epsdiluted": 0.0366,
    "weightedAverageShsOut": 1961614286,
    "weightedAverageShsOutDil": 1965471429,
    "link": "https://www.sec.gov/Archives/edgar/data/898173/000119312510043016/0001193125-10-043016-index.htm",
    "finalLink": "https://www.sec.gov/Archives/edgar/data/898173/000119312510043016/d10k.htm"
  },
  {
    "date": "2009-09-30",
    "symbol": "ORLY",
    "reportedCurrency": "USD",
    "cik": "0000898173",
    "fillingDate": "2009-11-06",
    "acceptedDate": "2009-11-06 15:59:56",
    "calendarYear": "2009",
    "period": "Q3",
    "revenue": 1258239000,
    "costOfRevenue": 647684000,
    "grossProfit": 610555000,
    "grossProfitRatio": 0.4852456489,
    "researchAndDevelopmentExpenses": 0,
    "generalAndAdministrativeExpenses": 0,
    "sellingAndMarketingExpenses": 0,
    "sellingGeneralAndAdministrativeExpenses": 461359000,
    "otherExpenses": 0,
    "operatingExpenses": 461359000,
    "costAndExpenses": 1109043000,
    "interestIncome": 340000,
    "interestExpense": 11086000,
    "depreciationAndAmortization": 37036000,
    "ebitda": 187397000,
    "ebitdaratio": 0.1489359335,
    "operatingIncome": 149196000,
    "operatingIncomeRatio": 0.1185752468,
    "totalOtherIncomeExpensesNet": -9921000,
    "incomeBeforeTax": 139275000,
    "incomeBeforeTaxRatio": 0.1106904173,
    "incomeTaxExpense": 52050000,
    "netIncome": 87225000,
    "netIncomeRatio": 0.0693230777,
    "eps": 0.0446,
    "epsdiluted": 0.044,
    "weightedAverageShsOut": 1953914286,
    "weightedAverageShsOutDil": 1981485714,
    "link": "https://www.sec.gov/Archives/edgar/data/898173/000119312509227489/0001193125-09-227489-index.htm",
    "finalLink": "https://www.sec.gov/Archives/edgar/data/898173/000119312509227489/d10q.htm"
  },
  {
    "date": "2009-06-30",
    "symbol": "ORLY",
    "reportedCurrency": "USD",
    "cik": "0000898173",
    "fillingDate": "2009-08-07",
    "acceptedDate": "2009-08-07 17:09:56",
    "calendarYear": "2009",
    "period": "Q2",
    "revenue": 1251377000,
    "costOfRevenue": 647608000,
    "grossProfit": 603769000,
    "grossProfitRatio": 0.482483696,
    "researchAndDevelopmentExpenses": 0,
    "generalAndAdministrativeExpenses": 0,
    "sellingAndMarketingExpenses": 0,
    "sellingGeneralAndAdministrativeExpenses": 454094000,
    "otherExpenses": 0,
    "operatingExpenses": 454094000,
    "costAndExpenses": 1101702000,
    "interestIncome": 361000,
    "interestExpense": 10961000,
    "depreciationAndAmortization": 38057000,
    "ebitda": 188483000,
    "ebitdaratio": 0.1506204765,
    "operatingIncome": 149675000,
    "operatingIncomeRatio": 0.1196082396,
    "totalOtherIncomeExpensesNet": -10210000,
    "incomeBeforeTax": 139465000,
    "incomeBeforeTaxRatio": 0.1114492275,
    "incomeTaxExpense": 53950000,
    "netIncome": 85515000,
    "netIncomeRatio": 0.0683367203,
    "eps": 0.0441,
    "epsdiluted": 0.0435,
    "weightedAverageShsOut": 1939614286,
    "weightedAverageShsOutDil": 1964971429,
    "link": "https://www.sec.gov/Archives/edgar/data/898173/000119312509169249/0001193125-09-169249-index.htm",
    "finalLink": "https://www.sec.gov/Archives/edgar/data/898173/000119312509169249/d10q.htm"
  },
  {
    "date": "2009-03-31",
    "symbol": "ORLY",
    "reportedCurrency": "USD",
    "cik": "0000898173",
    "fillingDate": "2009-05-11",
    "acceptedDate": "2009-05-11 15:04:27",
    "calendarYear": "2009",
    "period": "Q1",
    "revenue": 1163749000,
    "costOfRevenue": 621079000,
    "grossProfit": 542670000,
    "grossProfitRatio": 0.4663118937,
    "researchAndDevelopmentExpenses": 0,
    "generalAndAdministrativeExpenses": 0,
    "sellingAndMarketingExpenses": 0,
    "sellingGeneralAndAdministrativeExpenses": 429334000,
    "otherExpenses": 0,
    "operatingExpenses": 429334000,
    "costAndExpenses": 1050413000,
    "interestIncome": 426000,
    "interestExpense": 12060000,
    "depreciationAndAmortization": 36032000,
    "ebitda": 150277000,
    "ebitdaratio": 0.1291317973,
    "operatingIncome": 113336000,
    "operatingIncomeRatio": 0.0973886981,
    "totalOtherIncomeExpensesNet": -11151000,
    "incomeBeforeTax": 102185000,
    "incomeBeforeTaxRatio": 0.087806735,
    "incomeTaxExpense": 39350000,
    "netIncome": 62835000,
    "netIncomeRatio": 0.0539936017,
    "eps": 0.0326,
    "epsdiluted": 0.0323,
    "weightedAverageShsOut": 1929185714,
    "weightedAverageShsOutDil": 1946200000,
    "link": "https://www.sec.gov/Archives/edgar/data/898173/000119312509106959/0001193125-09-106959-index.htm",
    "finalLink": "https://www.sec.gov/Archives/edgar/data/898173/000119312509106959/d10q.htm"
  },
  {
    "date": "2008-12-31",
    "symbol": "ORLY",
    "reportedCurrency": "USD",
    "cik": "0000898173",
    "fillingDate": "2009-03-02",
    "acceptedDate": "2009-02-27 20:47:48",
    "calendarYear": "2008",
    "period": "Q4",
    "revenue": 1114631000,
    "costOfRevenue": 599502000,
    "grossProfit": 515129000,
    "grossProfitRatio": 0.4621520485,
    "researchAndDevelopmentExpenses": 0,
    "generalAndAdministrativeExpenses": 0,
    "sellingAndMarketingExpenses": 0,
    "sellingGeneralAndAdministrativeExpenses": 434527000,
    "otherExpenses": 0,
    "operatingExpenses": 434527000,
    "costAndExpenses": 1034029000,
    "interestIncome": 0,
    "interestExpense": 0,
    "depreciationAndAmortization": 0,
    "ebitda": 73655000,
    "ebitdaratio": 0.0660801646,
    "operatingIncome": 80602000,
    "operatingIncomeRatio": 0.0723127205,
    "totalOtherIncomeExpensesNet": -11988000,
    "incomeBeforeTax": 68614000,
    "incomeBeforeTaxRatio": 0.0615575917,
    "incomeTaxExpense": 25900000,
    "netIncome": 42714000,
    "netIncomeRatio": 0.0383212023,
    "eps": 0.0222,
    "epsdiluted": 0.0221,
    "weightedAverageShsOut": 1924357143,
    "weightedAverageShsOutDil": 1929185714,
    "link": "https://www.sec.gov/Archives/edgar/data/898173/000119312509041373/0001193125-09-041373-index.htm",
    "finalLink": "https://www.sec.gov/Archives/edgar/data/898173/000119312509041373/d10k.htm"
  },
  {
    "date": "2008-09-30",
    "symbol": "ORLY",
    "reportedCurrency": "USD",
    "cik": "0000898173",
    "fillingDate": "2008-11-10",
    "acceptedDate": "2008-11-10 16:05:12",
    "calendarYear": "2008",
    "period": "Q3",
    "revenue": 1111272000,
    "costOfRevenue": 604066000,
    "grossProfit": 507206000,
    "grossProfitRatio": 0.4564193105,
    "researchAndDevelopmentExpenses": 0,
    "generalAndAdministrativeExpenses": 0,
    "sellingAndMarketingExpenses": 0,
    "sellingGeneralAndAdministrativeExpenses": 414735000,
    "otherExpenses": 0,
    "operatingExpenses": 414735000,
    "costAndExpenses": 1018801000,
    "interestIncome": 510000,
    "interestExpense": 10860000,
    "depreciationAndAmortization": 0,
    "ebitda": 82009000,
    "ebitdaratio": 0.0737974141,
    "operatingIncome": 92471000,
    "operatingIncomeRatio": 0.0832118509,
    "totalOtherIncomeExpensesNet": -21322000,
    "incomeBeforeTax": 71149000,
    "incomeBeforeTaxRatio": 0.0640248292,
    "incomeTaxExpense": 29750000,
    "netIncome": 41399000,
    "netIncomeRatio": 0.0372537057,
    "eps": 0.0219,
    "epsdiluted": 0.0218,
    "weightedAverageShsOut": 1888514286,
    "weightedAverageShsOutDil": 1901157143,
    "link": "https://www.sec.gov/Archives/edgar/data/898173/000110465908069707/0001104659-08-069707-index.htm",
    "finalLink": "https://www.sec.gov/Archives/edgar/data/898173/000110465908069707/a08-25815_110q.htm"
  },
  {
    "date": "2008-06-30",
    "symbol": "ORLY",
    "reportedCurrency": "USD",
    "cik": "0000898173",
    "fillingDate": "2008-08-11",
    "acceptedDate": "2008-08-11 14:22:01",
    "calendarYear": "2008",
    "period": "Q2",
    "revenue": 704430000,
    "costOfRevenue": 387333000,
    "grossProfit": 317097000,
    "grossProfitRatio": 0.4501469273,
    "researchAndDevelopmentExpenses": 0,
    "generalAndAdministrativeExpenses": 0,
    "sellingAndMarketingExpenses": 0,
    "sellingGeneralAndAdministrativeExpenses": 228709000,
    "otherExpenses": 0,
    "operatingExpenses": 228709000,
    "costAndExpenses": 616042000,
    "interestIncome": 0,
    "interestExpense": 0,
    "depreciationAndAmortization": 0,
    "ebitda": 88388000,
    "ebitdaratio": 0.1254744971,
    "operatingIncome": 88388000,
    "operatingIncomeRatio": 0.1254744971,
    "totalOtherIncomeExpensesNet": 675000,
    "incomeBeforeTax": 89063000,
    "incomeBeforeTaxRatio": 0.1264327187,
    "incomeTaxExpense": 33275000,
    "netIncome": 55788000,
    "netIncomeRatio": 0.0791959457,
    "eps": 0.0338,
    "epsdiluted": 0.0335,
    "weightedAverageShsOut": 1652800000,
    "weightedAverageShsOutDil": 1664414286,
    "link": "https://www.sec.gov/Archives/edgar/data/898173/000110465908051790/0001104659-08-051790-index.htm",
    "finalLink": "https://www.sec.gov/Archives/edgar/data/898173/000110465908051790/a08-19212_110q.htm"
  },
  {
    "date": "2008-03-31",
    "symbol": "ORLY",
    "reportedCurrency": "USD",
    "cik": "0000898173",
    "fillingDate": "2008-05-09",
    "acceptedDate": "2008-05-09 15:28:43",
    "calendarYear": "2008",
    "period": "Q1",
    "revenue": 646220000,
    "costOfRevenue": 357726000,
    "grossProfit": 288494000,
    "grossProfitRatio": 0.4464331033,
    "researchAndDevelopmentExpenses": 0,
    "generalAndAdministrativeExpenses": 0,
    "sellingAndMarketingExpenses": 0,
    "sellingGeneralAndAdministrativeExpenses": 214338000,
    "otherExpenses": 0,
    "operatingExpenses": 214338000,
    "costAndExpenses": 572064000,
    "interestIncome": 0,
    "interestExpense": 0,
    "depreciationAndAmortization": 0,
    "ebitda": 74156000,
    "ebitdaratio": 0.1147534895,
    "operatingIncome": 74156000,
    "operatingIncomeRatio": 0.1147534895,
    "totalOtherIncomeExpensesNet": -450000,
    "incomeBeforeTax": 73706000,
    "incomeBeforeTaxRatio": 0.1140571322,
    "incomeTaxExpense": 27375000,
    "netIncome": 46331000,
    "netIncomeRatio": 0.0716953979,
    "eps": 0.0281,
    "epsdiluted": 0.0279,
    "weightedAverageShsOut": 1648371429,
    "weightedAverageShsOutDil": 1661300000,
    "link": "https://www.sec.gov/Archives/edgar/data/898173/000110465908031820/0001104659-08-031820-index.htm",
    "finalLink": "https://www.sec.gov/Archives/edgar/data/898173/000110465908031820/a08-13994_110q.htm"
  },
  {
    "date": "2007-12-31",
    "symbol": "ORLY",
    "reportedCurrency": "USD",
    "cik": "0000898173",
    "fillingDate": "2008-03-03",
    "acceptedDate": "2008-02-29 17:50:02",
    "calendarYear": "2007",
    "period": "Q4",
    "revenue": 604288000,
    "costOfRevenue": 333995000,
    "grossProfit": 270293000,
    "grossProfitRatio": 0.4472916887,
    "researchAndDevelopmentExpenses": 0,
    "generalAndAdministrativeExpenses": 0,
    "sellingAndMarketingExpenses": 0,
    "sellingGeneralAndAdministrativeExpenses": 206608000,
    "otherExpenses": 0,
    "operatingExpenses": 206608000,
    "costAndExpenses": 540603000,
    "interestIncome": 0,
    "interestExpense": 0,
    "depreciationAndAmortization": 0,
    "ebitda": 63685000,
    "ebitdaratio": 0.1053884903,
    "operatingIncome": 63685000,
    "operatingIncomeRatio": 0.1053884903,
    "totalOtherIncomeExpensesNet": 810000,
    "incomeBeforeTax": 64495000,
    "incomeBeforeTaxRatio": 0.1067289107,
    "incomeTaxExpense": 23900000,
    "netIncome": 40595000,
    "netIncomeRatio": 0.0671782329,
    "eps": 0.0247,
    "epsdiluted": 0.0246,
    "weightedAverageShsOut": 1644914286,
    "weightedAverageShsOutDil": 1648371429,
    "link": "https://www.sec.gov/Archives/edgar/data/898173/000089817308000015/0000898173-08-000015-index.htm",
    "finalLink": "https://www.sec.gov/Archives/edgar/data/898173/000089817308000015/form10k2007.htm"
  },
  {
    "date": "2007-09-30",
    "symbol": "ORLY",
    "reportedCurrency": "USD",
    "cik": "0000898173",
    "fillingDate": "2007-11-09",
    "acceptedDate": "2007-11-09 16:12:46",
    "calendarYear": "2007",
    "period": "Q3",
    "revenue": 661778000,
    "costOfRevenue": 368077000,
    "grossProfit": 293701000,
    "grossProfitRatio": 0.4438059289,
    "researchAndDevelopmentExpenses": 0,
    "generalAndAdministrativeExpenses": 0,
    "sellingAndMarketingExpenses": 0,
    "sellingGeneralAndAdministrativeExpenses": 210985000,
    "otherExpenses": 0,
    "operatingExpenses": 210985000,
    "costAndExpenses": 579062000,
    "interestIncome": 0,
    "interestExpense": 0,
    "depreciationAndAmortization": 0,
    "ebitda": 82716000,
    "ebitdaratio": 0.1249905557,
    "operatingIncome": 82716000,
    "operatingIncomeRatio": 0.1249905557,
    "totalOtherIncomeExpensesNet": 756000,
    "incomeBeforeTax": 83472000,
    "incomeBeforeTaxRatio": 0.1261329328,
    "incomeTaxExpense": 30385000,
    "netIncome": 53087000,
    "netIncomeRatio": 0.0802187441,
    "eps": 0.0323,
    "epsdiluted": 0.032,
    "weightedAverageShsOut": 1642085714,
    "weightedAverageShsOutDil": 1661514286,
    "link": "https://www.sec.gov/Archives/edgar/data/898173/000089817307000079/0000898173-07-000079-index.htm",
    "finalLink": "https://www.sec.gov/Archives/edgar/data/898173/000089817307000079/form10q3q2007.htm"
  },
  {
    "date": "2007-06-30",
    "symbol": "ORLY",
    "reportedCurrency": "USD",
    "cik": "0000898173",
    "fillingDate": "2007-08-10",
    "acceptedDate": "2007-08-09 17:43:25",
    "calendarYear": "2007",
    "period": "Q2",
    "revenue": 643108000,
    "costOfRevenue": 355923000,
    "grossProfit": 287185000,
    "grossProfitRatio": 0.4465579654,
    "researchAndDevelopmentExpenses": 0,
    "generalAndAdministrativeExpenses": 0,
    "sellingAndMarketingExpenses": 0,
    "sellingGeneralAndAdministrativeExpenses": 205627000,
    "otherExpenses": 0,
    "operatingExpenses": 205627000,
    "costAndExpenses": 561550000,
    "interestIncome": 0,
    "interestExpense": 0,
    "depreciationAndAmortization": 0,
    "ebitda": 81558000,
    "ebitdaratio": 0.1268185126,
    "operatingIncome": 81558000,
    "operatingIncomeRatio": 0.1268185126,
    "totalOtherIncomeExpensesNet": 781000,
    "incomeBeforeTax": 82339000,
    "incomeBeforeTaxRatio": 0.1280329276,
    "incomeTaxExpense": 30440000,
    "netIncome": 51899000,
    "netIncomeRatio": 0.0807002867,
    "eps": 0.0317,
    "epsdiluted": 0.0313,
    "weightedAverageShsOut": 1636185714,
    "weightedAverageShsOutDil": 1658728571,
    "link": "https://www.sec.gov/Archives/edgar/data/898173/000089817307000069/0000898173-07-000069-index.htm",
    "finalLink": "https://www.sec.gov/Archives/edgar/data/898173/000089817307000069/form10q2q2007.htm"
  },
  {
    "date": "2007-03-31",
    "symbol": "ORLY",
    "reportedCurrency": "USD",
    "cik": "0000898173",
    "fillingDate": "2007-05-10",
    "acceptedDate": "2007-05-10 17:01:42",
    "calendarYear": "2007",
    "period": "Q1",
    "revenue": 613145000,
    "costOfRevenue": 343864000,
    "grossProfit": 269281000,
    "grossProfitRatio": 0.4391799656,
    "researchAndDevelopmentExpenses": 0,
    "generalAndAdministrativeExpenses": 0,
    "sellingAndMarketingExpenses": 0,
    "sellingGeneralAndAdministrativeExpenses": 192089000,
    "otherExpenses": 0,
    "operatingExpenses": 192089000,
    "costAndExpenses": 535953000,
    "interestIncome": 0,
    "interestExpense": 0,
    "depreciationAndAmortization": 0,
    "ebitda": 77192000,
    "ebitdaratio": 0.1258951798,
    "operatingIncome": 77192000,
    "operatingIncomeRatio": 0.1258951798,
    "totalOtherIncomeExpensesNet": -10000,
    "incomeBeforeTax": 77182000,
    "incomeBeforeTaxRatio": 0.1258788704,
    "incomeTaxExpense": 28775000,
    "netIncome": 48407000,
    "netIncomeRatio": 0.0789486989,
    "eps": 0.0297,
    "epsdiluted": 0.0293,
    "weightedAverageShsOut": 1627657143,
    "weightedAverageShsOutDil": 1650528571,
    "link": "https://www.sec.gov/Archives/edgar/data/898173/000089817307000050/0000898173-07-000050-index.htm",
    "finalLink": "https://www.sec.gov/Archives/edgar/data/898173/000089817307000050/form10q1q2007.htm"
  },
  {
    "date": "2006-12-31",
    "symbol": "ORLY",
    "reportedCurrency": "USD",
    "cik": "0000898173",
    "fillingDate": "2007-03-01",
    "acceptedDate": "2007-03-01 14:33:00",
    "calendarYear": "2006",
    "period": "Q4",
    "revenue": 558332000,
    "costOfRevenue": 309303000,
    "grossProfit": 249029000,
    "grossProfitRatio": 0.4460231547,
    "researchAndDevelopmentExpenses": 0,
    "generalAndAdministrativeExpenses": 0,
    "sellingAndMarketingExpenses": 0,
    "sellingGeneralAndAdministrativeExpenses": 185000000,
    "otherExpenses": 0,
    "operatingExpenses": 185000000,
    "costAndExpenses": 494303000,
    "interestIncome": 0,
    "interestExpense": 0,
    "depreciationAndAmortization": 0,
    "ebitda": 64029000,
    "ebitdaratio": 0.1146790798,
    "operatingIncome": 64029000,
    "operatingIncomeRatio": 0.1146790798,
    "totalOtherIncomeExpensesNet": -32000,
    "incomeBeforeTax": 63997000,
    "incomeBeforeTaxRatio": 0.1146217663,
    "incomeTaxExpense": 23645000,
    "netIncome": 40352000,
    "netIncomeRatio": 0.0722724114,
    "eps": 0.0248,
    "epsdiluted": 0.0248,
    "weightedAverageShsOut": 1625142857,
    "weightedAverageShsOutDil": 1627657143,
    "link": "https://www.sec.gov/Archives/edgar/data/898173/000089817307000024/0000898173-07-000024-index.htm",
    "finalLink": "https://www.sec.gov/Archives/edgar/data/898173/000089817307000024/form10k2006.htm"
  },
  {
    "date": "2006-09-30",
    "symbol": "ORLY",
    "reportedCurrency": "USD",
    "cik": "0000898173",
    "fillingDate": "2006-11-08",
    "acceptedDate": "2006-11-08 16:19:26",
    "calendarYear": "2006",
    "period": "Q3",
    "revenue": 597144000,
    "costOfRevenue": 333818000,
    "grossProfit": 263326000,
    "grossProfitRatio": 0.4409757111,
    "researchAndDevelopmentExpenses": 0,
    "generalAndAdministrativeExpenses": 0,
    "sellingAndMarketingExpenses": 0,
    "sellingGeneralAndAdministrativeExpenses": 188242000,
    "otherExpenses": 0,
    "operatingExpenses": 188242000,
    "costAndExpenses": 522060000,
    "interestIncome": 0,
    "interestExpense": 0,
    "depreciationAndAmortization": 0,
    "ebitda": 75084000,
    "ebitdaratio": 0.1257385153,
    "operatingIncome": 75084000,
    "operatingIncomeRatio": 0.1257385153,
    "totalOtherIncomeExpensesNet": 272000,
    "incomeBeforeTax": 75356000,
    "incomeBeforeTaxRatio": 0.1261940169,
    "incomeTaxExpense": 27500000,
    "netIncome": 47856000,
    "netIncomeRatio": 0.0801414734,
    "eps": 0.0295,
    "epsdiluted": 0.0291,
    "weightedAverageShsOut": 1620914286,
    "weightedAverageShsOutDil": 1643228571,
    "link": "https://www.sec.gov/Archives/edgar/data/898173/000089817306000068/0000898173-06-000068-index.htm",
    "finalLink": "https://www.sec.gov/Archives/edgar/data/898173/000089817306000068/thirdqtr10q2006.htm"
  },
  {
    "date": "2006-06-30",
    "symbol": "ORLY",
    "reportedCurrency": "USD",
    "cik": "0000898173",
    "fillingDate": "2006-08-09",
    "acceptedDate": "2006-08-09 09:34:43",
    "calendarYear": "2006",
    "period": "Q2",
    "revenue": 591199000,
    "costOfRevenue": 330271000,
    "grossProfit": 260928000,
    "grossProfitRatio": 0.4413539265,
    "researchAndDevelopmentExpenses": 0,
    "generalAndAdministrativeExpenses": 0,
    "sellingAndMarketingExpenses": 0,
    "sellingGeneralAndAdministrativeExpenses": 182692000,
    "otherExpenses": 0,
    "operatingExpenses": 182692000,
    "costAndExpenses": 512963000,
    "interestIncome": 0,
    "interestExpense": 0,
    "depreciationAndAmortization": 0,
    "ebitda": 78236000,
    "ebitdaratio": 0.1323344593,
    "operatingIncome": 78236000,
    "operatingIncomeRatio": 0.1323344593,
    "totalOtherIncomeExpensesNet": 162000,
    "incomeBeforeTax": 78398000,
    "incomeBeforeTaxRatio": 0.1326084787,
    "incomeTaxExpense": 29085000,
    "netIncome": 49313000,
    "netIncomeRatio": 0.0834118461,
    "eps": 0.0305,
    "epsdiluted": 0.03,
    "weightedAverageShsOut": 1617900000,
    "weightedAverageShsOutDil": 1645657143,
    "link": "https://www.sec.gov/Archives/edgar/data/898173/000089817306000061/0000898173-06-000061-index.htm",
    "finalLink": "https://www.sec.gov/Archives/edgar/data/898173/000089817306000061/secqtr10q2006.htm"
  },
  {
    "date": "2006-03-31",
    "symbol": "ORLY",
    "reportedCurrency": "USD",
    "cik": "0000898173",
    "fillingDate": "2006-05-10",
    "acceptedDate": "2006-05-09 18:12:20",
    "calendarYear": "2006",
    "period": "Q1",
    "revenue": 536547000,
    "costOfRevenue": 303119000,
    "grossProfit": 233428000,
    "grossProfitRatio": 0.4350560156,
    "researchAndDevelopmentExpenses": 0,
    "generalAndAdministrativeExpenses": 0,
    "sellingAndMarketingExpenses": 0,
    "sellingGeneralAndAdministrativeExpenses": 168462000,
    "otherExpenses": 0,
    "operatingExpenses": 168462000,
    "costAndExpenses": 471581000,
    "interestIncome": 0,
    "interestExpense": 0,
    "depreciationAndAmortization": 0,
    "ebitda": 64966000,
    "ebitdaratio": 0.1210816573,
    "operatingIncome": 64966000,
    "operatingIncomeRatio": 0.1210816573,
    "totalOtherIncomeExpensesNet": -452000,
    "incomeBeforeTax": 64514000,
    "incomeBeforeTaxRatio": 0.1202392335,
    "incomeTaxExpense": 23950000,
    "netIncome": 40564000,
    "netIncomeRatio": 0.075601951,
    "eps": 0.0252,
    "epsdiluted": 0.0248,
    "weightedAverageShsOut": 1607471429,
    "weightedAverageShsOutDil": 1637357143,
    "link": "https://www.sec.gov/Archives/edgar/data/898173/000089817306000044/0000898173-06-000044-index.htm",
    "finalLink": "https://www.sec.gov/Archives/edgar/data/898173/000089817306000044/firstqtr10q.htm"
  },
  {
    "date": "2005-12-31",
    "symbol": "ORLY",
    "reportedCurrency": "USD",
    "cik": "0000898173",
    "fillingDate": "2006-03-15",
    "acceptedDate": "2006-03-15 11:11:30",
    "calendarYear": "2005",
    "period": "Q4",
    "revenue": 514964000,
    "costOfRevenue": 283516000,
    "grossProfit": 231448000,
    "grossProfitRatio": 0.4494450097,
    "researchAndDevelopmentExpenses": 0,
    "generalAndAdministrativeExpenses": 0,
    "sellingAndMarketingExpenses": 0,
    "sellingGeneralAndAdministrativeExpenses": 168217000,
    "otherExpenses": 0,
    "operatingExpenses": 168217000,
    "costAndExpenses": 451733000,
    "interestIncome": 0,
    "interestExpense": 0,
    "depreciationAndAmortization": 0,
    "ebitda": 66838000,
    "ebitdaratio": 0.1297915971,
    "operatingIncome": 63231000,
    "operatingIncomeRatio": 0.122787224,
    "totalOtherIncomeExpensesNet": -421000,
    "incomeBeforeTax": 62810000,
    "incomeBeforeTaxRatio": 0.1219696911,
    "incomeTaxExpense": 23303000,
    "netIncome": 39507000,
    "netIncomeRatio": 0.0767179842,
    "eps": 0.0247,
    "epsdiluted": 0.0246,
    "weightedAverageShsOut": 1602614286,
    "weightedAverageShsOutDil": 1607471429,
    "link": "https://www.sec.gov/Archives/edgar/data/898173/000089817306000027/0000898173-06-000027-index.htm",
    "finalLink": "https://www.sec.gov/Archives/edgar/data/898173/000089817306000027/form105k2005.htm"
  },
  {
    "date": "2005-09-30",
    "symbol": "ORLY",
    "reportedCurrency": "USD",
    "cik": "0000898173",
    "fillingDate": "2005-11-08",
    "acceptedDate": "2005-11-08 15:59:54",
    "calendarYear": "2005",
    "period": "Q3",
    "revenue": 542906000,
    "costOfRevenue": 306990000,
    "grossProfit": 235916000,
    "grossProfitRatio": 0.4345429964,
    "researchAndDevelopmentExpenses": 0,
    "generalAndAdministrativeExpenses": 0,
    "sellingAndMarketingExpenses": 0,
    "sellingGeneralAndAdministrativeExpenses": 168331000,
    "otherExpenses": 0,
    "operatingExpenses": 168331000,
    "costAndExpenses": 475321000,
    "interestIncome": 0,
    "interestExpense": 0,
    "depreciationAndAmortization": 0,
    "ebitda": 67585000,
    "ebitdaratio": 0.1244874803,
    "operatingIncome": 67585000,
    "operatingIncomeRatio": 0.1244874803,
    "totalOtherIncomeExpensesNet": -561000,
    "incomeBeforeTax": 67024000,
    "incomeBeforeTaxRatio": 0.1234541523,
    "incomeTaxExpense": 18401000,
    "netIncome": 48623000,
    "netIncomeRatio": 0.0895606238,
    "eps": 0.0304,
    "epsdiluted": 0.0299,
    "weightedAverageShsOut": 1598728571,
    "weightedAverageShsOutDil": 1626142857,
    "link": "https://www.sec.gov/Archives/edgar/data/898173/000089817305000075/0000898173-05-000075-index.htm",
    "finalLink": "https://www.sec.gov/Archives/edgar/data/898173/000089817305000075/thirdqtr10q2005.htm"
  },
  {
    "date": "2005-06-30",
    "symbol": "ORLY",
    "reportedCurrency": "USD",
    "cik": "0000898173",
    "fillingDate": "2005-08-09",
    "acceptedDate": "2005-08-08 18:11:44",
    "calendarYear": "2005",
    "period": "Q2",
    "revenue": 521209000,
    "costOfRevenue": 292239000,
    "grossProfit": 228970000,
    "grossProfitRatio": 0.4393055377,
    "researchAndDevelopmentExpenses": 0,
    "generalAndAdministrativeExpenses": 0,
    "sellingAndMarketingExpenses": 0,
    "sellingGeneralAndAdministrativeExpenses": 160843000,
    "otherExpenses": 0,
    "operatingExpenses": 160843000,
    "costAndExpenses": 453082000,
    "interestIncome": 0,
    "interestExpense": 0,
    "depreciationAndAmortization": 0,
    "ebitda": 68127000,
    "ebitdaratio": 0.1307095618,
    "operatingIncome": 68127000,
    "operatingIncomeRatio": 0.1307095618,
    "totalOtherIncomeExpensesNet": 195000,
    "incomeBeforeTax": 68322000,
    "incomeBeforeTaxRatio": 0.131083692,
    "incomeTaxExpense": 25399000,
    "netIncome": 42923000,
    "netIncomeRatio": 0.0823527606,
    "eps": 0.027,
    "epsdiluted": 0.0266,
    "weightedAverageShsOut": 1592114286,
    "weightedAverageShsOutDil": 1616257143,
    "link": "https://www.sec.gov/Archives/edgar/data/898173/000089817305000064/0000898173-05-000064-index.htm",
    "finalLink": "https://www.sec.gov/Archives/edgar/data/898173/000089817305000064/form10q2q2005.txt"
  },
  {
    "date": "2005-03-31",
    "symbol": "ORLY",
    "reportedCurrency": "USD",
    "cik": "0000898173",
    "fillingDate": "2005-05-09",
    "acceptedDate": "2005-05-09 16:05:51",
    "calendarYear": "2005",
    "period": "Q1",
    "revenue": 466239000,
    "costOfRevenue": 270070000,
    "grossProfit": 196169000,
    "grossProfitRatio": 0.4207477281,
    "researchAndDevelopmentExpenses": 0,
    "generalAndAdministrativeExpenses": 0,
    "sellingAndMarketingExpenses": 0,
    "sellingGeneralAndAdministrativeExpenses": 142588000,
    "otherExpenses": 0,
    "operatingExpenses": 142588000,
    "costAndExpenses": 412658000,
    "interestIncome": 0,
    "interestExpense": 0,
    "depreciationAndAmortization": 0,
    "ebitda": 53581000,
    "ebitdaratio": 0.1149217461,
    "operatingIncome": 53581000,
    "operatingIncomeRatio": 0.1149217461,
    "totalOtherIncomeExpensesNet": -668000,
    "incomeBeforeTax": 52913000,
    "incomeBeforeTaxRatio": 0.1134890046,
    "incomeTaxExpense": 19700000,
    "netIncome": 33213000,
    "netIncomeRatio": 0.071235997,
    "eps": 0.021,
    "epsdiluted": 0.0207,
    "weightedAverageShsOut": 1584228571,
    "weightedAverageShsOutDil": 1607285714,
    "link": "https://www.sec.gov/Archives/edgar/data/898173/000089817305000032/0000898173-05-000032-index.htm",
    "finalLink": "https://www.sec.gov/Archives/edgar/data/898173/000089817305000032/firstqtr10q.txt"
  },
  {
    "date": "2004-12-31",
    "symbol": "ORLY",
    "reportedCurrency": "USD",
    "cik": "0000898173",
    "fillingDate": "2005-03-15",
    "acceptedDate": "2005-03-15 16:19:46",
    "calendarYear": "2004",
    "period": "Q4",
    "revenue": 427618000,
    "costOfRevenue": 237397000,
    "grossProfit": 190221000,
    "grossProfitRatio": 0.4448386176,
    "researchAndDevelopmentExpenses": 0,
    "generalAndAdministrativeExpenses": 0,
    "sellingAndMarketingExpenses": 0,
    "sellingGeneralAndAdministrativeExpenses": 149909000,
    "otherExpenses": 0,
    "operatingExpenses": 149909000,
    "costAndExpenses": 387306000,
    "interestIncome": 0,
    "interestExpense": 0,
    "depreciationAndAmortization": 0,
    "ebitda": 40312000,
    "ebitdaratio": 0.094271055,
    "operatingIncome": 40312000,
    "operatingIncomeRatio": 0.094271055,
    "totalOtherIncomeExpensesNet": -1046000,
    "incomeBeforeTax": 39266000,
    "incomeBeforeTaxRatio": 0.0918249466,
    "incomeTaxExpense": 14613000,
    "netIncome": 46545000,
    "netIncomeRatio": 0.1088471486,
    "eps": 0.0295,
    "epsdiluted": 0.0294,
    "weightedAverageShsOut": 1579171429,
    "weightedAverageShsOutDil": 1584228571,
    "link": "https://www.sec.gov/Archives/edgar/data/898173/000089817305000019/0000898173-05-000019-index.htm",
    "finalLink": "https://www.sec.gov/Archives/edgar/data/898173/000089817305000019/form10k2004.txt"
  },
  {
    "date": "2004-09-30",
    "symbol": "ORLY",
    "reportedCurrency": "USD",
    "cik": "0000898173",
    "fillingDate": "2004-11-08",
    "acceptedDate": "2004-11-08 17:18:07",
    "calendarYear": "2004",
    "period": "Q3",
    "revenue": 455162000,
    "costOfRevenue": 259314000,
    "grossProfit": 195848000,
    "grossProfitRatio": 0.4302819655,
    "researchAndDevelopmentExpenses": 0,
    "generalAndAdministrativeExpenses": 0,
    "sellingAndMarketingExpenses": 0,
    "sellingGeneralAndAdministrativeExpenses": 142039000,
    "otherExpenses": 0,
    "operatingExpenses": 142039000,
    "costAndExpenses": 401353000,
    "interestIncome": 0,
    "interestExpense": 0,
    "depreciationAndAmortization": 0,
    "ebitda": 53809000,
    "ebitdaratio": 0.1182194471,
    "operatingIncome": 53809000,
    "operatingIncomeRatio": 0.1182194471,
    "totalOtherIncomeExpensesNet": -791000,
    "incomeBeforeTax": 53018000,
    "incomeBeforeTaxRatio": 0.1164816044,
    "incomeTaxExpense": 19775000,
    "netIncome": 33243000,
    "netIncomeRatio": 0.0730355346,
    "eps": 0.0211,
    "epsdiluted": 0.0209,
    "weightedAverageShsOut": 1575428571,
    "weightedAverageShsOutDil": 1593657143,
    "link": "https://www.sec.gov/Archives/edgar/data/898173/000089817304000062/0000898173-04-000062-index.htm",
    "finalLink": "https://www.sec.gov/Archives/edgar/data/898173/000089817304000062/form10q3q2004.txt"
  },
  {
    "date": "2004-06-30",
    "symbol": "ORLY",
    "reportedCurrency": "USD",
    "cik": "0000898173",
    "fillingDate": "2004-08-04",
    "acceptedDate": "2004-08-04 17:06:40",
    "calendarYear": "2004",
    "period": "Q2",
    "revenue": 435167000,
    "costOfRevenue": 245732000,
    "grossProfit": 189435000,
    "grossProfitRatio": 0.4353156374,
    "researchAndDevelopmentExpenses": 0,
    "generalAndAdministrativeExpenses": 0,
    "sellingAndMarketingExpenses": 0,
    "sellingGeneralAndAdministrativeExpenses": 135193000,
    "otherExpenses": 0,
    "operatingExpenses": 135193000,
    "costAndExpenses": 380925000,
    "interestIncome": 0,
    "interestExpense": 0,
    "depreciationAndAmortization": 0,
    "ebitda": 54242000,
    "ebitdaratio": 0.1246464001,
    "operatingIncome": 54242000,
    "operatingIncomeRatio": 0.1246464001,
    "totalOtherIncomeExpensesNet": -438000,
    "incomeBeforeTax": 53804000,
    "incomeBeforeTaxRatio": 0.12363989,
    "incomeTaxExpense": 20109000,
    "netIncome": 33695000,
    "netIncomeRatio": 0.0774300441,
    "eps": 0.0215,
    "epsdiluted": 0.0212,
    "weightedAverageShsOut": 1569542857,
    "weightedAverageShsOutDil": 1592014286,
    "link": "https://www.sec.gov/Archives/edgar/data/898173/000089817304000057/0000898173-04-000057-index.htm",
    "finalLink": "https://www.sec.gov/Archives/edgar/data/898173/000089817304000057/orly2q200410q.txt"
  },
  {
    "date": "2004-03-31",
    "symbol": "ORLY",
    "reportedCurrency": "USD",
    "cik": "0000898173",
    "fillingDate": "2004-05-05",
    "acceptedDate": "2004-05-04 17:58:27",
    "calendarYear": "2004",
    "period": "Q1",
    "revenue": 403294000,
    "costOfRevenue": 233701000,
    "grossProfit": 169593000,
    "grossProfitRatio": 0.4205195217,
    "researchAndDevelopmentExpenses": 0,
    "generalAndAdministrativeExpenses": 0,
    "sellingAndMarketingExpenses": 0,
    "sellingGeneralAndAdministrativeExpenses": 125566000,
    "otherExpenses": 0,
    "operatingExpenses": 125566000,
    "costAndExpenses": 359267000,
    "interestIncome": 0,
    "interestExpense": 0,
    "depreciationAndAmortization": 0,
    "ebitda": 44027000,
    "ebitdaratio": 0.1091684974,
    "operatingIncome": 44027000,
    "operatingIncomeRatio": 0.1091684974,
    "totalOtherIncomeExpensesNet": -446000,
    "incomeBeforeTax": 43581000,
    "incomeBeforeTaxRatio": 0.1080626045,
    "incomeTaxExpense": 16296000,
    "netIncome": 49177000,
    "netIncomeRatio": 0.1219383378,
    "eps": 0.0315,
    "epsdiluted": 0.0311,
    "weightedAverageShsOut": 1562685714,
    "weightedAverageShsOutDil": 1582314286,
    "link": "https://www.sec.gov/Archives/edgar/data/898173/000089817304000035/0000898173-04-000035-index.htm",
    "finalLink": "https://www.sec.gov/Archives/edgar/data/898173/000089817304000035/firstqtr10q2004.txt"
  },
  {
    "date": "2003-12-31",
    "symbol": "ORLY",
    "reportedCurrency": "USD",
    "cik": "0000898173",
    "fillingDate": "2004-03-15",
    "acceptedDate": "2004-03-12 18:45:40",
    "calendarYear": "2003",
    "period": "Q4",
    "revenue": 367047000,
    "costOfRevenue": 211024000,
    "grossProfit": 156023000,
    "grossProfitRatio": 0.4250763526,
    "researchAndDevelopmentExpenses": 0,
    "generalAndAdministrativeExpenses": 0,
    "sellingAndMarketingExpenses": 0,
    "sellingGeneralAndAdministrativeExpenses": 117177000,
    "otherExpenses": 0,
    "operatingExpenses": 117177000,
    "costAndExpenses": 328201000,
    "interestIncome": 0,
    "interestExpense": 0,
    "depreciationAndAmortization": 0,
    "ebitda": 38846000,
    "ebitdaratio": 0.1058338578,
    "operatingIncome": 38846000,
    "operatingIncomeRatio": 0.1058338578,
    "totalOtherIncomeExpensesNet": -639000,
    "incomeBeforeTax": 38207000,
    "incomeBeforeTaxRatio": 0.1040929363,
    "incomeTaxExpense": 14305000,
    "netIncome": 23902000,
    "netIncomeRatio": 0.0651197258,
    "eps": 0.0154,
    "epsdiluted": 0.0153,
    "weightedAverageShsOut": 1557114286,
    "weightedAverageShsOutDil": 1562685714,
    "link": "https://www.sec.gov/Archives/edgar/data/898173/000089817304000027/0000898173-04-000027-index.htm",
    "finalLink": "https://www.sec.gov/Archives/edgar/data/898173/000089817304000027/form10k2003.txt"
  },
  {
    "date": "2003-09-30",
    "symbol": "ORLY",
    "reportedCurrency": "USD",
    "cik": "0000898173",
    "fillingDate": "2003-11-07",
    "acceptedDate": "2003-11-07 15:58:56",
    "calendarYear": "2003",
    "period": "Q3",
    "revenue": 412182000,
    "costOfRevenue": 236529000,
    "grossProfit": 175653000,
    "grossProfitRatio": 0.4261539805,
    "researchAndDevelopmentExpenses": 0,
    "generalAndAdministrativeExpenses": 0,
    "sellingAndMarketingExpenses": 0,
    "sellingGeneralAndAdministrativeExpenses": 127291000,
    "otherExpenses": 0,
    "operatingExpenses": 127291000,
    "costAndExpenses": 363820000,
    "interestIncome": 0,
    "interestExpense": 0,
    "depreciationAndAmortization": 0,
    "ebitda": 48362000,
    "ebitdaratio": 0.1173316642,
    "operatingIncome": 48362000,
    "operatingIncomeRatio": 0.1173316642,
    "totalOtherIncomeExpensesNet": -1179000,
    "incomeBeforeTax": 47183000,
    "incomeBeforeTaxRatio": 0.1144712773,
    "incomeTaxExpense": 17650000,
    "netIncome": 29533000,
    "netIncomeRatio": 0.0716503875,
    "eps": 0.0191,
    "epsdiluted": 0.0188,
    "weightedAverageShsOut": 1545428571,
    "weightedAverageShsOutDil": 1567542857,
    "link": "https://www.sec.gov/Archives/edgar/data/898173/000089817303000061/0000898173-03-000061-index.htm",
    "finalLink": "https://www.sec.gov/Archives/edgar/data/898173/000089817303000061/thirdqtr10q.txt"
  },
  {
    "date": "2003-06-30",
    "symbol": "ORLY",
    "reportedCurrency": "USD",
    "cik": "0000898173",
    "fillingDate": "2003-08-08",
    "acceptedDate": "2003-08-08 15:53:48",
    "calendarYear": "2003",
    "period": "Q2",
    "revenue": 393112000,
    "costOfRevenue": 227399000,
    "grossProfit": 165713000,
    "grossProfitRatio": 0.4215414437,
    "researchAndDevelopmentExpenses": 0,
    "generalAndAdministrativeExpenses": 0,
    "sellingAndMarketingExpenses": 0,
    "sellingGeneralAndAdministrativeExpenses": 120987000,
    "otherExpenses": 0,
    "operatingExpenses": 120987000,
    "costAndExpenses": 348386000,
    "interestIncome": 0,
    "interestExpense": 0,
    "depreciationAndAmortization": 0,
    "ebitda": 44726000,
    "ebitdaratio": 0.1137741916,
    "operatingIncome": 44726000,
    "operatingIncomeRatio": 0.1137741916,
    "totalOtherIncomeExpensesNet": -1652000,
    "incomeBeforeTax": 43074000,
    "incomeBeforeTaxRatio": 0.1095718269,
    "incomeTaxExpense": 16150000,
    "netIncome": 26924000,
    "netIncomeRatio": 0.0684893872,
    "eps": 0.0176,
    "epsdiluted": 0.0174,
    "weightedAverageShsOut": 1532400000,
    "weightedAverageShsOutDil": 1549200000,
    "link": "https://www.sec.gov/Archives/edgar/data/898173/000089817303000043/0000898173-03-000043-index.htm",
    "finalLink": "https://www.sec.gov/Archives/edgar/data/898173/000089817303000043/secondqtr10q.txt"
  },
  {
    "date": "2003-03-31",
    "symbol": "ORLY",
    "reportedCurrency": "USD",
    "cik": "0000898173",
    "fillingDate": "2003-05-09",
    "acceptedDate": "2003-05-09 17:32:06",
    "calendarYear": "2003",
    "period": "Q1",
    "revenue": 339475000,
    "costOfRevenue": 198529000,
    "grossProfit": 140946000,
    "grossProfitRatio": 0.4151881582,
    "researchAndDevelopmentExpenses": 0,
    "generalAndAdministrativeExpenses": 0,
    "sellingAndMarketingExpenses": 0,
    "sellingGeneralAndAdministrativeExpenses": 107605000,
    "otherExpenses": 0,
    "operatingExpenses": 107605000,
    "costAndExpenses": 306134000,
    "interestIncome": 0,
    "interestExpense": 0,
    "depreciationAndAmortization": 0,
    "ebitda": 33341000,
    "ebitdaratio": 0.0982134178,
    "operatingIncome": 33341000,
    "operatingIncomeRatio": 0.0982134178,
    "totalOtherIncomeExpensesNet": -1763000,
    "incomeBeforeTax": 31578000,
    "incomeBeforeTaxRatio": 0.0930201046,
    "incomeTaxExpense": 11850000,
    "netIncome": 19728000,
    "netIncomeRatio": 0.0581132631,
    "eps": 0.0129,
    "epsdiluted": 0.0128,
    "weightedAverageShsOut": 1525771429,
    "weightedAverageShsOutDil": 1535800000,
    "link": "https://www.sec.gov/Archives/edgar/data/898173/000089817303000032/0000898173-03-000032-index.htm",
    "finalLink": "https://www.sec.gov/Archives/edgar/data/898173/000089817303000032/firstqtr10q.txt"
  },
  {
    "date": "2002-12-31",
    "symbol": "ORLY",
    "reportedCurrency": "USD",
    "cik": "0000898173",
    "fillingDate": "2003-03-27",
    "acceptedDate": "2003-03-27 17:16:39",
    "calendarYear": "2002",
    "period": "Q4",
    "revenue": 314241000,
    "costOfRevenue": 183251000,
    "grossProfit": 130990000,
    "grossProfitRatio": 0.4168456694,
    "researchAndDevelopmentExpenses": 0,
    "generalAndAdministrativeExpenses": 0,
    "sellingAndMarketingExpenses": 0,
    "sellingGeneralAndAdministrativeExpenses": 99819000,
    "otherExpenses": 0,
    "operatingExpenses": 99819000,
    "costAndExpenses": 283070000,
    "interestIncome": 0,
    "interestExpense": 0,
    "depreciationAndAmortization": 0,
    "ebitda": 31171000,
    "ebitdaratio": 0.0991945672,
    "operatingIncome": 31171000,
    "operatingIncomeRatio": 0.0991945672,
    "totalOtherIncomeExpensesNet": -1949000,
    "incomeBeforeTax": 29222000,
    "incomeBeforeTaxRatio": 0.0929923212,
    "incomeTaxExpense": 10515000,
    "netIncome": 18707000,
    "netIncomeRatio": 0.0595307423,
    "eps": 0.0123,
    "epsdiluted": 0.0123,
    "weightedAverageShsOut": 1523542857,
    "weightedAverageShsOutDil": 1525771429,
    "link": "https://www.sec.gov/Archives/edgar/data/898173/000089817303000017/0000898173-03-000017-index.htm",
    "finalLink": "https://www.sec.gov/Archives/edgar/data/898173/000089817303000017/oreilly10k2002.txt"
  },
  {
    "date": "2002-09-30",
    "symbol": "ORLY",
    "reportedCurrency": "USD",
    "cik": "0000898173",
    "fillingDate": "2002-11-12",
    "acceptedDate": "2002-11-12 16:23:28",
    "calendarYear": "2002",
    "period": "Q3",
    "revenue": 359579000,
    "costOfRevenue": 207383000,
    "grossProfit": 152196000,
    "grossProfitRatio": 0.4232616476,
    "researchAndDevelopmentExpenses": 0,
    "generalAndAdministrativeExpenses": 0,
    "sellingAndMarketingExpenses": 0,
    "sellingGeneralAndAdministrativeExpenses": 111473000,
    "otherExpenses": 0,
    "operatingExpenses": 111473000,
    "costAndExpenses": 318856000,
    "interestIncome": 0,
    "interestExpense": 0,
    "depreciationAndAmortization": 0,
    "ebitda": 40723000,
    "ebitdaratio": 0.1132518862,
    "operatingIncome": 40723000,
    "operatingIncomeRatio": 0.1132518862,
    "totalOtherIncomeExpensesNet": -1972000,
    "incomeBeforeTax": 38751000,
    "incomeBeforeTaxRatio": 0.107767695,
    "incomeTaxExpense": 14655000,
    "netIncome": 24096000,
    "netIncomeRatio": 0.0670116998,
    "eps": 0.0159,
    "epsdiluted": 0.0157,
    "weightedAverageShsOut": 1519628571,
    "weightedAverageShsOutDil": 1534714286,
    "link": "https://www.sec.gov/Archives/edgar/data/898173/000089817302000058/0000898173-02-000058-index.htm",
    "finalLink": "https://www.sec.gov/Archives/edgar/data/898173/000089817302000058/oreilly3rdqtr10q2002.txt"
  },
  {
    "date": "2002-06-30",
    "symbol": "ORLY",
    "reportedCurrency": "USD",
    "cik": "0000898173",
    "fillingDate": "2002-08-12",
    "acceptedDate": "2002-08-12 17:24:50",
    "calendarYear": "2002",
    "period": "Q2",
    "revenue": 343181000,
    "costOfRevenue": 198995000,
    "grossProfit": 144186000,
    "grossProfitRatio": 0.4201456374,
    "researchAndDevelopmentExpenses": 0,
    "generalAndAdministrativeExpenses": 0,
    "sellingAndMarketingExpenses": 0,
    "sellingGeneralAndAdministrativeExpenses": 106417000,
    "otherExpenses": 0,
    "operatingExpenses": 106417000,
    "costAndExpenses": 305412000,
    "interestIncome": 0,
    "interestExpense": 0,
    "depreciationAndAmortization": 0,
    "ebitda": 37769000,
    "ebitdaratio": 0.1100556266,
    "operatingIncome": 37769000,
    "operatingIncomeRatio": 0.1100556266,
    "totalOtherIncomeExpensesNet": -1527000,
    "incomeBeforeTax": 36242000,
    "incomeBeforeTaxRatio": 0.1056060796,
    "incomeTaxExpense": 13695000,
    "netIncome": 22547000,
    "netIncomeRatio": 0.0657000242,
    "eps": 0.0149,
    "epsdiluted": 0.0147,
    "weightedAverageShsOut": 1515942857,
    "weightedAverageShsOutDil": 1534228571,
    "link": "https://www.sec.gov/Archives/edgar/data/898173/000089817302000051/0000898173-02-000051-index.htm",
    "finalLink": "https://www.sec.gov/Archives/edgar/data/898173/000089817302000051/oreilly2ndqtr10q2002.txt"
  },
  {
    "date": "2002-03-31",
    "symbol": "ORLY",
    "reportedCurrency": "USD",
    "cik": "0000898173",
    "fillingDate": "2002-05-14",
    "acceptedDate": "2002-05-14 14:51:47",
    "calendarYear": "2002",
    "period": "Q1",
    "revenue": 295489000,
    "costOfRevenue": 169461000,
    "grossProfit": 126028000,
    "grossProfitRatio": 0.4265065705,
    "researchAndDevelopmentExpenses": 0,
    "generalAndAdministrativeExpenses": 0,
    "sellingAndMarketingExpenses": 0,
    "sellingGeneralAndAdministrativeExpenses": 97390000,
    "otherExpenses": 0,
    "operatingExpenses": 97390000,
    "costAndExpenses": 266851000,
    "interestIncome": 0,
    "interestExpense": 0,
    "depreciationAndAmortization": 0,
    "ebitda": 28638000,
    "ebitdaratio": 0.0969173133,
    "operatingIncome": 28638000,
    "operatingIncomeRatio": 0.0969173133,
    "totalOtherIncomeExpensesNet": -1871000,
    "incomeBeforeTax": 26767000,
    "incomeBeforeTaxRatio": 0.0905854363,
    "incomeTaxExpense": 10125000,
    "netIncome": 16642000,
    "netIncomeRatio": 0.0563202014,
    "eps": 0.011,
    "epsdiluted": 0.0109,
    "weightedAverageShsOut": 1510971429,
    "weightedAverageShsOutDil": 1531628571,
    "link": "https://www.sec.gov/Archives/edgar/data/898173/000089817302000034/0000898173-02-000034-index.htm",
    "finalLink": "https://www.sec.gov/Archives/edgar/data/898173/000089817302000034/firstqtr200210q.txt"
  },
  {
    "date": "2001-12-31",
    "symbol": "ORLY",
    "reportedCurrency": "USD",
    "cik": "0000898173",
    "fillingDate": "2002-03-29",
    "acceptedDate": "2002-03-29 00:00:00",
    "calendarYear": "2001",
    "period": "Q4",
    "revenue": 278377000,
    "costOfRevenue": 156499000,
    "grossProfit": 121878000,
    "grossProfitRatio": 0.4378163426,
    "researchAndDevelopmentExpenses": 0,
    "generalAndAdministrativeExpenses": 0,
    "sellingAndMarketingExpenses": 0,
    "sellingGeneralAndAdministrativeExpenses": 95136000,
    "otherExpenses": 0,
    "operatingExpenses": 95136000,
    "costAndExpenses": 251635000,
    "interestIncome": 0,
    "interestExpense": 0,
    "depreciationAndAmortization": 0,
    "ebitda": 26742000,
    "ebitdaratio": 0.0960639708,
    "operatingIncome": 26742000,
    "operatingIncomeRatio": 0.0960639708,
    "totalOtherIncomeExpensesNet": -1209000,
    "incomeBeforeTax": 25533000,
    "incomeBeforeTaxRatio": 0.0917209396,
    "incomeTaxExpense": 9625000,
    "netIncome": 15908000,
    "netIncomeRatio": 0.0571455257,
    "eps": 0.0106,
    "epsdiluted": 0.0105,
    "weightedAverageShsOut": 1504514286,
    "weightedAverageShsOutDil": 1510971429,
    "link": "https://www.sec.gov/Archives/edgar/data/898173/000089817302000023/0000898173-02-000023-index.htm",
    "finalLink": "https://www.sec.gov/Archives/edgar/data/898173/000089817302000023/oreilly200110k.txt"
  },
  {
    "date": "2001-09-30",
    "symbol": "ORLY",
    "reportedCurrency": "USD",
    "cik": "0000898173",
    "fillingDate": "2001-11-13",
    "acceptedDate": "2001-11-13 00:00:00",
    "calendarYear": "2001",
    "period": "Q3",
    "revenue": 293996000,
    "costOfRevenue": 168520000,
    "grossProfit": 125476000,
    "grossProfitRatio": 0.4267949224,
    "researchAndDevelopmentExpenses": 0,
    "generalAndAdministrativeExpenses": 0,
    "sellingAndMarketingExpenses": 0,
    "sellingGeneralAndAdministrativeExpenses": 91219000,
    "otherExpenses": 0,
    "operatingExpenses": 91219000,
    "costAndExpenses": 259739000,
    "interestIncome": 0,
    "interestExpense": 0,
    "depreciationAndAmortization": 0,
    "ebitda": 34257000,
    "ebitdaratio": 0.1165219935,
    "operatingIncome": 34257000,
    "operatingIncomeRatio": 0.1165219935,
    "totalOtherIncomeExpensesNet": -1867000,
    "incomeBeforeTax": 32390000,
    "incomeBeforeTaxRatio": 0.110171567,
    "incomeTaxExpense": 12250000,
    "netIncome": 20140000,
    "netIncomeRatio": 0.0685043334,
    "eps": 0.0135,
    "epsdiluted": 0.0132,
    "weightedAverageShsOut": 1497257143,
    "weightedAverageShsOutDil": 1520142857,
    "link": "https://www.sec.gov/Archives/edgar/data/898173/000089817301500035/0000898173-01-500035-index.htm",
    "finalLink": "https://www.sec.gov/Archives/edgar/data/898173/000089817301500035/thirdqtr200110q.txt"
  },
  {
    "date": "2001-06-30",
    "symbol": "ORLY",
    "reportedCurrency": "USD",
    "cik": "0000898173",
    "fillingDate": "2001-08-14",
    "acceptedDate": "2001-08-14 00:00:00",
    "calendarYear": "2001",
    "period": "Q2",
    "revenue": 280676000,
    "costOfRevenue": 162749000,
    "grossProfit": 117927000,
    "grossProfitRatio": 0.4201534866,
    "researchAndDevelopmentExpenses": 0,
    "generalAndAdministrativeExpenses": 0,
    "sellingAndMarketingExpenses": 0,
    "sellingGeneralAndAdministrativeExpenses": 87047000,
    "otherExpenses": 0,
    "operatingExpenses": 87047000,
    "costAndExpenses": 249796000,
    "interestIncome": 0,
    "interestExpense": 0,
    "depreciationAndAmortization": 0,
    "ebitda": 30880000,
    "ebitdaratio": 0.1100200943,
    "operatingIncome": 30880000,
    "operatingIncomeRatio": 0.1100200943,
    "totalOtherIncomeExpensesNet": -1879000,
    "incomeBeforeTax": 29001000,
    "incomeBeforeTaxRatio": 0.1033255426,
    "incomeTaxExpense": 11015000,
    "netIncome": 17986000,
    "netIncomeRatio": 0.0640810044,
    "eps": 0.0121,
    "epsdiluted": 0.012,
    "weightedAverageShsOut": 1480657143,
    "weightedAverageShsOutDil": 1497914286,
    "link": "https://www.sec.gov/Archives/edgar/data/898173/000089817301500022/0000898173-01-500022-index.htm",
    "finalLink": "https://www.sec.gov/Archives/edgar/data/898173/000089817301500022/final2ndqtr10q.txt"
  },
  {
    "date": "2001-03-31",
    "symbol": "ORLY",
    "reportedCurrency": "USD",
    "cik": "0000898173",
    "fillingDate": "2001-05-15",
    "acceptedDate": "2001-05-15 00:00:00",
    "calendarYear": "2001",
    "period": "Q1",
    "revenue": 239063000,
    "costOfRevenue": 136526000,
    "grossProfit": 102537000,
    "grossProfitRatio": 0.4289120441,
    "researchAndDevelopmentExpenses": 0,
    "generalAndAdministrativeExpenses": 0,
    "sellingAndMarketingExpenses": 0,
    "sellingGeneralAndAdministrativeExpenses": 80585000,
    "otherExpenses": 0,
    "operatingExpenses": 80585000,
    "costAndExpenses": 217111000,
    "interestIncome": 0,
    "interestExpense": 0,
    "depreciationAndAmortization": 0,
    "ebitda": 21952000,
    "ebitdaratio": 0.0918251674,
    "operatingIncome": 21952000,
    "operatingIncomeRatio": 0.0918251674,
    "totalOtherIncomeExpensesNet": -2150000,
    "incomeBeforeTax": 19802000,
    "incomeBeforeTaxRatio": 0.0828317222,
    "incomeTaxExpense": 7485000,
    "netIncome": 12317000,
    "netIncomeRatio": 0.0515219837,
    "eps": 0.0084,
    "epsdiluted": 0.0083,
    "weightedAverageShsOut": 1474028571,
    "weightedAverageShsOutDil": 1487057143,
    "link": "https://www.sec.gov/Archives/edgar/data/898173/000089817301500008/0000898173-01-500008-index.htm",
    "finalLink": "https://www.sec.gov/Archives/edgar/data/898173/000089817301500008/oreilly1stqtr0110q.txt"
  },
  {
    "date": "2000-12-31",
    "symbol": "ORLY",
    "reportedCurrency": "USD",
    "cik": "0000898173",
    "fillingDate": "2001-03-30",
    "acceptedDate": "2001-03-30 00:00:00",
    "calendarYear": "2000",
    "period": "Q4",
    "revenue": 216891000,
    "costOfRevenue": 97208000,
    "grossProfit": 119683000,
    "grossProfitRatio": 0.5518117395,
    "researchAndDevelopmentExpenses": 0,
    "generalAndAdministrativeExpenses": 0,
    "sellingAndMarketingExpenses": 0,
    "sellingGeneralAndAdministrativeExpenses": 77850000,
    "otherExpenses": 24812000,
    "operatingExpenses": 102662000,
    "costAndExpenses": 199870000,
    "interestIncome": 0,
    "interestExpense": 0,
    "depreciationAndAmortization": 0,
    "ebitda": 17021000,
    "ebitdaratio": 0.0784772074,
    "operatingIncome": 17021000,
    "operatingIncomeRatio": 0.0784772074,
    "totalOtherIncomeExpensesNet": -2340000,
    "incomeBeforeTax": 14681000,
    "incomeBeforeTaxRatio": 0.067688378,
    "incomeTaxExpense": 5465000,
    "netIncome": 9216000,
    "netIncomeRatio": 0.0424913897,
    "eps": 0.0063,
    "epsdiluted": 0.0063,
    "weightedAverageShsOut": 1469057143,
    "weightedAverageShsOutDil": 1474028571,
    "link": "https://www.sec.gov/Archives/edgar/data/898173/000089817301000023/0000898173-01-000023-index.htm",
    "finalLink": "https://www.sec.gov/Archives/edgar/data/898173/000089817301000023/0000898173-01-000023-0001.txt"
  },
  {
    "date": "2000-09-30",
    "symbol": "ORLY",
    "reportedCurrency": "USD",
    "cik": "0000898173",
    "fillingDate": "2000-11-13",
    "acceptedDate": "2000-11-13 00:00:00",
    "calendarYear": "2000",
    "period": "Q3",
    "revenue": 251413000,
    "costOfRevenue": 145550000,
    "grossProfit": 105863000,
    "grossProfitRatio": 0.4210721005,
    "researchAndDevelopmentExpenses": 0,
    "generalAndAdministrativeExpenses": 0,
    "sellingAndMarketingExpenses": 0,
    "sellingGeneralAndAdministrativeExpenses": 77058000,
    "otherExpenses": 0,
    "operatingExpenses": 77058000,
    "costAndExpenses": 222608000,
    "interestIncome": 0,
    "interestExpense": 0,
    "depreciationAndAmortization": 0,
    "ebitda": 28805000,
    "ebitdaratio": 0.1145724366,
    "operatingIncome": 28805000,
    "operatingIncomeRatio": 0.1145724366,
    "totalOtherIncomeExpensesNet": -2076000,
    "incomeBeforeTax": 26729000,
    "incomeBeforeTaxRatio": 0.106315107,
    "incomeTaxExpense": 10157000,
    "netIncome": 16572000,
    "netIncomeRatio": 0.0659154459,
    "eps": 0.0113,
    "epsdiluted": 0.0112,
    "weightedAverageShsOut": 1465742857,
    "weightedAverageShsOutDil": 1481600000,
    "link": "https://www.sec.gov/Archives/edgar/data/898173/000089817300000049/0000898173-00-000049-index.htm",
    "finalLink": "https://www.sec.gov/Archives/edgar/data/898173/000089817300000049/0000898173-00-000049-0001.txt"
  },
  {
    "date": "2000-06-30",
    "symbol": "ORLY",
    "reportedCurrency": "USD",
    "cik": "0000898173",
    "fillingDate": "2000-08-14",
    "acceptedDate": "2000-08-14 00:00:00",
    "calendarYear": "2000",
    "period": "Q2",
    "revenue": 226359000,
    "costOfRevenue": 129098000,
    "grossProfit": 97261000,
    "grossProfitRatio": 0.4296758689,
    "researchAndDevelopmentExpenses": 0,
    "generalAndAdministrativeExpenses": 0,
    "sellingAndMarketingExpenses": 0,
    "sellingGeneralAndAdministrativeExpenses": 72468000,
    "otherExpenses": 0,
    "operatingExpenses": 72468000,
    "costAndExpenses": 201566000,
    "interestIncome": 0,
    "interestExpense": 0,
    "depreciationAndAmortization": 0,
    "ebitda": 24793000,
    "ebitdaratio": 0.1095295526,
    "operatingIncome": 24793000,
    "operatingIncomeRatio": 0.1095295526,
    "totalOtherIncomeExpensesNet": -1634000,
    "incomeBeforeTax": 23159000,
    "incomeBeforeTaxRatio": 0.1023109309,
    "incomeTaxExpense": 8800000,
    "netIncome": 14359000,
    "netIncomeRatio": 0.0634346326,
    "eps": 0.0098,
    "epsdiluted": 0.0097,
    "weightedAverageShsOut": 1460314286,
    "weightedAverageShsOutDil": 1472800000,
    "link": "https://www.sec.gov/Archives/edgar/data/898173/000089817300000039/0000898173-00-000039-index.htm",
    "finalLink": "https://www.sec.gov/Archives/edgar/data/898173/000089817300000039/0000898173-00-000039-0001.txt"
  },
  {
    "date": "2000-03-31",
    "symbol": "ORLY",
    "reportedCurrency": "USD",
    "cik": "0000898173",
    "fillingDate": "2000-05-15",
    "acceptedDate": "2000-05-15 00:00:00",
    "calendarYear": "2000",
    "period": "Q1",
    "revenue": 195758000,
    "costOfRevenue": 111046000,
    "grossProfit": 84712000,
    "grossProfitRatio": 0.4327383811,
    "researchAndDevelopmentExpenses": 0,
    "generalAndAdministrativeExpenses": 0,
    "sellingAndMarketingExpenses": 0,
    "sellingGeneralAndAdministrativeExpenses": 65226000,
    "otherExpenses": 0,
    "operatingExpenses": 65226000,
    "costAndExpenses": 176272000,
    "interestIncome": 0,
    "interestExpense": 0,
    "depreciationAndAmortization": 0,
    "ebitda": 19486000,
    "ebitdaratio": 0.0995412703,
    "operatingIncome": 19486000,
    "operatingIncomeRatio": 0.0995412703,
    "totalOtherIncomeExpensesNet": -890000,
    "incomeBeforeTax": 18596000,
    "incomeBeforeTaxRatio": 0.0949948406,
    "incomeTaxExpense": 7029000,
    "netIncome": 11567000,
    "netIncomeRatio": 0.059088262,
    "eps": 0.008,
    "epsdiluted": 0.0079,
    "weightedAverageShsOut": 1452228571,
    "weightedAverageShsOutDil": 1463885714,
    "link": "https://www.sec.gov/Archives/edgar/data/898173/000089817300000034/0000898173-00-000034-index.html",
    "finalLink": "https://www.sec.gov/Archives/edgar/data/898173/000089817300000034/"
  },
  {
    "date": "1999-12-31",
    "symbol": "ORLY",
    "reportedCurrency": "USD",
    "cik": "0000898173",
    "fillingDate": "2000-03-30",
    "acceptedDate": "2000-03-30 00:00:00",
    "calendarYear": "1999",
    "period": "Q4",
    "revenue": 183200000,
    "costOfRevenue": 80800000,
    "grossProfit": 102400000,
    "grossProfitRatio": 0.5589519651,
    "researchAndDevelopmentExpenses": 0,
    "generalAndAdministrativeExpenses": 0,
    "sellingAndMarketingExpenses": 0,
    "sellingGeneralAndAdministrativeExpenses": 65700000,
    "otherExpenses": 17900000,
    "operatingExpenses": 83600000,
    "costAndExpenses": 164400000,
    "interestIncome": 0,
    "interestExpense": 0,
    "depreciationAndAmortization": 0,
    "ebitda": 18800000,
    "ebitdaratio": 0.1026200873,
    "operatingIncome": 18800000,
    "operatingIncomeRatio": 0.1026200873,
    "totalOtherIncomeExpensesNet": -500000,
    "incomeBeforeTax": 18300000,
    "incomeBeforeTaxRatio": 0.0998908297,
    "incomeTaxExpense": 6500000,
    "netIncome": 11800000,
    "netIncomeRatio": 0.0644104803,
    "eps": 0.0081,
    "epsdiluted": 0.0081,
    "weightedAverageShsOut": 1451400000,
    "weightedAverageShsOutDil": 1452228571,
    "link": "https://www.sec.gov/Archives/edgar/data/898173/000089817300000026/0000898173-00-000026-index.html",
    "finalLink": "https://www.sec.gov/Archives/edgar/data/898173/000089817300000026/"
  },
  {
    "date": "1999-09-30",
    "symbol": "ORLY",
    "reportedCurrency": "USD",
    "cik": "0000898173",
    "fillingDate": "1999-11-15",
    "acceptedDate": "1999-11-15 00:00:00",
    "calendarYear": "1999",
    "period": "Q3",
    "revenue": 208400000,
    "costOfRevenue": 120400000,
    "grossProfit": 88000000,
    "grossProfitRatio": 0.4222648752,
    "researchAndDevelopmentExpenses": 0,
    "generalAndAdministrativeExpenses": 0,
    "sellingAndMarketingExpenses": 0,
    "sellingGeneralAndAdministrativeExpenses": 65800000,
    "otherExpenses": 0,
    "operatingExpenses": 65800000,
    "costAndExpenses": 186200000,
    "interestIncome": 0,
    "interestExpense": 0,
    "depreciationAndAmortization": 0,
    "ebitda": 22200000,
    "ebitdaratio": 0.1065259117,
    "operatingIncome": 22200000,
    "operatingIncomeRatio": 0.1065259117,
    "totalOtherIncomeExpensesNet": -500000,
    "incomeBeforeTax": 21700000,
    "incomeBeforeTaxRatio": 0.1041266795,
    "incomeTaxExpense": 8300000,
    "netIncome": 13400000,
    "netIncomeRatio": 0.0642994242,
    "eps": 0.0092,
    "epsdiluted": 0.0092,
    "weightedAverageShsOut": 1449485714,
    "weightedAverageShsOutDil": 1449485714,
    "link": "https://www.sec.gov/Archives/edgar/data/898173/000089817399000033/0000898173-99-000033-index.html",
    "finalLink": "https://www.sec.gov/Archives/edgar/data/898173/000089817399000033/"
  },
  {
    "date": "1999-06-30",
    "symbol": "ORLY",
    "reportedCurrency": "USD",
    "cik": "0000898173",
    "fillingDate": "1999-08-16",
    "acceptedDate": "1999-08-16 00:00:00",
    "calendarYear": "1999",
    "period": "Q2",
    "revenue": 196107000,
    "costOfRevenue": 114300000,
    "grossProfit": 81807000,
    "grossProfitRatio": 0.4171549205,
    "researchAndDevelopmentExpenses": 0,
    "generalAndAdministrativeExpenses": 0,
    "sellingAndMarketingExpenses": 0,
    "sellingGeneralAndAdministrativeExpenses": 62200000,
    "otherExpenses": 0,
    "operatingExpenses": 62200000,
    "costAndExpenses": 176500000,
    "interestIncome": 0,
    "interestExpense": 0,
    "depreciationAndAmortization": 0,
    "ebitda": 19607000,
    "ebitdaratio": 0.0999811327,
    "operatingIncome": 19607000,
    "operatingIncomeRatio": 0.0999811327,
    "totalOtherIncomeExpensesNet": -507000,
    "incomeBeforeTax": 19100000,
    "incomeBeforeTaxRatio": 0.0973958094,
    "incomeTaxExpense": 7300000,
    "netIncome": 11800000,
    "netIncomeRatio": 0.0601712331,
    "eps": 0.0081,
    "epsdiluted": 0.0081,
    "weightedAverageShsOut": 1447942857,
    "weightedAverageShsOutDil": 1447942857,
    "link": "https://www.sec.gov/Archives/edgar/data/898173/000089817399000024/0000898173-99-000024-index.html",
    "finalLink": "https://www.sec.gov/Archives/edgar/data/898173/000089817399000024/"
  },
  {
    "date": "1999-03-31",
    "symbol": "ORLY",
    "reportedCurrency": "USD",
    "cik": "0000898173",
    "fillingDate": "1999-05-14",
    "acceptedDate": "1999-05-14 00:00:00",
    "calendarYear": "1999",
    "period": "Q1",
    "revenue": 166404000,
    "costOfRevenue": 95400000,
    "grossProfit": 71004000,
    "grossProfitRatio": 0.4266964736,
    "researchAndDevelopmentExpenses": 0,
    "generalAndAdministrativeExpenses": 0,
    "sellingAndMarketingExpenses": 0,
    "sellingGeneralAndAdministrativeExpenses": 54700000,
    "otherExpenses": 0,
    "operatingExpenses": 54700000,
    "costAndExpenses": 150100000,
    "interestIncome": 0,
    "interestExpense": 0,
    "depreciationAndAmortization": 0,
    "ebitda": 16304000,
    "ebitdaratio": 0.097978414,
    "operatingIncome": 16304000,
    "operatingIncomeRatio": 0.097978414,
    "totalOtherIncomeExpensesNet": -2404000,
    "incomeBeforeTax": 13900000,
    "incomeBeforeTaxRatio": 0.0835316459,
    "incomeTaxExpense": 5300000,
    "netIncome": 8600000,
    "netIncomeRatio": 0.05168145,
    "eps": 0.0061,
    "epsdiluted": 0.0061,
    "weightedAverageShsOut": 1413028571,
    "weightedAverageShsOutDil": 1413028571,
    "link": "https://www.sec.gov/Archives/edgar/data/898173/000089817399000013/0000898173-99-000013-index.html",
    "finalLink": "https://www.sec.gov/Archives/edgar/data/898173/"
  },
  {
    "date": "1998-12-31",
    "symbol": "ORLY",
    "reportedCurrency": "USD",
    "cik": "0000898173",
    "fillingDate": "1999-03-25",
    "acceptedDate": "1999-03-25 00:00:00",
    "calendarYear": "1998",
    "period": "Q4",
    "revenue": 160000000,
    "costOfRevenue": 76100000,
    "grossProfit": 83900000,
    "grossProfitRatio": 0.524375,
    "researchAndDevelopmentExpenses": 0,
    "generalAndAdministrativeExpenses": 0,
    "sellingAndMarketingExpenses": 0,
    "sellingGeneralAndAdministrativeExpenses": 54800000,
    "otherExpenses": 12200000,
    "operatingExpenses": 67000000,
    "costAndExpenses": 143100000,
    "interestIncome": 0,
    "interestExpense": 0,
    "depreciationAndAmortization": 0,
    "ebitda": 16900000,
    "ebitdaratio": 0.105625,
    "operatingIncome": 16900000,
    "operatingIncomeRatio": 0.105625,
    "totalOtherIncomeExpensesNet": -2200000,
    "incomeBeforeTax": 14700000,
    "incomeBeforeTaxRatio": 0.091875,
    "incomeTaxExpense": 5800000,
    "netIncome": 8900000,
    "netIncomeRatio": 0.055625,
    "eps": 0.0063,
    "epsdiluted": 0.0063,
    "weightedAverageShsOut": 1413028571,
    "weightedAverageShsOutDil": 1413028571,
    "link": "https://www.sec.gov/Archives/edgar/data/898173/000095017299000309/0000950172-99-000309-index.html",
    "finalLink": "https://www.sec.gov/Archives/edgar/data/898173/"
  },
  {
    "date": "1998-09-30",
    "symbol": "ORLY",
    "reportedCurrency": "USD",
    "cik": "0000898173",
    "fillingDate": "1998-11-16",
    "acceptedDate": "1998-11-16 00:00:00",
    "calendarYear": "1998",
    "period": "Q3",
    "revenue": 172800000,
    "costOfRevenue": 103400000,
    "grossProfit": 69400000,
    "grossProfitRatio": 0.4016203704,
    "researchAndDevelopmentExpenses": 0,
    "generalAndAdministrativeExpenses": 0,
    "sellingAndMarketingExpenses": 0,
    "sellingGeneralAndAdministrativeExpenses": 53900000,
    "otherExpenses": 0,
    "operatingExpenses": 53900000,
    "costAndExpenses": 157300000,
    "interestIncome": 0,
    "interestExpense": 0,
    "depreciationAndAmortization": 0,
    "ebitda": 15500000,
    "ebitdaratio": 0.0896990741,
    "operatingIncome": 15500000,
    "operatingIncomeRatio": 0.0896990741,
    "totalOtherIncomeExpensesNet": -2000000,
    "incomeBeforeTax": 13500000,
    "incomeBeforeTaxRatio": 0.078125,
    "incomeTaxExpense": 5100000,
    "netIncome": 8400000,
    "netIncomeRatio": 0.0486111111,
    "eps": 0.0069,
    "epsdiluted": 0.0069,
    "weightedAverageShsOut": 1216400000,
    "weightedAverageShsOutDil": 1216400000,
    "link": "https://www.sec.gov/Archives/edgar/data/898173/000089817398000023/0000898173-98-000023-index.html",
    "finalLink": "https://www.sec.gov/Archives/edgar/data/898173/"
  },
  {
    "date": "1998-06-30",
    "symbol": "ORLY",
    "reportedCurrency": "USD",
    "cik": "0000898173",
    "fillingDate": "1998-08-14",
    "acceptedDate": "1998-08-14 00:00:00",
    "calendarYear": "1998",
    "period": "Q2",
    "revenue": 165200000,
    "costOfRevenue": 99000000,
    "grossProfit": 66200000,
    "grossProfitRatio": 0.4007263923,
    "researchAndDevelopmentExpenses": 0,
    "generalAndAdministrativeExpenses": 0,
    "sellingAndMarketingExpenses": 0,
    "sellingGeneralAndAdministrativeExpenses": 52500000,
    "otherExpenses": 0,
    "operatingExpenses": 52500000,
    "costAndExpenses": 151500000,
    "interestIncome": 0,
    "interestExpense": 0,
    "depreciationAndAmortization": 0,
    "ebitda": 13700000,
    "ebitdaratio": 0.0829297821,
    "operatingIncome": 13700000,
    "operatingIncomeRatio": 0.0829297821,
    "totalOtherIncomeExpensesNet": -1300000,
    "incomeBeforeTax": 12400000,
    "incomeBeforeTaxRatio": 0.0750605327,
    "incomeTaxExpense": 4700000,
    "netIncome": 7700000,
    "netIncomeRatio": 0.0466101695,
    "eps": 0.0063,
    "epsdiluted": 0.0063,
    "weightedAverageShsOut": 1214285714,
    "weightedAverageShsOutDil": 1214285714,
    "link": "https://www.sec.gov/Archives/edgar/data/898173/000089817398000019/0000898173-98-000019-index.html",
    "finalLink": "https://www.sec.gov/Archives/edgar/data/898173/"
  },
  {
    "date": "1998-03-31",
    "symbol": "ORLY",
    "reportedCurrency": "USD",
    "cik": "0000898173",
    "fillingDate": "1998-05-15",
    "acceptedDate": "1998-05-15 00:00:00",
    "calendarYear": "1998",
    "period": "Q1",
    "revenue": 118300000,
    "costOfRevenue": 67600000,
    "grossProfit": 50700000,
    "grossProfitRatio": 0.4285714286,
    "researchAndDevelopmentExpenses": 0,
    "generalAndAdministrativeExpenses": 0,
    "sellingAndMarketingExpenses": 0,
    "sellingGeneralAndAdministrativeExpenses": 40100000,
    "otherExpenses": 0,
    "operatingExpenses": 40100000,
    "costAndExpenses": 107700000,
    "interestIncome": 0,
    "interestExpense": 0,
    "depreciationAndAmortization": 0,
    "ebitda": 10600000,
    "ebitdaratio": 0.089602705,
    "operatingIncome": 10600000,
    "operatingIncomeRatio": 0.089602705,
    "totalOtherIncomeExpensesNet": -1200000,
    "incomeBeforeTax": 9400000,
    "incomeBeforeTaxRatio": 0.0794590025,
    "incomeTaxExpense": 3600000,
    "netIncome": 5800000,
    "netIncomeRatio": 0.0490278952,
    "eps": 0.0048,
    "epsdiluted": 0.0048,
    "weightedAverageShsOut": 1211371429,
    "weightedAverageShsOutDil": 1211371429,
    "link": "https://www.sec.gov/Archives/edgar/data/898173/000089817398000009/0000898173-98-000009-index.html",
    "finalLink": "https://www.sec.gov/Archives/edgar/data/898173/"
  },
  {
    "date": "1997-12-31",
    "symbol": "ORLY",
    "reportedCurrency": "USD",
    "cik": "0000898173",
    "fillingDate": "1998-03-31",
    "acceptedDate": "1998-03-31 00:00:00",
    "calendarYear": "1997",
    "period": "Q4",
    "revenue": 78000000,
    "costOfRevenue": 35500000,
    "grossProfit": 42500000,
    "grossProfitRatio": 0.5448717949,
    "researchAndDevelopmentExpenses": 0,
    "generalAndAdministrativeExpenses": 0,
    "sellingAndMarketingExpenses": 0,
    "sellingGeneralAndAdministrativeExpenses": 25000000,
    "otherExpenses": 8300000,
    "operatingExpenses": 33300000,
    "costAndExpenses": 68800000,
    "interestIncome": 0,
    "interestExpense": 0,
    "depreciationAndAmortization": 0,
    "ebitda": 9200000,
    "ebitdaratio": 0.1179487179,
    "operatingIncome": 9200000,
    "operatingIncomeRatio": 0.1179487179,
    "totalOtherIncomeExpensesNet": 100000,
    "incomeBeforeTax": 9300000,
    "incomeBeforeTaxRatio": 0.1192307692,
    "incomeTaxExpense": 3900000,
    "netIncome": 5400000,
    "netIncomeRatio": 0.0692307692,
    "eps": 0.0045,
    "epsdiluted": 0.0045,
    "weightedAverageShsOut": 1207142857,
    "weightedAverageShsOutDil": 1211371429,
    "link": "https://www.sec.gov/Archives/edgar/data/898173/000089817398000005/0000898173-98-000005-index.html",
    "finalLink": "https://www.sec.gov/Archives/edgar/data/898173/"
  },
  {
    "date": "1997-09-30",
    "symbol": "ORLY",
    "reportedCurrency": "USD",
    "cik": "0000898173",
    "fillingDate": "1997-11-14",
    "acceptedDate": "1997-11-14 00:00:00",
    "calendarYear": "1997",
    "period": "Q3",
    "revenue": 87500000,
    "costOfRevenue": 51000000,
    "grossProfit": 36500000,
    "grossProfitRatio": 0.4171428571,
    "researchAndDevelopmentExpenses": 0,
    "generalAndAdministrativeExpenses": 0,
    "sellingAndMarketingExpenses": 0,
    "sellingGeneralAndAdministrativeExpenses": 26100000,
    "otherExpenses": 0,
    "operatingExpenses": 26100000,
    "costAndExpenses": 77100000,
    "interestIncome": 0,
    "interestExpense": 0,
    "depreciationAndAmortization": 0,
    "ebitda": 10400000,
    "ebitdaratio": 0.1188571429,
    "operatingIncome": 10400000,
    "operatingIncomeRatio": 0.1188571429,
    "totalOtherIncomeExpensesNet": 100000,
    "incomeBeforeTax": 10500000,
    "incomeBeforeTaxRatio": 0.12,
    "incomeTaxExpense": 3900000,
    "netIncome": 6600000,
    "netIncomeRatio": 0.0754285714,
    "eps": 0.0055,
    "epsdiluted": 0.0055,
    "weightedAverageShsOut": 1205600000,
    "weightedAverageShsOutDil": 1205600000,
    "link": "https://www.sec.gov/Archives/edgar/data/898173/000089817397000007/0000898173-97-000007-index.html",
    "finalLink": "https://www.sec.gov/Archives/edgar/data/898173/"
  },
  {
    "date": "1997-06-30",
    "symbol": "ORLY",
    "reportedCurrency": "USD",
    "cik": "0000898173",
    "fillingDate": "1997-08-14",
    "acceptedDate": "1997-08-14 00:00:00",
    "calendarYear": "1997",
    "period": "Q2",
    "revenue": 82400000,
    "costOfRevenue": 47700000,
    "grossProfit": 34700000,
    "grossProfitRatio": 0.4211165049,
    "researchAndDevelopmentExpenses": 0,
    "generalAndAdministrativeExpenses": 0,
    "sellingAndMarketingExpenses": 0,
    "sellingGeneralAndAdministrativeExpenses": 25200000,
    "otherExpenses": 0,
    "operatingExpenses": 25200000,
    "costAndExpenses": 72900000,
    "interestIncome": 0,
    "interestExpense": 0,
    "depreciationAndAmortization": 0,
    "ebitda": 9500000,
    "ebitdaratio": 0.1152912621,
    "operatingIncome": 9500000,
    "operatingIncomeRatio": 0.1152912621,
    "totalOtherIncomeExpensesNet": 200000,
    "incomeBeforeTax": 9700000,
    "incomeBeforeTaxRatio": 0.1177184466,
    "incomeTaxExpense": 3600000,
    "netIncome": 6100000,
    "netIncomeRatio": 0.0740291262,
    "eps": 0.0051,
    "epsdiluted": 0.0051,
    "weightedAverageShsOut": 1203428571,
    "weightedAverageShsOutDil": 1203428571,
    "link": "https://www.sec.gov/Archives/edgar/data/898173/000089817397000005/0000898173-97-000005-index.html",
    "finalLink": "https://www.sec.gov/Archives/edgar/data/898173/"
  },
  {
    "date": "1997-03-31",
    "symbol": "ORLY",
    "reportedCurrency": "USD",
    "cik": "0000898173",
    "fillingDate": "1997-05-14",
    "acceptedDate": "1997-05-14 00:00:00",
    "calendarYear": "1997",
    "period": "Q1",
    "revenue": 68500000,
    "costOfRevenue": 39300000,
    "grossProfit": 29200000,
    "grossProfitRatio": 0.4262773723,
    "researchAndDevelopmentExpenses": 0,
    "generalAndAdministrativeExpenses": 0,
    "sellingAndMarketingExpenses": 0,
    "sellingGeneralAndAdministrativeExpenses": 21300000,
    "otherExpenses": 0,
    "operatingExpenses": 21300000,
    "costAndExpenses": 60600000,
    "interestIncome": 0,
    "interestExpense": 0,
    "depreciationAndAmortization": 0,
    "ebitda": 7900000,
    "ebitdaratio": 0.1153284672,
    "operatingIncome": 7900000,
    "operatingIncomeRatio": 0.1153284672,
    "totalOtherIncomeExpensesNet": 100000,
    "incomeBeforeTax": 8000000,
    "incomeBeforeTaxRatio": 0.1167883212,
    "incomeTaxExpense": 3000000,
    "netIncome": 5000000,
    "netIncomeRatio": 0.0729927007,
    "eps": 0.0042,
    "epsdiluted": 0.0042,
    "weightedAverageShsOut": 1200228571,
    "weightedAverageShsOutDil": 1200228571,
    "link": "https://www.sec.gov/Archives/edgar/data/898173/000089817397000003/0000898173-97-000003-index.html",
    "finalLink": "https://www.sec.gov/Archives/edgar/data/898173/"
  },
  {
    "date": "1996-12-31",
    "symbol": "ORLY",
    "reportedCurrency": "USD",
    "cik": "0000898173",
    "fillingDate": "1997-03-31",
    "acceptedDate": "1997-03-31 00:00:00",
    "calendarYear": "1996",
    "period": "Q4",
    "revenue": 64700000,
    "costOfRevenue": 30000000,
    "grossProfit": 34700000,
    "grossProfitRatio": 0.5363214838,
    "researchAndDevelopmentExpenses": 0,
    "generalAndAdministrativeExpenses": 0,
    "sellingAndMarketingExpenses": 0,
    "sellingGeneralAndAdministrativeExpenses": 21900000,
    "otherExpenses": 6100000,
    "operatingExpenses": 28000000,
    "costAndExpenses": 58000000,
    "interestIncome": 0,
    "interestExpense": 0,
    "depreciationAndAmortization": 0,
    "ebitda": 6700000,
    "ebitdaratio": 0.1035548686,
    "operatingIncome": 6700000,
    "operatingIncomeRatio": 0.1035548686,
    "totalOtherIncomeExpensesNet": 400000,
    "incomeBeforeTax": 7100000,
    "incomeBeforeTaxRatio": 0.1097372488,
    "incomeTaxExpense": 2600000,
    "netIncome": 4500000,
    "netIncomeRatio": 0.0695517774,
    "eps": 0.0038,
    "epsdiluted": 0.0037,
    "weightedAverageShsOut": 1196457143,
    "weightedAverageShsOutDil": 1200228571,
    "link": "https://www.sec.gov/Archives/edgar/data/898173/000095013197002239/0000950131-97-002239-index.html",
    "finalLink": "https://www.sec.gov/Archives/edgar/data/898173/"
  },
  {
    "date": "1996-09-30",
    "symbol": "ORLY",
    "reportedCurrency": "USD",
    "cik": "0000898173",
    "fillingDate": "1996-11-14",
    "acceptedDate": "1996-11-14 00:00:00",
    "calendarYear": "1996",
    "period": "Q3",
    "revenue": 70400000,
    "costOfRevenue": 41200000,
    "grossProfit": 29200000,
    "grossProfitRatio": 0.4147727273,
    "researchAndDevelopmentExpenses": 0,
    "generalAndAdministrativeExpenses": 0,
    "sellingAndMarketingExpenses": 0,
    "sellingGeneralAndAdministrativeExpenses": 21000000,
    "otherExpenses": 0,
    "operatingExpenses": 21000000,
    "costAndExpenses": 62200000,
    "interestIncome": 0,
    "interestExpense": 0,
    "depreciationAndAmortization": 0,
    "ebitda": 8200000,
    "ebitdaratio": 0.1164772727,
    "operatingIncome": 8200000,
    "operatingIncomeRatio": 0.1164772727,
    "totalOtherIncomeExpensesNet": 300000,
    "incomeBeforeTax": 8500000,
    "incomeBeforeTaxRatio": 0.1207386364,
    "incomeTaxExpense": 3100000,
    "netIncome": 5400000,
    "netIncomeRatio": 0.0767045455,
    "eps": 0.0045,
    "epsdiluted": 0.0045,
    "weightedAverageShsOut": 1194742857,
    "weightedAverageShsOutDil": 1194742857,
    "link": "https://www.sec.gov/Archives/edgar/data/898173/000095013196005855/0000950131-96-005855-index.html",
    "finalLink": "https://www.sec.gov/Archives/edgar/data/898173/"
  },
  {
    "date": "1996-06-30",
    "symbol": "ORLY",
    "reportedCurrency": "USD",
    "cik": "0000898173",
    "fillingDate": "1996-08-13",
    "acceptedDate": "1996-08-13 00:00:00",
    "calendarYear": "1996",
    "period": "Q2",
    "revenue": 68800000,
    "costOfRevenue": 40600000,
    "grossProfit": 28200000,
    "grossProfitRatio": 0.4098837209,
    "researchAndDevelopmentExpenses": 0,
    "generalAndAdministrativeExpenses": 0,
    "sellingAndMarketingExpenses": 0,
    "sellingGeneralAndAdministrativeExpenses": 20500000,
    "otherExpenses": 0,
    "operatingExpenses": 20500000,
    "costAndExpenses": 61100000,
    "interestIncome": 0,
    "interestExpense": 0,
    "depreciationAndAmortization": 0,
    "ebitda": 7700000,
    "ebitdaratio": 0.1119186047,
    "operatingIncome": 7700000,
    "operatingIncomeRatio": 0.1119186047,
    "totalOtherIncomeExpensesNet": 200000,
    "incomeBeforeTax": 7900000,
    "incomeBeforeTaxRatio": 0.1148255814,
    "incomeTaxExpense": 3000000,
    "netIncome": 4900000,
    "netIncomeRatio": 0.0712209302,
    "eps": 0.0041,
    "epsdiluted": 0.0041,
    "weightedAverageShsOut": 1193714286,
    "weightedAverageShsOutDil": 1193714286,
    "link": "https://www.sec.gov/Archives/edgar/data/898173/000095013196003871/0000950131-96-003871-index.html",
    "finalLink": "https://www.sec.gov/Archives/edgar/data/898173/"
  },
  {
    "date": "1996-03-31",
    "symbol": "ORLY",
    "reportedCurrency": "USD",
    "cik": "0000898173",
    "fillingDate": "1996-05-14",
    "acceptedDate": "1996-05-14 00:00:00",
    "calendarYear": "1996",
    "period": "Q1",
    "revenue": 55300000,
    "costOfRevenue": 32900000,
    "grossProfit": 22400000,
    "grossProfitRatio": 0.4050632911,
    "researchAndDevelopmentExpenses": 0,
    "generalAndAdministrativeExpenses": 0,
    "sellingAndMarketingExpenses": 0,
    "sellingGeneralAndAdministrativeExpenses": 16300000,
    "otherExpenses": 0,
    "operatingExpenses": 16300000,
    "costAndExpenses": 49200000,
    "interestIncome": 0,
    "interestExpense": 0,
    "depreciationAndAmortization": 0,
    "ebitda": 6100000,
    "ebitdaratio": 0.1103074141,
    "operatingIncome": 6100000,
    "operatingIncomeRatio": 0.1103074141,
    "totalOtherIncomeExpensesNet": 400000,
    "incomeBeforeTax": 6500000,
    "incomeBeforeTaxRatio": 0.1175406872,
    "incomeTaxExpense": 2400000,
    "netIncome": 4100000,
    "netIncomeRatio": 0.0741410488,
    "eps": 0.0034,
    "epsdiluted": 0.0034,
    "weightedAverageShsOut": 1191771429,
    "weightedAverageShsOutDil": 1191771429,
    "link": "https://www.sec.gov/Archives/edgar/data/898173/000095013196002196/0000950131-96-002196-index.html",
    "finalLink": "https://www.sec.gov/Archives/edgar/data/898173/"
  },
  {
    "date": "1995-12-31",
    "symbol": "ORLY",
    "reportedCurrency": "USD",
    "cik": "0000898173",
    "fillingDate": "1995-12-31",
    "acceptedDate": "1995-12-31 00:00:00",
    "calendarYear": "1995",
    "period": "Q4",
    "revenue": 50900000,
    "costOfRevenue": 26900000,
    "grossProfit": 24000000,
    "grossProfitRatio": 0.4715127701,
    "researchAndDevelopmentExpenses": 0,
    "generalAndAdministrativeExpenses": 0,
    "sellingAndMarketingExpenses": 0,
    "sellingGeneralAndAdministrativeExpenses": 17600000,
    "otherExpenses": 1100000,
    "operatingExpenses": 18700000,
    "costAndExpenses": 45600000,
    "interestIncome": 0,
    "interestExpense": 0,
    "depreciationAndAmortization": 1100000,
    "ebitda": 6400000,
    "ebitdaratio": 0.1257367387,
    "operatingIncome": 5300000,
    "operatingIncomeRatio": 0.1041257367,
    "totalOtherIncomeExpensesNet": 200000,
    "incomeBeforeTax": 5500000,
    "incomeBeforeTaxRatio": 0.1080550098,
    "incomeTaxExpense": 1900000,
    "netIncome": 3600000,
    "netIncomeRatio": 0.0707269155,
    "eps": 0.0036,
    "epsdiluted": 0.0036,
    "weightedAverageShsOut": 1000228571,
    "weightedAverageShsOutDil": 1000228571,
    "link": null,
    "finalLink": null
  },
  {
    "date": "1995-09-30",
    "symbol": "ORLY",
    "reportedCurrency": "USD",
    "cik": "0000898173",
    "fillingDate": "1995-09-30",
    "acceptedDate": "1995-09-30 00:00:00",
    "calendarYear": "1995",
    "period": "Q3",
    "revenue": 57200000,
    "costOfRevenue": 33500000,
    "grossProfit": 23700000,
    "grossProfitRatio": 0.4143356643,
    "researchAndDevelopmentExpenses": 0,
    "generalAndAdministrativeExpenses": 0,
    "sellingAndMarketingExpenses": 0,
    "sellingGeneralAndAdministrativeExpenses": 17000000,
    "otherExpenses": 0,
    "operatingExpenses": 17000000,
    "costAndExpenses": 50500000,
    "interestIncome": 0,
    "interestExpense": 0,
    "depreciationAndAmortization": 0,
    "ebitda": 6700000,
    "ebitdaratio": 0.1171328671,
    "operatingIncome": 6700000,
    "operatingIncomeRatio": 0.1171328671,
    "totalOtherIncomeExpensesNet": -100000,
    "incomeBeforeTax": 6600000,
    "incomeBeforeTaxRatio": 0.1153846154,
    "incomeTaxExpense": 2500000,
    "netIncome": 4100000,
    "netIncomeRatio": 0.0716783217,
    "eps": 0.0041,
    "epsdiluted": 0.0041,
    "weightedAverageShsOut": 1000228571,
    "weightedAverageShsOutDil": 1000228571,
    "link": null,
    "finalLink": null
  }
]