[
  {
    "date": "2024-12-31",
    "symbol": "ORLY",
    "reportedCurrency": "USD",
    "cik": "0000898173",
    "fillingDate": "2025-02-28",
    "acceptedDate": "2025-02-28 16:27:19",
    "calendarYear": "2024",
    "period": "FY",
    "revenue": 16708479000,
    "costOfRevenue": 8153990000,
    "grossProfit": 8554489000,
    "grossProfitRatio": 0.511984903,
    "researchAndDevelopmentExpenses": 0,
    "generalAndAdministrativeExpenses": 0,
    "sellingAndMarketingExpenses": 0,
    "sellingGeneralAndAdministrativeExpenses": 5303332000,
    "otherExpenses": 0,
    "operatingExpenses": 5303332000,
    "costAndExpenses": 13456822000,
    "interestIncome": 7295000,
    "interestExpense": 222548000,
    "depreciationAndAmortization": 461892000,
    "ebitda": 3729504000,
    "ebitdaratio": 0.2232102635,
    "operatingIncome": 3251657000,
    "operatingIncomeRatio": 0.1946111911,
    "totalOtherIncomeExpensesNet": -206593000,
    "incomeBeforeTax": 3045064000,
    "incomeBeforeTaxRatio": 0.1822466306,
    "incomeTaxExpense": 658384000,
    "netIncome": 2386680000,
    "netIncomeRatio": 0.1428424454,
    "eps": 2.73,
    "epsdiluted": 2.71,
    "weightedAverageShsOut": 875080624,
    "weightedAverageShsOutDil": 838642857,
    "link": "https://www.sec.gov/Archives/edgar/data/898173/000089817325000008/0000898173-25-000008-index.htm",
    "finalLink": "https://www.sec.gov/Archives/edgar/data/898173/000089817325000008/orly-20241231x10k.htm"
  },
  {
    "date": "2023-12-31",
    "symbol": "ORLY",
    "reportedCurrency": "USD",
    "cik": "0000898173",
    "fillingDate": "2024-02-07",
    "acceptedDate": "2024-02-07 16:30:52",
    "calendarYear": "2023",
    "period": "FY",
    "revenue": 15812250000,
    "costOfRevenue": 7707447000,
    "grossProfit": 8104803000,
    "grossProfitRatio": 0.5125648153,
    "researchAndDevelopmentExpenses": 0,
    "generalAndAdministrativeExpenses": 0,
    "sellingAndMarketingExpenses": 0,
    "sellingGeneralAndAdministrativeExpenses": 4918427000,
    "otherExpenses": 0,
    "operatingExpenses": 4918427000,
    "costAndExpenses": 12623674000,
    "interestIncome": 4900000,
    "interestExpense": 201668000,
    "depreciationAndAmortization": 409061000,
    "ebitda": 3615479000,
    "ebitdaratio": 0.2286505083,
    "operatingIncome": 3188576000,
    "operatingIncomeRatio": 0.2016522633,
    "totalOtherIncomeExpensesNet": -183826000,
    "incomeBeforeTax": 3004750000,
    "incomeBeforeTaxRatio": 0.1900267198,
    "incomeTaxExpense": 658169000,
    "netIncome": 2346581000,
    "netIncomeRatio": 0.1484027257,
    "eps": 2.5868,
    "epsdiluted": 2.69,
    "weightedAverageShsOut": 907120464,
    "weightedAverageShsOutDil": 871400000,
    "link": "https://www.sec.gov/Archives/edgar/data/898173/000089817324000009/0000898173-24-000009-index.htm",
    "finalLink": "https://www.sec.gov/Archives/edgar/data/898173/000089817324000009/orly-20231231x10k.htm"
  },
  {
    "date": "2022-12-31",
    "symbol": "ORLY",
    "reportedCurrency": "USD",
    "cik": "0000898173",
    "fillingDate": "2023-02-28",
    "acceptedDate": "2023-02-28 16:31:13",
    "calendarYear": "2022",
    "period": "FY",
    "revenue": 14409860000,
    "costOfRevenue": 7028154000,
    "grossProfit": 7381706000,
    "grossProfitRatio": 0.5122677111,
    "researchAndDevelopmentExpenses": 0,
    "generalAndAdministrativeExpenses": 0,
    "sellingAndMarketingExpenses": 0,
    "sellingGeneralAndAdministrativeExpenses": 4427215000,
    "otherExpenses": 0,
    "operatingExpenses": 4427215000,
    "costAndExpenses": 11447769000,
    "interestIncome": 4763000,
    "interestExpense": 157720000,
    "depreciationAndAmortization": 357933000,
    "ebitda": 3314308000,
    "ebitdaratio": 0.2300027898,
    "operatingIncome": 2962091000,
    "operatingIncomeRatio": 0.2055600124,
    "totalOtherIncomeExpensesNet": -163436000,
    "incomeBeforeTax": 2798655000,
    "incomeBeforeTaxRatio": 0.1942180562,
    "incomeTaxExpense": 626005000,
    "netIncome": 2172650000,
    "netIncomeRatio": 0.1507752331,
    "eps": 2.2501,
    "epsdiluted": 2.34,
    "weightedAverageShsOut": 965575172,
    "weightedAverageShsOutDil": 928028571,
    "link": "https://www.sec.gov/Archives/edgar/data/898173/000089817323000011/0000898173-23-000011-index.htm",
    "finalLink": "https://www.sec.gov/Archives/edgar/data/898173/000089817323000011/orly-20221231x10k.htm"
  },
  {
    "date": "2021-12-31",
    "symbol": "ORLY",
    "reportedCurrency": "USD",
    "cik": "0000898173",
    "fillingDate": "2022-02-28",
    "acceptedDate": "2022-02-28 16:36:38",
    "calendarYear": "2021",
    "period": "FY",
    "revenue": 13327563000,
    "costOfRevenue": 6307614000,
    "grossProfit": 7019949000,
    "grossProfitRatio": 0.526724128,
    "researchAndDevelopmentExpenses": 0,
    "generalAndAdministrativeExpenses": 0,
    "sellingAndMarketingExpenses": 0,
    "sellingGeneralAndAdministrativeExpenses": 4102781000,
    "otherExpenses": 0,
    "operatingExpenses": 4102781000,
    "costAndExpenses": 10397795000,
    "interestIncome": 1971000,
    "interestExpense": 144768000,
    "depreciationAndAmortization": 328217000,
    "ebitda": 3254899000,
    "ebitdaratio": 0.2442231187,
    "operatingIncome": 2929768000,
    "operatingIncomeRatio": 0.2198277359,
    "totalOtherIncomeExpensesNet": -147854000,
    "incomeBeforeTax": 2781914000,
    "incomeBeforeTaxRatio": 0.2087338848,
    "incomeTaxExpense": 617229000,
    "netIncome": 2164685000,
    "netIncomeRatio": 0.162421667,
    "eps": 2.0925,
    "epsdiluted": 2.18,
    "weightedAverageShsOut": 1034499827,
    "weightedAverageShsOutDil": 994442857,
    "link": "https://www.sec.gov/Archives/edgar/data/898173/000089817322000012/0000898173-22-000012-index.htm",
    "finalLink": "https://www.sec.gov/Archives/edgar/data/898173/000089817322000012/orly-20211231x10k.htm"
  },
  {
    "date": "2020-12-31",
    "symbol": "ORLY",
    "reportedCurrency": "USD",
    "cik": "0000898173",
    "fillingDate": "2021-02-26",
    "acceptedDate": "2021-02-26 16:38:17",
    "calendarYear": "2020",
    "period": "FY",
    "revenue": 11604493000,
    "costOfRevenue": 5518801000,
    "grossProfit": 6085692000,
    "grossProfitRatio": 0.5244254962,
    "researchAndDevelopmentExpenses": 0,
    "generalAndAdministrativeExpenses": 0,
    "sellingAndMarketingExpenses": 0,
    "sellingGeneralAndAdministrativeExpenses": 3666356000,
    "otherExpenses": 0,
    "operatingExpenses": 3666356000,
    "costAndExpenses": 9181757000,
    "interestIncome": 2491000,
    "interestExpense": 161126000,
    "depreciationAndAmortization": 314635000,
    "ebitda": 2742166000,
    "ebitdaratio": 0.2363020944,
    "operatingIncome": 2422736000,
    "operatingIncomeRatio": 0.2087756871,
    "totalOtherIncomeExpensesNet": -156331000,
    "incomeBeforeTax": 2266405000,
    "incomeBeforeTaxRatio": 0.1953040947,
    "incomeTaxExpense": 514103000,
    "netIncome": 1752302000,
    "netIncomeRatio": 0.15100203,
    "eps": 1.5826,
    "epsdiluted": 1.65,
    "weightedAverageShsOut": 1107249463,
    "weightedAverageShsOutDil": 1063742857,
    "link": "https://www.sec.gov/Archives/edgar/data/898173/000089817321000012/0000898173-21-000012-index.htm",
    "finalLink": "https://www.sec.gov/Archives/edgar/data/898173/000089817321000012/orly-20201231x10k.htm"
  },
  {
    "date": "2019-12-31",
    "symbol": "ORLY",
    "reportedCurrency": "USD",
    "cik": "0000898173",
    "fillingDate": "2020-02-28",
    "acceptedDate": "2020-02-28 16:30:28",
    "calendarYear": "2019",
    "period": "FY",
    "revenue": 10149985000,
    "costOfRevenue": 4755294000,
    "grossProfit": 5394691000,
    "grossProfitRatio": 0.5314974357,
    "researchAndDevelopmentExpenses": 0,
    "generalAndAdministrativeExpenses": 0,
    "sellingAndMarketingExpenses": 0,
    "sellingGeneralAndAdministrativeExpenses": 3473965000,
    "otherExpenses": 0,
    "operatingExpenses": 3473965000,
    "costAndExpenses": 8227359000,
    "interestIncome": 2545000,
    "interestExpense": 139975000,
    "depreciationAndAmortization": 270875000,
    "ebitda": 2201179000,
    "ebitdaratio": 0.2168652466,
    "operatingIncome": 1922626000,
    "operatingIncomeRatio": 0.1894215607,
    "totalOtherIncomeExpensesNet": -132297000,
    "incomeBeforeTax": 1790329000,
    "incomeBeforeTaxRatio": 0.1763873543,
    "incomeTaxExpense": 399287000,
    "netIncome": 1391042000,
    "netIncomeRatio": 0.1370486754,
    "eps": 1.2046,
    "epsdiluted": 1.25,
    "weightedAverageShsOut": 1154769226,
    "weightedAverageShsOutDil": 1111257143,
    "link": "https://www.sec.gov/Archives/edgar/data/898173/000089817320000007/0000898173-20-000007-index.htm",
    "finalLink": "https://www.sec.gov/Archives/edgar/data/898173/000089817320000007/orly-20191231x10k.htm"
  },
  {
    "date": "2018-12-31",
    "symbol": "ORLY",
    "reportedCurrency": "USD",
    "cik": "0000898173",
    "fillingDate": "2019-02-27",
    "acceptedDate": "2019-02-27 16:33:18",
    "calendarYear": "2018",
    "period": "FY",
    "revenue": 9536428000,
    "costOfRevenue": 4496462000,
    "grossProfit": 5039966000,
    "grossProfitRatio": 0.5284962042,
    "researchAndDevelopmentExpenses": 0,
    "generalAndAdministrativeExpenses": 0,
    "sellingAndMarketingExpenses": 0,
    "sellingGeneralAndAdministrativeExpenses": 3224782000,
    "otherExpenses": 0,
    "operatingExpenses": 3224782000,
    "costAndExpenses": 7721244000,
    "interestIncome": 2521000,
    "interestExpense": 122129000,
    "depreciationAndAmortization": 258937000,
    "ebitda": 2075153000,
    "ebitdaratio": 0.2176027544,
    "operatingIncome": 1815184000,
    "operatingIncomeRatio": 0.1903421281,
    "totalOtherIncomeExpensesNet": -121097000,
    "incomeBeforeTax": 1694087000,
    "incomeBeforeTaxRatio": 0.1776437677,
    "incomeTaxExpense": 369600000,
    "netIncome": 1324487000,
    "netIncomeRatio": 0.1388871179,
    "eps": 1.0847,
    "epsdiluted": 1.13,
    "weightedAverageShsOut": 1221083894,
    "weightedAverageShsOutDil": 1175428571,
    "link": "https://www.sec.gov/Archives/edgar/data/898173/000089817319000060/0000898173-19-000060-index.htm",
    "finalLink": "https://www.sec.gov/Archives/edgar/data/898173/000089817319000060/orly-20181231x10xk.htm"
  },
  {
    "date": "2017-12-31",
    "symbol": "ORLY",
    "reportedCurrency": "USD",
    "cik": "0000898173",
    "fillingDate": "2018-02-28",
    "acceptedDate": "2018-02-28 16:32:56",
    "calendarYear": "2017",
    "period": "FY",
    "revenue": 8977726000,
    "costOfRevenue": 4257043000,
    "grossProfit": 4720683000,
    "grossProfitRatio": 0.5258216836,
    "researchAndDevelopmentExpenses": 0,
    "generalAndAdministrativeExpenses": 0,
    "sellingAndMarketingExpenses": 0,
    "sellingGeneralAndAdministrativeExpenses": 2995283000,
    "otherExpenses": 0,
    "operatingExpenses": 2995283000,
    "costAndExpenses": 7252326000,
    "interestIncome": 2347000,
    "interestExpense": 91349000,
    "depreciationAndAmortization": 233845000,
    "ebitda": 1962998000,
    "ebitdaratio": 0.2186520284,
    "operatingIncome": 1725400000,
    "operatingIncomeRatio": 0.192186752,
    "totalOtherIncomeExpensesNet": -87596000,
    "incomeBeforeTax": 1637804000,
    "incomeBeforeTaxRatio": 0.1824297155,
    "incomeTaxExpense": 504000000,
    "netIncome": 1133804000,
    "netIncomeRatio": 0.1262907779,
    "eps": 0.8547,
    "epsdiluted": 0.89,
    "weightedAverageShsOut": 1326383368,
    "weightedAverageShsOutDil": 1278600000,
    "link": "https://www.sec.gov/Archives/edgar/data/898173/000089817318000077/0000898173-18-000077-index.htm",
    "finalLink": "https://www.sec.gov/Archives/edgar/data/898173/000089817318000077/orly-20171231x10xk.htm"
  },
  {
    "date": "2016-12-31",
    "symbol": "ORLY",
    "reportedCurrency": "USD",
    "cik": "0000898173",
    "fillingDate": "2017-02-28",
    "acceptedDate": "2017-02-28 16:32:37",
    "calendarYear": "2016",
    "period": "FY",
    "revenue": 8593096000,
    "costOfRevenue": 4084085000,
    "grossProfit": 4509011000,
    "grossProfitRatio": 0.5247248489,
    "researchAndDevelopmentExpenses": 0,
    "generalAndAdministrativeExpenses": 0,
    "sellingAndMarketingExpenses": 0,
    "sellingGeneralAndAdministrativeExpenses": 2809805000,
    "otherExpenses": 0,
    "operatingExpenses": 2809805000,
    "costAndExpenses": 6893890000,
    "interestIncome": 4224000,
    "interestExpense": 70931000,
    "depreciationAndAmortization": 217866000,
    "ebitda": 1925988000,
    "ebitdaratio": 0.2241320241,
    "operatingIncome": 1699206000,
    "operatingIncomeRatio": 0.1977408375,
    "totalOtherIncomeExpensesNet": -62015000,
    "incomeBeforeTax": 1637191000,
    "incomeBeforeTaxRatio": 0.1905239974,
    "incomeTaxExpense": 599500000,
    "netIncome": 1037691000,
    "netIncomeRatio": 0.1207586881,
    "eps": 0.7247,
    "epsdiluted": 0.75,
    "weightedAverageShsOut": 1431697841,
    "weightedAverageShsOutDil": 1381714286,
    "link": "https://www.sec.gov/Archives/edgar/data/898173/000089817317000091/0000898173-17-000091-index.htm",
    "finalLink": "https://www.sec.gov/Archives/edgar/data/898173/000089817317000091/orly-20161231x10xk.htm"
  },
  {
    "date": "2015-12-31",
    "symbol": "ORLY",
    "reportedCurrency": "USD",
    "cik": "0000898173",
    "fillingDate": "2016-02-26",
    "acceptedDate": "2016-02-26 13:14:39",
    "calendarYear": "2015",
    "period": "FY",
    "revenue": 7966674000,
    "costOfRevenue": 3804031000,
    "grossProfit": 4162643000,
    "grossProfitRatio": 0.5225070086,
    "researchAndDevelopmentExpenses": 0,
    "generalAndAdministrativeExpenses": 0,
    "sellingAndMarketingExpenses": 0,
    "sellingGeneralAndAdministrativeExpenses": 2648622000,
    "otherExpenses": 0,
    "operatingExpenses": 2648622000,
    "costAndExpenses": 6433653000,
    "interestIncome": 2340000,
    "interestExpense": 57129000,
    "depreciationAndAmortization": 210256000,
    "ebitda": 1727751000,
    "ebitdaratio": 0.2168723108,
    "operatingIncome": 1533021000,
    "operatingIncomeRatio": 0.1924292371,
    "totalOtherIncomeExpensesNet": -72655000,
    "incomeBeforeTax": 1460366000,
    "incomeBeforeTaxRatio": 0.183309371,
    "incomeTaxExpense": 529150000,
    "netIncome": 931216000,
    "netIncomeRatio": 0.1168889301,
    "eps": 0.6213,
    "epsdiluted": 0.64,
    "weightedAverageShsOut": 1499467502,
    "weightedAverageShsOutDil": 1450200000,
    "link": "https://www.sec.gov/Archives/edgar/data/898173/000089817316000276/0000898173-16-000276-index.htm",
    "finalLink": "https://www.sec.gov/Archives/edgar/data/898173/000089817316000276/orly-20151231x10xk.htm"
  },
  {
    "date": "2014-12-31",
    "symbol": "ORLY",
    "reportedCurrency": "USD",
    "cik": "0000898173",
    "fillingDate": "2015-02-27",
    "acceptedDate": "2015-02-27 15:28:23",
    "calendarYear": "2014",
    "period": "FY",
    "revenue": 7216081000,
    "costOfRevenue": 3507180000,
    "grossProfit": 3708901000,
    "grossProfitRatio": 0.5139771851,
    "researchAndDevelopmentExpenses": 0,
    "generalAndAdministrativeExpenses": 0,
    "sellingAndMarketingExpenses": 0,
    "sellingGeneralAndAdministrativeExpenses": 2438527000,
    "otherExpenses": 0,
    "operatingExpenses": 2438527000,
    "costAndExpenses": 5945707000,
    "interestIncome": 2301000,
    "interestExpense": 53290000,
    "depreciationAndAmortization": 194205000,
    "ebitda": 1469677000,
    "ebitdaratio": 0.2036669211,
    "operatingIncome": 1270374000,
    "operatingIncomeRatio": 0.1760476358,
    "totalOtherIncomeExpensesNet": -48192000,
    "incomeBeforeTax": 1222182000,
    "incomeBeforeTaxRatio": 0.1693692186,
    "incomeTaxExpense": 444000000,
    "netIncome": 778182000,
    "netIncomeRatio": 0.1078399757,
    "eps": 0.4973,
    "epsdiluted": 0.51,
    "weightedAverageShsOut": 1563922180,
    "weightedAverageShsOutDil": 1514871429,
    "link": "https://www.sec.gov/Archives/edgar/data/898173/000089817315000076/0000898173-15-000076-index.htm",
    "finalLink": "https://www.sec.gov/Archives/edgar/data/898173/000089817315000076/orly-20141231x10xk.htm"
  },
  {
    "date": "2013-12-31",
    "symbol": "ORLY",
    "reportedCurrency": "USD",
    "cik": "0000898173",
    "fillingDate": "2014-02-28",
    "acceptedDate": "2014-02-28 13:02:01",
    "calendarYear": "2013",
    "period": "FY",
    "revenue": 6649237000,
    "costOfRevenue": 3280236000,
    "grossProfit": 3369001000,
    "grossProfitRatio": 0.506674826,
    "researchAndDevelopmentExpenses": 0,
    "generalAndAdministrativeExpenses": 0,
    "sellingAndMarketingExpenses": 0,
    "sellingGeneralAndAdministrativeExpenses": 2265516000,
    "otherExpenses": 0,
    "operatingExpenses": 2265516000,
    "costAndExpenses": 5545752000,
    "interestIncome": 1992000,
    "interestExpense": 49074000,
    "depreciationAndAmortization": 183180000,
    "ebitda": 1291196000,
    "ebitdaratio": 0.1941870924,
    "operatingIncome": 1103485000,
    "operatingIncomeRatio": 0.1659566353,
    "totalOtherIncomeExpensesNet": -44543000,
    "incomeBeforeTax": 1058942000,
    "incomeBeforeTaxRatio": 0.1592576712,
    "incomeTaxExpense": 388650000,
    "netIncome": 670292000,
    "netIncomeRatio": 0.1008073558,
    "eps": 0.4093,
    "epsdiluted": 0.42,
    "weightedAverageShsOut": 1638651806,
    "weightedAverageShsOutDil": 1587157143,
    "link": "https://www.sec.gov/Archives/edgar/data/898173/000089817314000064/0000898173-14-000064-index.htm",
    "finalLink": "https://www.sec.gov/Archives/edgar/data/898173/000089817314000064/orly-20131231x10k.htm"
  },
  {
    "date": "2012-12-31",
    "symbol": "ORLY",
    "reportedCurrency": "USD",
    "cik": "0000898173",
    "fillingDate": "2013-02-28",
    "acceptedDate": "2013-02-28 17:04:29",
    "calendarYear": "2012",
    "period": "FY",
    "revenue": 6182184000,
    "costOfRevenue": 3084766000,
    "grossProfit": 3097418000,
    "grossProfitRatio": 0.501023263,
    "researchAndDevelopmentExpenses": 0,
    "generalAndAdministrativeExpenses": 0,
    "sellingAndMarketingExpenses": 0,
    "sellingGeneralAndAdministrativeExpenses": 2120025000,
    "otherExpenses": 0,
    "operatingExpenses": 2120025000,
    "costAndExpenses": 5204791000,
    "interestIncome": 2441000,
    "interestExpense": 40200000,
    "depreciationAndAmortization": 177106000,
    "ebitda": 1158827000,
    "ebitdaratio": 0.1874462164,
    "operatingIncome": 977393000,
    "operatingIncomeRatio": 0.1580983355,
    "totalOtherIncomeExpensesNet": -35872000,
    "incomeBeforeTax": 941521000,
    "incomeBeforeTaxRatio": 0.1522958553,
    "incomeTaxExpense": 355775000,
    "netIncome": 585746000,
    "netIncomeRatio": 0.0947474226,
    "eps": 0.322,
    "epsdiluted": 0.33,
    "weightedAverageShsOut": 1817720911,
    "weightedAverageShsOutDil": 1761628571,
    "link": "https://www.sec.gov/Archives/edgar/data/898173/000089817313000006/0000898173-13-000006-index.htm",
    "finalLink": "https://www.sec.gov/Archives/edgar/data/898173/000089817313000006/orly-20121231x10k.htm"
  },
  {
    "date": "2011-12-31",
    "symbol": "ORLY",
    "reportedCurrency": "USD",
    "cik": "0000898173",
    "fillingDate": "2012-02-28",
    "acceptedDate": "2012-02-28 16:33:21",
    "calendarYear": "2011",
    "period": "FY",
    "revenue": 5788816000,
    "costOfRevenue": 2951467000,
    "grossProfit": 2837349000,
    "grossProfitRatio": 0.4901432348,
    "researchAndDevelopmentExpenses": 0,
    "generalAndAdministrativeExpenses": 0,
    "sellingAndMarketingExpenses": 0,
    "sellingGeneralAndAdministrativeExpenses": 1973381000,
    "otherExpenses": -2798000,
    "operatingExpenses": 1970583000,
    "costAndExpenses": 4924848000,
    "interestIncome": 2245000,
    "interestExpense": 28165000,
    "depreciationAndAmortization": 165880000,
    "ebitda": 1009818000,
    "ebitdaratio": 0.1744429258,
    "operatingIncome": 863968000,
    "operatingIncomeRatio": 0.1492477909,
    "totalOtherIncomeExpensesNet": -48195000,
    "incomeBeforeTax": 815773000,
    "incomeBeforeTaxRatio": 0.1409222542,
    "incomeTaxExpense": 308100000,
    "netIncome": 507673000,
    "netIncomeRatio": 0.0876989353,
    "eps": 0.2513,
    "epsdiluted": 0.26,
    "weightedAverageShsOut": 2019994899,
    "weightedAverageShsOutDil": 1956900000,
    "link": "https://www.sec.gov/Archives/edgar/data/898173/000119312512085384/0001193125-12-085384-index.htm",
    "finalLink": "https://www.sec.gov/Archives/edgar/data/898173/000119312512085384/d307773d10k.htm"
  },
  {
    "date": "2010-12-31",
    "symbol": "ORLY",
    "reportedCurrency": "USD",
    "cik": "0000898173",
    "fillingDate": "2011-02-28",
    "acceptedDate": "2011-02-28 16:31:09",
    "calendarYear": "2010",
    "period": "FY",
    "revenue": 5397525000,
    "costOfRevenue": 2776533000,
    "grossProfit": 2620992000,
    "grossProfitRatio": 0.4855914516,
    "researchAndDevelopmentExpenses": 0,
    "generalAndAdministrativeExpenses": 0,
    "sellingAndMarketingExpenses": 0,
    "sellingGeneralAndAdministrativeExpenses": 1887316000,
    "otherExpenses": 20900000,
    "operatingExpenses": 1908216000,
    "costAndExpenses": 4663849000,
    "interestIncome": 1941000,
    "interestExpense": 39273000,
    "depreciationAndAmortization": 168230000,
    "ebitda": 890088000,
    "ebitdaratio": 0.1649066933,
    "operatingIncome": 733676000,
    "operatingIncomeRatio": 0.1359282264,
    "totalOtherIncomeExpensesNet": -44303000,
    "incomeBeforeTax": 689373000,
    "incomeBeforeTaxRatio": 0.1277202051,
    "incomeTaxExpense": 270000000,
    "netIncome": 419373000,
    "netIncomeRatio": 0.0776972779,
    "eps": 0.2013,
    "epsdiluted": 0.21,
    "weightedAverageShsOut": 2079799600,
    "weightedAverageShsOutDil": 2028457143,
    "link": "https://www.sec.gov/Archives/edgar/data/898173/000119312511049998/0001193125-11-049998-index.htm",
    "finalLink": "https://www.sec.gov/Archives/edgar/data/898173/000119312511049998/d10k.htm"
  },
  {
    "date": "2009-12-31",
    "symbol": "ORLY",
    "reportedCurrency": "USD",
    "cik": "0000898173",
    "fillingDate": "2010-02-26",
    "acceptedDate": "2010-02-26 16:37:34",
    "calendarYear": "2009",
    "period": "FY",
    "revenue": 4847062000,
    "costOfRevenue": 2520534000,
    "grossProfit": 2326528000,
    "grossProfitRatio": 0.4799872583,
    "researchAndDevelopmentExpenses": 0,
    "generalAndAdministrativeExpenses": 0,
    "sellingAndMarketingExpenses": 0,
    "sellingGeneralAndAdministrativeExpenses": 1788909000,
    "otherExpenses": 0,
    "operatingExpenses": 1788909000,
    "costAndExpenses": 4309443000,
    "interestIncome": 1543000,
    "interestExpense": 45176000,
    "depreciationAndAmortization": 157009000,
    "ebitda": 690253000,
    "ebitdaratio": 0.1424064722,
    "operatingIncome": 537619000,
    "operatingIncomeRatio": 0.1109164686,
    "totalOtherIncomeExpensesNet": -40721000,
    "incomeBeforeTax": 496898000,
    "incomeBeforeTaxRatio": 0.1025152969,
    "incomeTaxExpense": 189400000,
    "netIncome": 307498000,
    "netIncomeRatio": 0.0634400798,
    "eps": 0.1507,
    "epsdiluted": 0.16,
    "weightedAverageShsOut": 2043439782,
    "weightedAverageShsOutDil": 1969742857,
    "link": "https://www.sec.gov/Archives/edgar/data/898173/000119312510043016/0001193125-10-043016-index.htm",
    "finalLink": "https://www.sec.gov/Archives/edgar/data/898173/000119312510043016/d10k.htm"
  },
  {
    "date": "2008-12-31",
    "symbol": "ORLY",
    "reportedCurrency": "USD",
    "cik": "0000898173",
    "fillingDate": "2009-03-02",
    "acceptedDate": "2009-02-27 20:47:48",
    "calendarYear": "2008",
    "period": "FY",
    "revenue": 3576553000,
    "costOfRevenue": 1948627000,
    "grossProfit": 1627926000,
    "grossProfitRatio": 0.4551661893,
    "researchAndDevelopmentExpenses": 0,
    "generalAndAdministrativeExpenses": 0,
    "sellingAndMarketingExpenses": 0,
    "sellingGeneralAndAdministrativeExpenses": 1292309000,
    "otherExpenses": 0,
    "operatingExpenses": 1292309000,
    "costAndExpenses": 3231336000,
    "interestIncome": 3185000,
    "interestExpense": 26138000,
    "depreciationAndAmortization": 116545000,
    "ebitda": 441668000,
    "ebitdaratio": 0.1234898518,
    "operatingIncome": 345217000,
    "operatingIncomeRatio": 0.096522266,
    "totalOtherIncomeExpensesNet": -42685000,
    "incomeBeforeTax": 302532000,
    "incomeBeforeTaxRatio": 0.0845875903,
    "incomeTaxExpense": 116300000,
    "netIncome": 186232000,
    "netIncomeRatio": 0.0520702475,
    "eps": 0.1,
    "epsdiluted": 0.1,
    "weightedAverageShsOut": 1867880660,
    "weightedAverageShsOutDil": 1791614286,
    "link": "https://www.sec.gov/Archives/edgar/data/898173/000119312509041373/0001193125-09-041373-index.htm",
    "finalLink": "https://www.sec.gov/Archives/edgar/data/898173/000119312509041373/d10k.htm"
  },
  {
    "date": "2007-12-31",
    "symbol": "ORLY",
    "reportedCurrency": "USD",
    "cik": "0000898173",
    "fillingDate": "2008-03-03",
    "acceptedDate": "2008-02-29 17:50:02",
    "calendarYear": "2007",
    "period": "FY",
    "revenue": 2522319000,
    "costOfRevenue": 1401859000,
    "grossProfit": 1120460000,
    "grossProfitRatio": 0.4442181976,
    "researchAndDevelopmentExpenses": 0,
    "generalAndAdministrativeExpenses": 0,
    "sellingAndMarketingExpenses": 0,
    "sellingGeneralAndAdministrativeExpenses": 815309000,
    "otherExpenses": 0,
    "operatingExpenses": 815309000,
    "costAndExpenses": 2217168000,
    "interestIncome": 0,
    "interestExpense": 0,
    "depreciationAndAmortization": 78943000,
    "ebitda": 384094000,
    "ebitdaratio": 0.1522781218,
    "operatingIncome": 305151000,
    "operatingIncomeRatio": 0.120980336,
    "totalOtherIncomeExpensesNet": 2337000,
    "incomeBeforeTax": 307488000,
    "incomeBeforeTaxRatio": 0.1219068643,
    "incomeTaxExpense": 113500000,
    "netIncome": 193988000,
    "netIncomeRatio": 0.0769085909,
    "eps": 0.1127,
    "epsdiluted": 0.12,
    "weightedAverageShsOut": 1719996399,
    "weightedAverageShsOutDil": 1658285714,
    "link": "https://www.sec.gov/Archives/edgar/data/898173/000089817308000015/0000898173-08-000015-index.htm",
    "finalLink": "https://www.sec.gov/Archives/edgar/data/898173/000089817308000015/form10k2007.htm"
  },
  {
    "date": "2006-12-31",
    "symbol": "ORLY",
    "reportedCurrency": "USD",
    "cik": "0000898173",
    "fillingDate": "2007-03-01",
    "acceptedDate": "2007-03-01 14:33:00",
    "calendarYear": "2006",
    "period": "FY",
    "revenue": 2283222000,
    "costOfRevenue": 1276511000,
    "grossProfit": 1006711000,
    "grossProfitRatio": 0.4409168272,
    "researchAndDevelopmentExpenses": 0,
    "generalAndAdministrativeExpenses": 0,
    "sellingAndMarketingExpenses": 0,
    "sellingGeneralAndAdministrativeExpenses": 724396000,
    "otherExpenses": 0,
    "operatingExpenses": 724396000,
    "costAndExpenses": 2000907000,
    "interestIncome": 0,
    "interestExpense": 0,
    "depreciationAndAmortization": 64938000,
    "ebitda": 347253000,
    "ebitdaratio": 0.1520890216,
    "operatingIncome": 282315000,
    "operatingIncomeRatio": 0.1236476348,
    "totalOtherIncomeExpensesNet": -50000,
    "incomeBeforeTax": 282265000,
    "incomeBeforeTaxRatio": 0.1236257359,
    "incomeTaxExpense": 104180000,
    "netIncome": 178085000,
    "netIncomeRatio": 0.0779972337,
    "eps": 0.1047,
    "epsdiluted": 0.11,
    "weightedAverageShsOut": 1698786506,
    "weightedAverageShsOutDil": 1644557143,
    "link": "https://www.sec.gov/Archives/edgar/data/898173/000089817307000024/0000898173-07-000024-index.htm",
    "finalLink": "https://www.sec.gov/Archives/edgar/data/898173/000089817307000024/form10k2006.htm"
  },
  {
    "date": "2005-12-31",
    "symbol": "ORLY",
    "reportedCurrency": "USD",
    "cik": "0000898173",
    "fillingDate": "2006-03-15",
    "acceptedDate": "2006-03-15 11:11:30",
    "calendarYear": "2005",
    "period": "FY",
    "revenue": 2045318000,
    "costOfRevenue": 1152815000,
    "grossProfit": 892503000,
    "grossProfitRatio": 0.4363639297,
    "researchAndDevelopmentExpenses": 0,
    "generalAndAdministrativeExpenses": 0,
    "sellingAndMarketingExpenses": 0,
    "sellingGeneralAndAdministrativeExpenses": 639979000,
    "otherExpenses": 0,
    "operatingExpenses": 639979000,
    "costAndExpenses": 1792794000,
    "interestIncome": 1582000,
    "interestExpense": 5062000,
    "depreciationAndAmortization": 57228000,
    "ebitda": 309752000,
    "ebitdaratio": 0.1514444209,
    "operatingIncome": 252524000,
    "operatingIncomeRatio": 0.1234644197,
    "totalOtherIncomeExpensesNet": -1455000,
    "incomeBeforeTax": 251069000,
    "incomeBeforeTaxRatio": 0.1227530389,
    "incomeTaxExpense": 86803000,
    "netIncome": 164266000,
    "netIncomeRatio": 0.0803131836,
    "eps": 0.098,
    "epsdiluted": 0.1,
    "weightedAverageShsOut": 1674186629,
    "weightedAverageShsOutDil": 1619785714,
    "link": "https://www.sec.gov/Archives/edgar/data/898173/000089817306000027/0000898173-06-000027-index.htm",
    "finalLink": "https://www.sec.gov/Archives/edgar/data/898173/000089817306000027/form105k2005.htm"
  },
  {
    "date": "2004-12-31",
    "symbol": "ORLY",
    "reportedCurrency": "USD",
    "cik": "0000898173",
    "fillingDate": "2005-03-15",
    "acceptedDate": "2005-03-15 16:19:46",
    "calendarYear": "2004",
    "period": "FY",
    "revenue": 1721241000,
    "costOfRevenue": 978076000,
    "grossProfit": 743165000,
    "grossProfitRatio": 0.4317611537,
    "researchAndDevelopmentExpenses": 0,
    "generalAndAdministrativeExpenses": 0,
    "sellingAndMarketingExpenses": 0,
    "sellingGeneralAndAdministrativeExpenses": 552707000,
    "otherExpenses": 0,
    "operatingExpenses": 552707000,
    "costAndExpenses": 1530783000,
    "interestIncome": 901000,
    "interestExpense": 4700000,
    "depreciationAndAmortization": 54325000,
    "ebitda": 246762000,
    "ebitdaratio": 0.1433628411,
    "operatingIncome": 190458000,
    "operatingIncomeRatio": 0.110651559,
    "totalOtherIncomeExpensesNet": -2721000,
    "incomeBeforeTax": 187737000,
    "incomeBeforeTaxRatio": 0.1090707228,
    "incomeTaxExpense": 70063000,
    "netIncome": 139566000,
    "netIncomeRatio": 0.0810845198,
    "eps": 1.07,
    "epsdiluted": 0.0877,
    "weightedAverageShsOut": 110020000,
    "weightedAverageShsOutDil": 1591757143,
    "link": "https://www.sec.gov/Archives/edgar/data/898173/000089817305000019/0000898173-05-000019-index.htm",
    "finalLink": "https://www.sec.gov/Archives/edgar/data/898173/000089817305000019/form10k2004.txt"
  },
  {
    "date": "2003-12-31",
    "symbol": "ORLY",
    "reportedCurrency": "USD",
    "cik": "0000898173",
    "fillingDate": "2004-03-15",
    "acceptedDate": "2004-03-12 18:45:40",
    "calendarYear": "2003",
    "period": "FY",
    "revenue": 1511816000,
    "costOfRevenue": 873481000,
    "grossProfit": 638335000,
    "grossProfitRatio": 0.4222306154,
    "researchAndDevelopmentExpenses": 0,
    "generalAndAdministrativeExpenses": 0,
    "sellingAndMarketingExpenses": 0,
    "sellingGeneralAndAdministrativeExpenses": 473060000,
    "otherExpenses": 0,
    "operatingExpenses": 473060000,
    "costAndExpenses": 1346541000,
    "interestIncome": 298000,
    "interestExpense": 6864000,
    "depreciationAndAmortization": 42374000,
    "ebitda": 209280000,
    "ebitdaratio": 0.1384295443,
    "operatingIncome": 165275000,
    "operatingIncomeRatio": 0.1093221662,
    "totalOtherIncomeExpensesNet": -5233000,
    "incomeBeforeTax": 160042000,
    "incomeBeforeTaxRatio": 0.1058607661,
    "incomeTaxExpense": 59955000,
    "netIncome": 100087000,
    "netIncomeRatio": 0.0662031623,
    "eps": 0.065,
    "epsdiluted": 0.0642,
    "weightedAverageShsOut": 1540228571,
    "weightedAverageShsOutDil": 1558000000,
    "link": "https://www.sec.gov/Archives/edgar/data/898173/000089817304000027/0000898173-04-000027-index.htm",
    "finalLink": "https://www.sec.gov/Archives/edgar/data/898173/000089817304000027/form10k2003.txt"
  },
  {
    "date": "2002-12-31",
    "symbol": "ORLY",
    "reportedCurrency": "USD",
    "cik": "0000898173",
    "fillingDate": "2003-03-27",
    "acceptedDate": "2003-03-27 17:16:39",
    "calendarYear": "2002",
    "period": "FY",
    "revenue": 1312490000,
    "costOfRevenue": 759090000,
    "grossProfit": 553400000,
    "grossProfitRatio": 0.4216413077,
    "researchAndDevelopmentExpenses": 0,
    "generalAndAdministrativeExpenses": 0,
    "sellingAndMarketingExpenses": 0,
    "sellingGeneralAndAdministrativeExpenses": 415099000,
    "otherExpenses": 0,
    "operatingExpenses": 415099000,
    "costAndExpenses": 1174189000,
    "interestIncome": 0,
    "interestExpense": 0,
    "depreciationAndAmortization": 36907000,
    "ebitda": 175208000,
    "ebitdaratio": 0.1334928266,
    "operatingIncome": 138301000,
    "operatingIncomeRatio": 0.1053729933,
    "totalOtherIncomeExpensesNet": -7319000,
    "incomeBeforeTax": 130982000,
    "incomeBeforeTaxRatio": 0.0997965699,
    "incomeTaxExpense": 48990000,
    "netIncome": 81992000,
    "netIncomeRatio": 0.0624705712,
    "eps": 0.054,
    "epsdiluted": 0.0534,
    "weightedAverageShsOut": 1517542857,
    "weightedAverageShsOutDil": 1534057143,
    "link": "https://www.sec.gov/Archives/edgar/data/898173/000089817303000017/0000898173-03-000017-index.htm",
    "finalLink": "https://www.sec.gov/Archives/edgar/data/898173/000089817303000017/oreilly10k2002.txt"
  },
  {
    "date": "2001-12-31",
    "symbol": "ORLY",
    "reportedCurrency": "USD",
    "cik": "0000898173",
    "fillingDate": "2002-03-29",
    "acceptedDate": "2002-03-29 00:00:00",
    "calendarYear": "2001",
    "period": "FY",
    "revenue": 1092112000,
    "costOfRevenue": 624294000,
    "grossProfit": 467818000,
    "grossProfitRatio": 0.4283608275,
    "researchAndDevelopmentExpenses": 0,
    "generalAndAdministrativeExpenses": 0,
    "sellingAndMarketingExpenses": 0,
    "sellingGeneralAndAdministrativeExpenses": 353987000,
    "otherExpenses": 0,
    "operatingExpenses": 353987000,
    "costAndExpenses": 978281000,
    "interestIncome": 0,
    "interestExpense": 0,
    "depreciationAndAmortization": 30544000,
    "ebitda": 144375000,
    "ebitdaratio": 0.1321979797,
    "operatingIncome": 113831000,
    "operatingIncomeRatio": 0.1042301522,
    "totalOtherIncomeExpensesNet": -7104000,
    "incomeBeforeTax": 106727000,
    "incomeBeforeTaxRatio": 0.0977253249,
    "incomeTaxExpense": 40375000,
    "netIncome": 66352000,
    "netIncomeRatio": 0.0607556734,
    "eps": 0.0446,
    "epsdiluted": 0.044,
    "weightedAverageShsOut": 1489171429,
    "weightedAverageShsOutDil": 1508171429,
    "link": "https://www.sec.gov/Archives/edgar/data/898173/000089817302000023/0000898173-02-000023-index.htm",
    "finalLink": "https://www.sec.gov/Archives/edgar/data/898173/000089817302000023/oreilly200110k.txt"
  },
  {
    "date": "2000-12-31",
    "symbol": "ORLY",
    "reportedCurrency": "USD",
    "cik": "0000898173",
    "fillingDate": "2001-03-30",
    "acceptedDate": "2001-03-30 00:00:00",
    "calendarYear": "2000",
    "period": "FY",
    "revenue": 890421000,
    "costOfRevenue": 482908000,
    "grossProfit": 407513000,
    "grossProfitRatio": 0.4576632851,
    "researchAndDevelopmentExpenses": 0,
    "generalAndAdministrativeExpenses": 0,
    "sellingAndMarketingExpenses": 0,
    "sellingGeneralAndAdministrativeExpenses": 292672000,
    "otherExpenses": 24812000,
    "operatingExpenses": 317484000,
    "costAndExpenses": 800392000,
    "interestIncome": 0,
    "interestExpense": 0,
    "depreciationAndAmortization": 24812000,
    "ebitda": 114841000,
    "ebitdaratio": 0.1289738225,
    "operatingIncome": 90029000,
    "operatingIncomeRatio": 0.1011083521,
    "totalOtherIncomeExpensesNet": -6870000,
    "incomeBeforeTax": 83159000,
    "incomeBeforeTaxRatio": 0.0933929007,
    "incomeTaxExpense": 31451000,
    "netIncome": 51708000,
    "netIncomeRatio": 0.0580714067,
    "eps": 0.0354,
    "epsdiluted": 0.035,
    "weightedAverageShsOut": 1461942857,
    "weightedAverageShsOutDil": 1477942857,
    "link": "https://www.sec.gov/Archives/edgar/data/898173/000089817301000023/0000898173-01-000023-index.htm",
    "finalLink": "https://www.sec.gov/Archives/edgar/data/898173/000089817301000023/0000898173-01-000023-0001.txt"
  },
  {
    "date": "1999-12-31",
    "symbol": "ORLY",
    "reportedCurrency": "USD",
    "cik": "0000898173",
    "fillingDate": "2000-03-30",
    "acceptedDate": "2000-03-30 00:00:00",
    "calendarYear": "1999",
    "period": "FY",
    "revenue": 754100000,
    "costOfRevenue": 410900000,
    "grossProfit": 343200000,
    "grossProfitRatio": 0.4551120541,
    "researchAndDevelopmentExpenses": 0,
    "generalAndAdministrativeExpenses": 0,
    "sellingAndMarketingExpenses": 0,
    "sellingGeneralAndAdministrativeExpenses": 248400000,
    "otherExpenses": 17900000,
    "operatingExpenses": 266300000,
    "costAndExpenses": 677200000,
    "interestIncome": 0,
    "interestExpense": 0,
    "depreciationAndAmortization": 17900000,
    "ebitda": 94800000,
    "ebitdaratio": 0.1257127702,
    "operatingIncome": 76900000,
    "operatingIncomeRatio": 0.1019758653,
    "totalOtherIncomeExpensesNet": -3900000,
    "incomeBeforeTax": 73000000,
    "incomeBeforeTaxRatio": 0.0968041374,
    "incomeTaxExpense": 27400000,
    "netIncome": 45600000,
    "netIncomeRatio": 0.0604694338,
    "eps": 0.0328,
    "epsdiluted": 0.0321,
    "weightedAverageShsOut": 1390685714,
    "weightedAverageShsOutDil": 1420428571,
    "link": "https://www.sec.gov/Archives/edgar/data/898173/000089817300000026/0000898173-00-000026-index.html",
    "finalLink": "https://www.sec.gov/Archives/edgar/data/898173/000089817300000026/"
  },
  {
    "date": "1998-12-31",
    "symbol": "ORLY",
    "reportedCurrency": "USD",
    "cik": "0000898173",
    "fillingDate": "1999-03-25",
    "acceptedDate": "1999-03-25 00:00:00",
    "calendarYear": "1998",
    "period": "FY",
    "revenue": 616300000,
    "costOfRevenue": 346200000,
    "grossProfit": 270100000,
    "grossProfitRatio": 0.4382605874,
    "researchAndDevelopmentExpenses": 0,
    "generalAndAdministrativeExpenses": 0,
    "sellingAndMarketingExpenses": 0,
    "sellingGeneralAndAdministrativeExpenses": 201000000,
    "otherExpenses": 12200000,
    "operatingExpenses": 213200000,
    "costAndExpenses": 559400000,
    "interestIncome": 0,
    "interestExpense": 0,
    "depreciationAndAmortization": 12200000,
    "ebitda": 69100000,
    "ebitdaratio": 0.1121207204,
    "operatingIncome": 56900000,
    "operatingIncomeRatio": 0.0923251663,
    "totalOtherIncomeExpensesNet": -6900000,
    "incomeBeforeTax": 50000000,
    "incomeBeforeTaxRatio": 0.0811293201,
    "incomeTaxExpense": 19200000,
    "netIncome": 30800000,
    "netIncomeRatio": 0.0499756612,
    "eps": 0.0234,
    "epsdiluted": 0.0234,
    "weightedAverageShsOut": 1314714286,
    "weightedAverageShsOutDil": 1314714286,
    "link": "https://www.sec.gov/Archives/edgar/data/898173/000095017299000309/0000950172-99-000309-index.html",
    "finalLink": "https://www.sec.gov/Archives/edgar/data/898173/"
  },
  {
    "date": "1997-12-31",
    "symbol": "ORLY",
    "reportedCurrency": "USD",
    "cik": "0000898173",
    "fillingDate": "1998-03-31",
    "acceptedDate": "1998-03-31 00:00:00",
    "calendarYear": "1997",
    "period": "FY",
    "revenue": 316400000,
    "costOfRevenue": 173500000,
    "grossProfit": 142900000,
    "grossProfitRatio": 0.4516434893,
    "researchAndDevelopmentExpenses": 0,
    "generalAndAdministrativeExpenses": 0,
    "sellingAndMarketingExpenses": 0,
    "sellingGeneralAndAdministrativeExpenses": 97500000,
    "otherExpenses": 8300000,
    "operatingExpenses": 105800000,
    "costAndExpenses": 279300000,
    "interestIncome": 0,
    "interestExpense": 0,
    "depreciationAndAmortization": 8300000,
    "ebitda": 45400000,
    "ebitdaratio": 0.1434892541,
    "operatingIncome": 37100000,
    "operatingIncomeRatio": 0.1172566372,
    "totalOtherIncomeExpensesNet": 400000,
    "incomeBeforeTax": 37500000,
    "incomeBeforeTaxRatio": 0.1185208597,
    "incomeTaxExpense": 14400000,
    "netIncome": 23100000,
    "netIncomeRatio": 0.0730088496,
    "eps": 0.0192,
    "epsdiluted": 0.019,
    "weightedAverageShsOut": 1202457143,
    "weightedAverageShsOutDil": 1215828571,
    "link": "https://www.sec.gov/Archives/edgar/data/898173/000089817398000005/0000898173-98-000005-index.html",
    "finalLink": "https://www.sec.gov/Archives/edgar/data/898173/"
  },
  {
    "date": "1996-12-31",
    "symbol": "ORLY",
    "reportedCurrency": "USD",
    "cik": "0000898173",
    "fillingDate": "1997-03-31",
    "acceptedDate": "1997-03-31 00:00:00",
    "calendarYear": "1996",
    "period": "FY",
    "revenue": 259200000,
    "costOfRevenue": 144700000,
    "grossProfit": 114500000,
    "grossProfitRatio": 0.4417438272,
    "researchAndDevelopmentExpenses": 0,
    "generalAndAdministrativeExpenses": 0,
    "sellingAndMarketingExpenses": 0,
    "sellingGeneralAndAdministrativeExpenses": 79600000,
    "otherExpenses": 6100000,
    "operatingExpenses": 85700000,
    "costAndExpenses": 230400000,
    "interestIncome": 0,
    "interestExpense": 0,
    "depreciationAndAmortization": 6100000,
    "ebitda": 34900000,
    "ebitdaratio": 0.1346450617,
    "operatingIncome": 28800000,
    "operatingIncomeRatio": 0.1111111111,
    "totalOtherIncomeExpensesNet": 1300000,
    "incomeBeforeTax": 30100000,
    "incomeBeforeTaxRatio": 0.1161265432,
    "incomeTaxExpense": 11100000,
    "netIncome": 19000000,
    "netIncomeRatio": 0.0733024691,
    "eps": 0.0159,
    "epsdiluted": 0.0159,
    "weightedAverageShsOut": 1192228571,
    "weightedAverageShsOutDil": 1192228571,
    "link": "https://www.sec.gov/Archives/edgar/data/898173/000095013197002239/0000950131-97-002239-index.html",
    "finalLink": "https://www.sec.gov/Archives/edgar/data/898173/"
  },
  {
    "date": "1995-12-31",
    "symbol": "ORLY",
    "reportedCurrency": "USD",
    "cik": "0000898173",
    "fillingDate": "1995-12-31",
    "acceptedDate": "1995-12-31 00:00:00",
    "calendarYear": "1995",
    "period": "FY",
    "revenue": 201500000,
    "costOfRevenue": 112800000,
    "grossProfit": 88700000,
    "grossProfitRatio": 0.4401985112,
    "researchAndDevelopmentExpenses": 0,
    "generalAndAdministrativeExpenses": 0,
    "sellingAndMarketingExpenses": 0,
    "sellingGeneralAndAdministrativeExpenses": 62700000,
    "otherExpenses": 4000000,
    "operatingExpenses": 66700000,
    "costAndExpenses": 179500000,
    "interestIncome": 0,
    "interestExpense": 0,
    "depreciationAndAmortization": 4000000,
    "ebitda": 26000000,
    "ebitdaratio": 0.1290322581,
    "operatingIncome": 22000000,
    "operatingIncomeRatio": 0.1091811414,
    "totalOtherIncomeExpensesNet": 300000,
    "incomeBeforeTax": 22300000,
    "incomeBeforeTaxRatio": 0.1106699752,
    "incomeTaxExpense": 8200000,
    "netIncome": 14100000,
    "netIncomeRatio": 0.0699751861,
    "eps": 0.0119,
    "epsdiluted": 0.0119,
    "weightedAverageShsOut": 1184228571,
    "weightedAverageShsOutDil": 1184228571,
    "link": null,
    "finalLink": null
  },
  {
    "date": "1994-12-31",
    "symbol": "ORLY",
    "reportedCurrency": "USD",
    "cik": "0000898173",
    "fillingDate": "1994-12-31",
    "acceptedDate": "1994-12-31 00:00:00",
    "calendarYear": "1994",
    "period": "FY",
    "revenue": 167100000,
    "costOfRevenue": 94600000,
    "grossProfit": 72500000,
    "grossProfitRatio": 0.433871933,
    "researchAndDevelopmentExpenses": 0,
    "generalAndAdministrativeExpenses": 0,
    "sellingAndMarketingExpenses": 0,
    "sellingGeneralAndAdministrativeExpenses": 52100000,
    "otherExpenses": 3200000,
    "operatingExpenses": 55300000,
    "costAndExpenses": 149900000,
    "interestIncome": 0,
    "interestExpense": 0,
    "depreciationAndAmortization": 3200000,
    "ebitda": 20400000,
    "ebitdaratio": 0.1220825853,
    "operatingIncome": 17200000,
    "operatingIncomeRatio": 0.1029323758,
    "totalOtherIncomeExpensesNet": 400000,
    "incomeBeforeTax": 17600000,
    "incomeBeforeTaxRatio": 0.105326152,
    "incomeTaxExpense": 6500000,
    "netIncome": 11100000,
    "netIncomeRatio": 0.066427289,
    "eps": 0.0112,
    "epsdiluted": 0.0112,
    "weightedAverageShsOut": 991885714,
    "weightedAverageShsOutDil": 991885714,
    "link": null,
    "finalLink": null
  },
  {
    "date": "1993-12-31",
    "symbol": "ORLY",
    "reportedCurrency": "USD",
    "cik": "0000898173",
    "fillingDate": "1993-12-31",
    "acceptedDate": "1993-12-31 00:00:00",
    "calendarYear": "1993",
    "period": "FY",
    "revenue": 137200000,
    "costOfRevenue": 79300000,
    "grossProfit": 57900000,
    "grossProfitRatio": 0.4220116618,
    "researchAndDevelopmentExpenses": 0,
    "generalAndAdministrativeExpenses": 0,
    "sellingAndMarketingExpenses": 0,
    "sellingGeneralAndAdministrativeExpenses": 42500000,
    "otherExpenses": 2800000,
    "operatingExpenses": 45300000,
    "costAndExpenses": 124600000,
    "interestIncome": 0,
    "interestExpense": 0,
    "depreciationAndAmortization": 2800000,
    "ebitda": 15400000,
    "ebitdaratio": 0.112244898,
    "operatingIncome": 12600000,
    "operatingIncomeRatio": 0.0918367347,
    "totalOtherIncomeExpensesNet": 200000,
    "incomeBeforeTax": 12800000,
    "incomeBeforeTaxRatio": 0.0932944606,
    "incomeTaxExpense": 4600000,
    "netIncome": 8200000,
    "netIncomeRatio": 0.0597667638,
    "eps": 0.0083,
    "epsdiluted": 0.0083,
    "weightedAverageShsOut": 985485714,
    "weightedAverageShsOutDil": 985485714,
    "link": null,
    "finalLink": null
  }
]