[
  {
    "date": "2025-06-30",
    "symbol": "OTIS",
    "reportedCurrency": "USD",
    "cik": "0001781335",
    "fillingDate": "2025-07-24",
    "acceptedDate": "2025-07-24 16:14:24",
    "calendarYear": "2025",
    "period": "Q2",
    "revenue": 3595000000,
    "costOfRevenue": 2501000000,
    "grossProfit": 1094000000,
    "grossProfitRatio": 0.3043115438,
    "researchAndDevelopmentExpenses": 38000000,
    "generalAndAdministrativeExpenses": 0,
    "sellingAndMarketingExpenses": 0,
    "sellingGeneralAndAdministrativeExpenses": 499000000,
    "otherExpenses": -18000000,
    "operatingExpenses": 519000000,
    "costAndExpenses": 3020000000,
    "interestIncome": 0,
    "interestExpense": 26000000,
    "depreciationAndAmortization": 44000000,
    "ebitda": 591000000,
    "ebitdaratio": 0.164394993,
    "operatingIncome": 575000000,
    "operatingIncomeRatio": 0.1599443672,
    "totalOtherIncomeExpensesNet": -54000000,
    "incomeBeforeTax": 521000000,
    "incomeBeforeTaxRatio": 0.1449235049,
    "incomeTaxExpense": 98000000,
    "netIncome": 393000000,
    "netIncomeRatio": 0.1093184979,
    "eps": 0.9982,
    "epsdiluted": 0.9929,
    "weightedAverageShsOut": 395100000,
    "weightedAverageShsOutDil": 397300000,
    "link": "https://www.sec.gov/Archives/edgar/data/1781335/000178133525000038/0001781335-25-000038-index.htm",
    "finalLink": "https://www.sec.gov/Archives/edgar/data/1781335/000178133525000038/otis-20250630.htm"
  },
  {
    "date": "2025-03-31",
    "symbol": "OTIS",
    "reportedCurrency": "USD",
    "cik": "0001781335",
    "fillingDate": "2025-04-24",
    "acceptedDate": "2025-04-24 16:12:47",
    "calendarYear": "2025",
    "period": "Q1",
    "revenue": 3350000000,
    "costOfRevenue": 2328000000,
    "grossProfit": 1022000000,
    "grossProfitRatio": 0.3050746269,
    "researchAndDevelopmentExpenses": 37000000,
    "generalAndAdministrativeExpenses": 0,
    "sellingAndMarketingExpenses": 0,
    "sellingGeneralAndAdministrativeExpenses": 445000000,
    "otherExpenses": 95000000,
    "operatingExpenses": 577000000,
    "costAndExpenses": 2905000000,
    "interestIncome": 0,
    "interestExpense": 45000000,
    "depreciationAndAmortization": 42000000,
    "ebitda": 453000000,
    "ebitdaratio": 0.1352238806,
    "operatingIncome": 445000000,
    "operatingIncomeRatio": 0.1328358209,
    "totalOtherIncomeExpensesNet": -79000000,
    "incomeBeforeTax": 366000000,
    "incomeBeforeTaxRatio": 0.1092537313,
    "incomeTaxExpense": 110000000,
    "netIncome": 243000000,
    "netIncomeRatio": 0.0725373134,
    "eps": 0.6127,
    "epsdiluted": 0.6089,
    "weightedAverageShsOut": 396600000,
    "weightedAverageShsOutDil": 399100000,
    "link": "https://www.sec.gov/Archives/edgar/data/1781335/000178133525000021/0001781335-25-000021-index.htm",
    "finalLink": "https://www.sec.gov/Archives/edgar/data/1781335/000178133525000021/otis-20250331.htm"
  },
  {
    "date": "2024-12-31",
    "symbol": "OTIS",
    "reportedCurrency": "USD",
    "cik": "0001781335",
    "fillingDate": "2025-02-04",
    "acceptedDate": "2025-02-04 16:50:42",
    "calendarYear": "2024",
    "period": "Q4",
    "revenue": 3675000000,
    "costOfRevenue": 2574000000,
    "grossProfit": 1101000000,
    "grossProfitRatio": 0.2995918367,
    "researchAndDevelopmentExpenses": 37000000,
    "generalAndAdministrativeExpenses": 0,
    "sellingAndMarketingExpenses": 0,
    "sellingGeneralAndAdministrativeExpenses": 515000000,
    "otherExpenses": -15000000,
    "operatingExpenses": 537000000,
    "costAndExpenses": 3111000000,
    "interestIncome": 0,
    "interestExpense": 48000000,
    "depreciationAndAmortization": 48000000,
    "ebitda": 579000000,
    "ebitdaratio": 0.1575510204,
    "operatingIncome": 564000000,
    "operatingIncomeRatio": 0.1534693878,
    "totalOtherIncomeExpensesNet": -81000000,
    "incomeBeforeTax": 483000000,
    "incomeBeforeTaxRatio": 0.1314285714,
    "incomeTaxExpense": 130000000,
    "netIncome": 337000000,
    "netIncomeRatio": 0.0917006803,
    "eps": 0.8452,
    "epsdiluted": 0.8398,
    "weightedAverageShsOut": 398700000,
    "weightedAverageShsOutDil": 404400000,
    "link": "https://www.sec.gov/Archives/edgar/data/1781335/000178133525000010/0001781335-25-000010-index.htm",
    "finalLink": "https://www.sec.gov/Archives/edgar/data/1781335/000178133525000010/otis-20241231.htm"
  },
  {
    "date": "2024-09-30",
    "symbol": "OTIS",
    "reportedCurrency": "USD",
    "cik": "0001781335",
    "fillingDate": "2024-10-31",
    "acceptedDate": "2024-10-31 16:13:38",
    "calendarYear": "2024",
    "period": "Q3",
    "revenue": 3548000000,
    "costOfRevenue": 2468000000,
    "grossProfit": 1080000000,
    "grossProfitRatio": 0.3043968433,
    "researchAndDevelopmentExpenses": 40000000,
    "generalAndAdministrativeExpenses": 0,
    "sellingAndMarketingExpenses": 0,
    "sellingGeneralAndAdministrativeExpenses": 449000000,
    "otherExpenses": 224000000,
    "operatingExpenses": 713000000,
    "costAndExpenses": 3181000000,
    "interestIncome": 150000000,
    "interestExpense": 0,
    "depreciationAndAmortization": 48000000,
    "ebitda": 560000000,
    "ebitdaratio": 0.1578354002,
    "operatingIncome": 367000000,
    "operatingIncomeRatio": 0.1034385569,
    "totalOtherIncomeExpensesNet": 145000000,
    "incomeBeforeTax": 512000000,
    "incomeBeforeTaxRatio": 0.1443066516,
    "incomeTaxExpense": -45000000,
    "netIncome": 540000000,
    "netIncomeRatio": 0.1521984216,
    "eps": 1.3493,
    "epsdiluted": 1.341,
    "weightedAverageShsOut": 400200000,
    "weightedAverageShsOutDil": 402700000,
    "link": "https://www.sec.gov/Archives/edgar/data/1781335/000178133524000057/0001781335-24-000057-index.htm",
    "finalLink": "https://www.sec.gov/Archives/edgar/data/1781335/000178133524000057/otis-20240930.htm"
  },
  {
    "date": "2024-06-30",
    "symbol": "OTIS",
    "reportedCurrency": "USD",
    "cik": "0001781335",
    "fillingDate": "2024-07-25",
    "acceptedDate": "2024-07-25 16:10:22",
    "calendarYear": "2024",
    "period": "Q2",
    "revenue": 3601000000,
    "costOfRevenue": 2520000000,
    "grossProfit": 1081000000,
    "grossProfitRatio": 0.3001943904,
    "researchAndDevelopmentExpenses": 39000000,
    "generalAndAdministrativeExpenses": 0,
    "sellingAndMarketingExpenses": 0,
    "sellingGeneralAndAdministrativeExpenses": 444000000,
    "otherExpenses": 24000000,
    "operatingExpenses": 507000000,
    "costAndExpenses": 3027000000,
    "interestIncome": 0,
    "interestExpense": 27000000,
    "depreciationAndAmortization": 41000000,
    "ebitda": 612000000,
    "ebitdaratio": 0.1699527909,
    "operatingIncome": 574000000,
    "operatingIncomeRatio": 0.1594001666,
    "totalOtherIncomeExpensesNet": -30000000,
    "incomeBeforeTax": 544000000,
    "incomeBeforeTaxRatio": 0.1510691475,
    "incomeTaxExpense": 94000000,
    "netIncome": 415000000,
    "netIncomeRatio": 0.1152457651,
    "eps": 1.03,
    "epsdiluted": 1.0234,
    "weightedAverageShsOut": 402900000,
    "weightedAverageShsOutDil": 405500000,
    "link": "https://www.sec.gov/Archives/edgar/data/1781335/000178133524000039/0001781335-24-000039-index.htm",
    "finalLink": "https://www.sec.gov/Archives/edgar/data/1781335/000178133524000039/otis-20240630.htm"
  },
  {
    "date": "2024-03-31",
    "symbol": "OTIS",
    "reportedCurrency": "USD",
    "cik": "0001781335",
    "fillingDate": "2024-04-25",
    "acceptedDate": "2024-04-25 16:11:43",
    "calendarYear": "2024",
    "period": "Q1",
    "revenue": 3437000000,
    "costOfRevenue": 2408000000,
    "grossProfit": 1029000000,
    "grossProfitRatio": 0.299389002,
    "researchAndDevelopmentExpenses": 36000000,
    "generalAndAdministrativeExpenses": 0,
    "sellingAndMarketingExpenses": 0,
    "sellingGeneralAndAdministrativeExpenses": 447000000,
    "otherExpenses": -15000000,
    "operatingExpenses": 468000000,
    "costAndExpenses": 2876000000,
    "interestIncome": 0,
    "interestExpense": 44000000,
    "depreciationAndAmortization": 44000000,
    "ebitda": 588000000,
    "ebitdaratio": 0.1710794297,
    "operatingIncome": 561000000,
    "operatingIncomeRatio": 0.1632237416,
    "totalOtherIncomeExpensesNet": -61000000,
    "incomeBeforeTax": 500000000,
    "incomeBeforeTaxRatio": 0.1454757056,
    "incomeTaxExpense": 126000000,
    "netIncome": 353000000,
    "netIncomeRatio": 0.1027058481,
    "eps": 0.8712,
    "epsdiluted": 0.865,
    "weightedAverageShsOut": 405200000,
    "weightedAverageShsOutDil": 408100000,
    "link": "https://www.sec.gov/Archives/edgar/data/1781335/000178133524000022/0001781335-24-000022-index.htm",
    "finalLink": "https://www.sec.gov/Archives/edgar/data/1781335/000178133524000022/otis-20240331.htm"
  },
  {
    "date": "2023-12-31",
    "symbol": "OTIS",
    "reportedCurrency": "USD",
    "cik": "0001781335",
    "fillingDate": "2024-02-02",
    "acceptedDate": "2024-02-02 16:19:12",
    "calendarYear": "2023",
    "period": "Q4",
    "revenue": 3620000000,
    "costOfRevenue": 2518000000,
    "grossProfit": 1102000000,
    "grossProfitRatio": 0.3044198895,
    "researchAndDevelopmentExpenses": 37000000,
    "generalAndAdministrativeExpenses": 0,
    "sellingAndMarketingExpenses": 0,
    "sellingGeneralAndAdministrativeExpenses": 498000000,
    "otherExpenses": 15000000,
    "operatingExpenses": 550000000,
    "costAndExpenses": 3068000000,
    "interestIncome": 0,
    "interestExpense": 41000000,
    "depreciationAndAmortization": 48000000,
    "ebitda": 566000000,
    "ebitdaratio": 0.1563535912,
    "operatingIncome": 552000000,
    "operatingIncomeRatio": 0.1524861878,
    "totalOtherIncomeExpensesNet": -75000000,
    "incomeBeforeTax": 477000000,
    "incomeBeforeTaxRatio": 0.1317679558,
    "incomeTaxExpense": 133000000,
    "netIncome": 323000000,
    "netIncomeRatio": 0.0892265193,
    "eps": 0.7917,
    "epsdiluted": 0.7861,
    "weightedAverageShsOut": 408000000,
    "weightedAverageShsOutDil": 410900000,
    "link": "https://www.sec.gov/Archives/edgar/data/1781335/000178133524000013/0001781335-24-000013-index.htm",
    "finalLink": "https://www.sec.gov/Archives/edgar/data/1781335/000178133524000013/otis-20231231.htm"
  },
  {
    "date": "2023-09-30",
    "symbol": "OTIS",
    "reportedCurrency": "USD",
    "cik": "0001781335",
    "fillingDate": "2023-10-26",
    "acceptedDate": "2023-10-26 16:16:58",
    "calendarYear": "2023",
    "period": "Q3",
    "revenue": 3523000000,
    "costOfRevenue": 2468000000,
    "grossProfit": 1055000000,
    "grossProfitRatio": 0.2994606869,
    "researchAndDevelopmentExpenses": 36000000,
    "generalAndAdministrativeExpenses": 0,
    "sellingAndMarketingExpenses": 0,
    "sellingGeneralAndAdministrativeExpenses": 440000000,
    "otherExpenses": -9000000,
    "operatingExpenses": 467000000,
    "costAndExpenses": 2935000000,
    "interestIncome": 0,
    "interestExpense": 39000000,
    "depreciationAndAmortization": 46000000,
    "ebitda": 617000000,
    "ebitdaratio": 0.1751348283,
    "operatingIncome": 588000000,
    "operatingIncomeRatio": 0.1669032075,
    "totalOtherIncomeExpensesNet": -56000000,
    "incomeBeforeTax": 532000000,
    "incomeBeforeTaxRatio": 0.1510076639,
    "incomeTaxExpense": 137000000,
    "netIncome": 376000000,
    "netIncomeRatio": 0.1067272211,
    "eps": 0.9153,
    "epsdiluted": 0.9089,
    "weightedAverageShsOut": 410800000,
    "weightedAverageShsOutDil": 413700000,
    "link": "https://www.sec.gov/Archives/edgar/data/1781335/000178133523000038/0001781335-23-000038-index.htm",
    "finalLink": "https://www.sec.gov/Archives/edgar/data/1781335/000178133523000038/otis-20230930.htm"
  },
  {
    "date": "2023-06-30",
    "symbol": "OTIS",
    "reportedCurrency": "USD",
    "cik": "0001781335",
    "fillingDate": "2023-07-27",
    "acceptedDate": "2023-07-27 16:24:06",
    "calendarYear": "2023",
    "period": "Q2",
    "revenue": 3720000000,
    "costOfRevenue": 2637000000,
    "grossProfit": 1083000000,
    "grossProfitRatio": 0.2911290323,
    "researchAndDevelopmentExpenses": 36000000,
    "generalAndAdministrativeExpenses": 0,
    "sellingAndMarketingExpenses": 0,
    "sellingGeneralAndAdministrativeExpenses": 469000000,
    "otherExpenses": -3000000,
    "operatingExpenses": 502000000,
    "costAndExpenses": 3139000000,
    "interestIncome": 0,
    "interestExpense": 37000000,
    "depreciationAndAmortization": 52000000,
    "ebitda": 631000000,
    "ebitdaratio": 0.1696236559,
    "operatingIncome": 581000000,
    "operatingIncomeRatio": 0.1561827957,
    "totalOtherIncomeExpensesNet": -39000000,
    "incomeBeforeTax": 542000000,
    "incomeBeforeTaxRatio": 0.1456989247,
    "incomeTaxExpense": 135000000,
    "netIncome": 376000000,
    "netIncomeRatio": 0.1010752688,
    "eps": 0.9111,
    "epsdiluted": 0.9038,
    "weightedAverageShsOut": 412700000,
    "weightedAverageShsOutDil": 416000000,
    "link": "https://www.sec.gov/Archives/edgar/data/1781335/000178133523000029/0001781335-23-000029-index.htm",
    "finalLink": "https://www.sec.gov/Archives/edgar/data/1781335/000178133523000029/otis-20230630.htm"
  },
  {
    "date": "2023-03-31",
    "symbol": "OTIS",
    "reportedCurrency": "USD",
    "cik": "0001781335",
    "fillingDate": "2023-04-27",
    "acceptedDate": "2023-04-27 16:34:30",
    "calendarYear": "2023",
    "period": "Q1",
    "revenue": 3346000000,
    "costOfRevenue": 2354000000,
    "grossProfit": 992000000,
    "grossProfitRatio": 0.2964734011,
    "researchAndDevelopmentExpenses": 35000000,
    "generalAndAdministrativeExpenses": 0,
    "sellingAndMarketingExpenses": 0,
    "sellingGeneralAndAdministrativeExpenses": 452000000,
    "otherExpenses": -4000000,
    "operatingExpenses": 483000000,
    "costAndExpenses": 2837000000,
    "interestIncome": 0,
    "interestExpense": 33000000,
    "depreciationAndAmortization": 47000000,
    "ebitda": 560000000,
    "ebitdaratio": 0.1673640167,
    "operatingIncome": 509000000,
    "operatingIncomeRatio": 0.1521219366,
    "totalOtherIncomeExpensesNet": -29000000,
    "incomeBeforeTax": 480000000,
    "incomeBeforeTaxRatio": 0.1434548715,
    "incomeTaxExpense": 128000000,
    "netIncome": 331000000,
    "netIncomeRatio": 0.0989240885,
    "eps": 0.7989,
    "epsdiluted": 0.7922,
    "weightedAverageShsOut": 414300000,
    "weightedAverageShsOutDil": 417800000,
    "link": "https://www.sec.gov/Archives/edgar/data/1781335/000178133523000016/0001781335-23-000016-index.htm",
    "finalLink": "https://www.sec.gov/Archives/edgar/data/1781335/000178133523000016/otis-20230331.htm"
  },
  {
    "date": "2022-12-31",
    "symbol": "OTIS",
    "reportedCurrency": "USD",
    "cik": "0001781335",
    "fillingDate": "2023-02-03",
    "acceptedDate": "2023-02-03 16:19:35",
    "calendarYear": "2022",
    "period": "Q4",
    "revenue": 3439000000,
    "costOfRevenue": 2424000000,
    "grossProfit": 1015000000,
    "grossProfitRatio": 0.2951439372,
    "researchAndDevelopmentExpenses": 38000000,
    "generalAndAdministrativeExpenses": 0,
    "sellingAndMarketingExpenses": 0,
    "sellingGeneralAndAdministrativeExpenses": 436000000,
    "otherExpenses": 1000000,
    "operatingExpenses": 475000000,
    "costAndExpenses": 2899000000,
    "interestIncome": 0,
    "interestExpense": 36000000,
    "depreciationAndAmortization": 46000000,
    "ebitda": 537000000,
    "ebitdaratio": 0.1561500436,
    "operatingIncome": 540000000,
    "operatingIncomeRatio": 0.1570223902,
    "totalOtherIncomeExpensesNet": -85000000,
    "incomeBeforeTax": 455000000,
    "incomeBeforeTaxRatio": 0.1323059029,
    "incomeTaxExpense": 137000000,
    "netIncome": 297000000,
    "netIncomeRatio": 0.0863623146,
    "eps": 0.7143,
    "epsdiluted": 0.7093,
    "weightedAverageShsOut": 415800000,
    "weightedAverageShsOutDil": 418700000,
    "link": "https://www.sec.gov/Archives/edgar/data/1781335/000178133523000009/0001781335-23-000009-index.htm",
    "finalLink": "https://www.sec.gov/Archives/edgar/data/1781335/000178133523000009/otis-20221231.htm"
  },
  {
    "date": "2022-09-30",
    "symbol": "OTIS",
    "reportedCurrency": "USD",
    "cik": "0001781335",
    "fillingDate": "2022-10-27",
    "acceptedDate": "2022-10-27 16:37:27",
    "calendarYear": "2022",
    "period": "Q3",
    "revenue": 3344000000,
    "costOfRevenue": 2386000000,
    "grossProfit": 958000000,
    "grossProfitRatio": 0.2864832536,
    "researchAndDevelopmentExpenses": 37000000,
    "generalAndAdministrativeExpenses": 0,
    "sellingAndMarketingExpenses": 0,
    "sellingGeneralAndAdministrativeExpenses": 413000000,
    "otherExpenses": -8000000,
    "operatingExpenses": 442000000,
    "costAndExpenses": 2828000000,
    "interestIncome": 0,
    "interestExpense": 35000000,
    "depreciationAndAmortization": 48000000,
    "ebitda": 576000000,
    "ebitdaratio": 0.1722488038,
    "operatingIncome": 516000000,
    "operatingIncomeRatio": 0.1543062201,
    "totalOtherIncomeExpensesNet": -23000000,
    "incomeBeforeTax": 493000000,
    "incomeBeforeTaxRatio": 0.1474282297,
    "incomeTaxExpense": 143000000,
    "netIncome": 324000000,
    "netIncomeRatio": 0.0968899522,
    "eps": 0.7742,
    "epsdiluted": 0.7692,
    "weightedAverageShsOut": 418500000,
    "weightedAverageShsOutDil": 421200000,
    "link": "https://www.sec.gov/Archives/edgar/data/1781335/000178133522000045/0001781335-22-000045-index.htm",
    "finalLink": "https://www.sec.gov/Archives/edgar/data/1781335/000178133522000045/otis-20220930.htm"
  },
  {
    "date": "2022-06-30",
    "symbol": "OTIS",
    "reportedCurrency": "USD",
    "cik": "0001781335",
    "fillingDate": "2022-07-28",
    "acceptedDate": "2022-07-28 16:19:01",
    "calendarYear": "2022",
    "period": "Q2",
    "revenue": 3488000000,
    "costOfRevenue": 2512000000,
    "grossProfit": 976000000,
    "grossProfitRatio": 0.2798165138,
    "researchAndDevelopmentExpenses": 38000000,
    "generalAndAdministrativeExpenses": 0,
    "sellingAndMarketingExpenses": 0,
    "sellingGeneralAndAdministrativeExpenses": 425000000,
    "otherExpenses": 16000000,
    "operatingExpenses": 479000000,
    "costAndExpenses": 2991000000,
    "interestIncome": 0,
    "interestExpense": 35000000,
    "depreciationAndAmortization": 49000000,
    "ebitda": 535000000,
    "ebitdaratio": 0.1533830275,
    "operatingIncome": 497000000,
    "operatingIncomeRatio": 0.1424885321,
    "totalOtherIncomeExpensesNet": -46000000,
    "incomeBeforeTax": 451000000,
    "incomeBeforeTaxRatio": 0.1293004587,
    "incomeTaxExpense": 103000000,
    "netIncome": 321000000,
    "netIncomeRatio": 0.0920298165,
    "eps": 0.7618,
    "epsdiluted": 0.7567,
    "weightedAverageShsOut": 421400000,
    "weightedAverageShsOutDil": 424200000,
    "link": "https://www.sec.gov/Archives/edgar/data/1781335/000178133522000037/0001781335-22-000037-index.htm",
    "finalLink": "https://www.sec.gov/Archives/edgar/data/1781335/000178133522000037/otis-20220630.htm"
  },
  {
    "date": "2022-03-31",
    "symbol": "OTIS",
    "reportedCurrency": "USD",
    "cik": "0001781335",
    "fillingDate": "2022-04-27",
    "acceptedDate": "2022-04-27 16:37:53",
    "calendarYear": "2022",
    "period": "Q1",
    "revenue": 3414000000,
    "costOfRevenue": 2417000000,
    "grossProfit": 997000000,
    "grossProfitRatio": 0.2920328061,
    "researchAndDevelopmentExpenses": 37000000,
    "generalAndAdministrativeExpenses": 0,
    "sellingAndMarketingExpenses": 0,
    "sellingGeneralAndAdministrativeExpenses": 448000000,
    "otherExpenses": -22000000,
    "operatingExpenses": 463000000,
    "costAndExpenses": 2880000000,
    "interestIncome": 0,
    "interestExpense": 37000000,
    "depreciationAndAmortization": 48000000,
    "ebitda": 574000000,
    "ebitdaratio": 0.1681312244,
    "operatingIncome": 534000000,
    "operatingIncomeRatio": 0.1564147627,
    "totalOtherIncomeExpensesNet": -45000000,
    "incomeBeforeTax": 489000000,
    "incomeBeforeTaxRatio": 0.1432337434,
    "incomeTaxExpense": 136000000,
    "netIncome": 311000000,
    "netIncomeRatio": 0.0910954892,
    "eps": 0.7331,
    "epsdiluted": 0.7272,
    "weightedAverageShsOut": 424200000,
    "weightedAverageShsOutDil": 427700000,
    "link": "https://www.sec.gov/Archives/edgar/data/1781335/000178133522000016/0001781335-22-000016-index.htm",
    "finalLink": "https://www.sec.gov/Archives/edgar/data/1781335/000178133522000016/otis-20220331.htm"
  },
  {
    "date": "2021-12-31",
    "symbol": "OTIS",
    "reportedCurrency": "USD",
    "cik": "0001781335",
    "fillingDate": "2022-02-04",
    "acceptedDate": "2022-02-04 16:12:47",
    "calendarYear": "2021",
    "period": "Q4",
    "revenue": 3569000000,
    "costOfRevenue": 2529000000,
    "grossProfit": 1040000000,
    "grossProfitRatio": 0.2913981507,
    "researchAndDevelopmentExpenses": 46000000,
    "generalAndAdministrativeExpenses": 0,
    "sellingAndMarketingExpenses": 0,
    "sellingGeneralAndAdministrativeExpenses": 493000000,
    "otherExpenses": 1000000,
    "operatingExpenses": 540000000,
    "costAndExpenses": 3069000000,
    "interestIncome": 0,
    "interestExpense": 44000000,
    "depreciationAndAmortization": 51000000,
    "ebitda": 542000000,
    "ebitdaratio": 0.151863267,
    "operatingIncome": 500000000,
    "operatingIncomeRatio": 0.1400952648,
    "totalOtherIncomeExpensesNet": -53000000,
    "incomeBeforeTax": 447000000,
    "incomeBeforeTaxRatio": 0.1252451667,
    "incomeTaxExpense": 137000000,
    "netIncome": 281000000,
    "netIncomeRatio": 0.0787335388,
    "eps": 0.6613,
    "epsdiluted": 0.6549,
    "weightedAverageShsOut": 424900000,
    "weightedAverageShsOutDil": 429100000,
    "link": "https://www.sec.gov/Archives/edgar/data/1781335/000178133522000007/0001781335-22-000007-index.htm",
    "finalLink": "https://www.sec.gov/Archives/edgar/data/1781335/000178133522000007/otis-20211231.htm"
  },
  {
    "date": "2021-09-30",
    "symbol": "OTIS",
    "reportedCurrency": "USD",
    "cik": "0001781335",
    "fillingDate": "2021-10-26",
    "acceptedDate": "2021-10-26 16:33:22",
    "calendarYear": "2021",
    "period": "Q3",
    "revenue": 3620000000,
    "costOfRevenue": 2556000000,
    "grossProfit": 1064000000,
    "grossProfitRatio": 0.2939226519,
    "researchAndDevelopmentExpenses": 39000000,
    "generalAndAdministrativeExpenses": 0,
    "sellingAndMarketingExpenses": 0,
    "sellingGeneralAndAdministrativeExpenses": 479000000,
    "otherExpenses": -23000000,
    "operatingExpenses": 495000000,
    "costAndExpenses": 3051000000,
    "interestIncome": 0,
    "interestExpense": 33000000,
    "depreciationAndAmortization": 50000000,
    "ebitda": 590000000,
    "ebitdaratio": 0.1629834254,
    "operatingIncome": 569000000,
    "operatingIncomeRatio": 0.1571823204,
    "totalOtherIncomeExpensesNet": -62000000,
    "incomeBeforeTax": 507000000,
    "incomeBeforeTaxRatio": 0.1400552486,
    "incomeTaxExpense": 128000000,
    "netIncome": 331000000,
    "netIncomeRatio": 0.0914364641,
    "eps": 0.7774,
    "epsdiluted": 0.7687,
    "weightedAverageShsOut": 425800000,
    "weightedAverageShsOutDil": 430600000,
    "link": "https://www.sec.gov/Archives/edgar/data/1781335/000178133521000062/0001781335-21-000062-index.htm",
    "finalLink": "https://www.sec.gov/Archives/edgar/data/1781335/000178133521000062/otis-20210930.htm"
  },
  {
    "date": "2021-06-30",
    "symbol": "OTIS",
    "reportedCurrency": "USD",
    "cik": "0001781335",
    "fillingDate": "2021-07-28",
    "acceptedDate": "2021-07-28 06:11:04",
    "calendarYear": "2021",
    "period": "Q2",
    "revenue": 3701000000,
    "costOfRevenue": 2617000000,
    "grossProfit": 1084000000,
    "grossProfitRatio": 0.2928938125,
    "researchAndDevelopmentExpenses": 39000000,
    "generalAndAdministrativeExpenses": 0,
    "sellingAndMarketingExpenses": 0,
    "sellingGeneralAndAdministrativeExpenses": 483000000,
    "otherExpenses": -9000000,
    "operatingExpenses": 513000000,
    "costAndExpenses": 3130000000,
    "interestIncome": 0,
    "interestExpense": 27000000,
    "depreciationAndAmortization": 51000000,
    "ebitda": 610000000,
    "ebitdaratio": 0.1648203188,
    "operatingIncome": 571000000,
    "operatingIncomeRatio": 0.1542826263,
    "totalOtherIncomeExpensesNet": -39000000,
    "incomeBeforeTax": 532000000,
    "incomeBeforeTaxRatio": 0.1437449338,
    "incomeTaxExpense": 153000000,
    "netIncome": 326000000,
    "netIncomeRatio": 0.0880843015,
    "eps": 0.7619,
    "epsdiluted": 0.7553,
    "weightedAverageShsOut": 427900000,
    "weightedAverageShsOutDil": 431600000,
    "link": "https://www.sec.gov/Archives/edgar/data/1781335/000178133521000051/0001781335-21-000051-index.htm",
    "finalLink": "https://www.sec.gov/Archives/edgar/data/1781335/000178133521000051/otis-20210630.htm"
  },
  {
    "date": "2021-03-31",
    "symbol": "OTIS",
    "reportedCurrency": "USD",
    "cik": "0001781335",
    "fillingDate": "2021-04-28",
    "acceptedDate": "2021-04-28 06:12:12",
    "calendarYear": "2021",
    "period": "Q1",
    "revenue": 3408000000,
    "costOfRevenue": 2385000000,
    "grossProfit": 1023000000,
    "grossProfitRatio": 0.3001760563,
    "researchAndDevelopmentExpenses": 35000000,
    "generalAndAdministrativeExpenses": 0,
    "sellingAndMarketingExpenses": 0,
    "sellingGeneralAndAdministrativeExpenses": 482000000,
    "otherExpenses": -28000000,
    "operatingExpenses": 489000000,
    "costAndExpenses": 2874000000,
    "interestIncome": 0,
    "interestExpense": 32000000,
    "depreciationAndAmortization": 51000000,
    "ebitda": 558000000,
    "ebitdaratio": 0.1637323944,
    "operatingIncome": 534000000,
    "operatingIncomeRatio": 0.1566901408,
    "totalOtherIncomeExpensesNet": -59000000,
    "incomeBeforeTax": 475000000,
    "incomeBeforeTaxRatio": 0.1393779343,
    "incomeTaxExpense": 123000000,
    "netIncome": 308000000,
    "netIncomeRatio": 0.0903755869,
    "eps": 0.7136,
    "epsdiluted": 0.7102,
    "weightedAverageShsOut": 431600000,
    "weightedAverageShsOutDil": 433700000,
    "link": "https://www.sec.gov/Archives/edgar/data/1781335/000178133521000034/0001781335-21-000034-index.htm",
    "finalLink": "https://www.sec.gov/Archives/edgar/data/1781335/000178133521000034/otis-20210331.htm"
  },
  {
    "date": "2020-12-31",
    "symbol": "OTIS",
    "reportedCurrency": "USD",
    "cik": "0001781335",
    "fillingDate": "2021-02-05",
    "acceptedDate": "2021-02-05 06:04:52",
    "calendarYear": "2020",
    "period": "Q4",
    "revenue": 3493000000,
    "costOfRevenue": 2477000000,
    "grossProfit": 1016000000,
    "grossProfitRatio": 0.2908674492,
    "researchAndDevelopmentExpenses": 40000000,
    "generalAndAdministrativeExpenses": 0,
    "sellingAndMarketingExpenses": 0,
    "sellingGeneralAndAdministrativeExpenses": 537000000,
    "otherExpenses": -95000000,
    "operatingExpenses": 482000000,
    "costAndExpenses": 2959000000,
    "interestIncome": 0,
    "interestExpense": 37000000,
    "depreciationAndAmortization": 51000000,
    "ebitda": 485000000,
    "ebitdaratio": 0.1388491268,
    "operatingIncome": 534000000,
    "operatingIncomeRatio": 0.1528771829,
    "totalOtherIncomeExpensesNet": -137000000,
    "incomeBeforeTax": 397000000,
    "incomeBeforeTaxRatio": 0.1136558832,
    "incomeTaxExpense": 118000000,
    "netIncome": 251000000,
    "netIncomeRatio": 0.0718580017,
    "eps": 0.5791,
    "epsdiluted": 0.576,
    "weightedAverageShsOut": 433400000,
    "weightedAverageShsOutDil": 435800000,
    "link": "https://www.sec.gov/Archives/edgar/data/1781335/000178133521000023/0001781335-21-000023-index.htm",
    "finalLink": "https://www.sec.gov/Archives/edgar/data/1781335/000178133521000023/otis-20201231.htm"
  },
  {
    "date": "2020-09-30",
    "symbol": "OTIS",
    "reportedCurrency": "USD",
    "cik": "0001781335",
    "fillingDate": "2020-10-28",
    "acceptedDate": "2020-10-28 16:11:18",
    "calendarYear": "2020",
    "period": "Q3",
    "revenue": 3268000000,
    "costOfRevenue": 2286000000,
    "grossProfit": 982000000,
    "grossProfitRatio": 0.3004895961,
    "researchAndDevelopmentExpenses": 37000000,
    "generalAndAdministrativeExpenses": 0,
    "sellingAndMarketingExpenses": 0,
    "sellingGeneralAndAdministrativeExpenses": 481000000,
    "otherExpenses": -32000000,
    "operatingExpenses": 486000000,
    "costAndExpenses": 2772000000,
    "interestIncome": 0,
    "interestExpense": 39000000,
    "depreciationAndAmortization": 48000000,
    "ebitda": 500000000,
    "ebitdaratio": 0.152998776,
    "operatingIncome": 496000000,
    "operatingIncomeRatio": 0.1517747858,
    "totalOtherIncomeExpensesNet": -83000000,
    "incomeBeforeTax": 413000000,
    "incomeBeforeTaxRatio": 0.126376989,
    "incomeTaxExpense": 103000000,
    "netIncome": 266000000,
    "netIncomeRatio": 0.0813953488,
    "eps": 0.614,
    "epsdiluted": 0.6113,
    "weightedAverageShsOut": 433200000,
    "weightedAverageShsOutDil": 435100000,
    "link": "https://www.sec.gov/Archives/edgar/data/1781335/000178133520000029/0001781335-20-000029-index.htm",
    "finalLink": "https://www.sec.gov/Archives/edgar/data/1781335/000178133520000029/otis-20200930.htm"
  },
  {
    "date": "2020-06-30",
    "symbol": "OTIS",
    "reportedCurrency": "USD",
    "cik": "0001781335",
    "fillingDate": "2020-07-31",
    "acceptedDate": "2020-07-31 10:06:29",
    "calendarYear": "2020",
    "period": "Q2",
    "revenue": 3029000000,
    "costOfRevenue": 2116000000,
    "grossProfit": 913000000,
    "grossProfitRatio": 0.3014196104,
    "researchAndDevelopmentExpenses": 37000000,
    "generalAndAdministrativeExpenses": 0,
    "sellingAndMarketingExpenses": 0,
    "sellingGeneralAndAdministrativeExpenses": 441000000,
    "otherExpenses": -32000000,
    "operatingExpenses": 446000000,
    "costAndExpenses": 2562000000,
    "interestIncome": 0,
    "interestExpense": 41000000,
    "depreciationAndAmortization": 49000000,
    "ebitda": 464000000,
    "ebitdaratio": 0.1531858699,
    "operatingIncome": 467000000,
    "operatingIncomeRatio": 0.1541762958,
    "totalOtherIncomeExpensesNet": -93000000,
    "incomeBeforeTax": 374000000,
    "incomeBeforeTaxRatio": 0.1234730934,
    "incomeTaxExpense": 109000000,
    "netIncome": 224000000,
    "netIncomeRatio": 0.0739517993,
    "eps": 0.5172,
    "epsdiluted": 0.516,
    "weightedAverageShsOut": 433100000,
    "weightedAverageShsOutDil": 434100000,
    "link": "https://www.sec.gov/Archives/edgar/data/1781335/000178133520000016/0001781335-20-000016-index.htm",
    "finalLink": "https://www.sec.gov/Archives/edgar/data/1781335/000178133520000016/otis-20200630.htm"
  },
  {
    "date": "2020-03-31",
    "symbol": "OTIS",
    "reportedCurrency": "USD",
    "cik": "0001781335",
    "fillingDate": "2020-05-08",
    "acceptedDate": "2020-05-08 07:36:22",
    "calendarYear": "2020",
    "period": "Q1",
    "revenue": 2966000000,
    "costOfRevenue": 1976000000,
    "grossProfit": 990000000,
    "grossProfitRatio": 0.3337828726,
    "researchAndDevelopmentExpenses": 38000000,
    "generalAndAdministrativeExpenses": 0,
    "sellingAndMarketingExpenses": 0,
    "sellingGeneralAndAdministrativeExpenses": 465000000,
    "otherExpenses": 65000000,
    "operatingExpenses": 568000000,
    "costAndExpenses": 2544000000,
    "interestIncome": 0,
    "interestExpense": 5000000,
    "depreciationAndAmortization": 43000000,
    "ebitda": 375000000,
    "ebitdaratio": 0.1264329063,
    "operatingIncome": 422000000,
    "operatingIncomeRatio": 0.1422791639,
    "totalOtherIncomeExpensesNet": -95000000,
    "incomeBeforeTax": 327000000,
    "incomeBeforeTaxRatio": 0.1102494943,
    "incomeTaxExpense": 125000000,
    "netIncome": 165000000,
    "netIncomeRatio": 0.0556304788,
    "eps": 0.381,
    "epsdiluted": 0.381,
    "weightedAverageShsOut": 433100000,
    "weightedAverageShsOutDil": 433100000,
    "link": "https://www.sec.gov/Archives/edgar/data/1781335/000178133520000005/0001781335-20-000005-index.htm",
    "finalLink": "https://www.sec.gov/Archives/edgar/data/1781335/000178133520000005/otis-20200331.htm"
  },
  {
    "date": "2019-12-31",
    "symbol": "OTIS",
    "reportedCurrency": "USD",
    "cik": "0001781335",
    "fillingDate": "2019-12-31",
    "acceptedDate": "2019-12-30 19:00:00",
    "calendarYear": "2019",
    "period": "Q4",
    "revenue": 3353000000,
    "costOfRevenue": 2387000000,
    "grossProfit": 966000000,
    "grossProfitRatio": 0.2881002088,
    "researchAndDevelopmentExpenses": 45000000,
    "generalAndAdministrativeExpenses": 0,
    "sellingAndMarketingExpenses": 0,
    "sellingGeneralAndAdministrativeExpenses": 481000000,
    "otherExpenses": -14000000,
    "operatingExpenses": 512000000,
    "costAndExpenses": 2874000000,
    "interestIncome": 6000000,
    "interestExpense": 0,
    "depreciationAndAmortization": 45000000,
    "ebitda": 482000000,
    "ebitdaratio": 0.143751864,
    "operatingIncome": 479000000,
    "operatingIncomeRatio": 0.1428571429,
    "totalOtherIncomeExpensesNet": -42000000,
    "incomeBeforeTax": 437000000,
    "incomeBeforeTaxRatio": 0.1303310468,
    "incomeTaxExpense": 183000000,
    "netIncome": 218000000,
    "netIncomeRatio": 0.0650164032,
    "eps": 0.5033,
    "epsdiluted": 0.5033,
    "weightedAverageShsOut": 433100000,
    "weightedAverageShsOutDil": 433100000,
    "link": "",
    "finalLink": ""
  },
  {
    "date": "2019-09-30",
    "symbol": "OTIS",
    "reportedCurrency": "USD",
    "cik": "0001781335",
    "fillingDate": "2019-09-30",
    "acceptedDate": "2019-09-29 20:00:00",
    "calendarYear": "2019",
    "period": "Q3",
    "revenue": 3313000000,
    "costOfRevenue": 2332000000,
    "grossProfit": 981000000,
    "grossProfitRatio": 0.2961062481,
    "researchAndDevelopmentExpenses": 39000000,
    "generalAndAdministrativeExpenses": 0,
    "sellingAndMarketingExpenses": 0,
    "sellingGeneralAndAdministrativeExpenses": 443000000,
    "otherExpenses": 4000000,
    "operatingExpenses": 486000000,
    "costAndExpenses": 2818000000,
    "interestIncome": 6000000,
    "interestExpense": 0,
    "depreciationAndAmortization": 44000000,
    "ebitda": 548000000,
    "ebitdaratio": 0.1654089949,
    "operatingIncome": 495000000,
    "operatingIncomeRatio": 0.1494114096,
    "totalOtherIncomeExpensesNet": 9000000,
    "incomeBeforeTax": 504000000,
    "incomeBeforeTaxRatio": 0.1521279807,
    "incomeTaxExpense": 143000000,
    "netIncome": 317000000,
    "netIncomeRatio": 0.0956836704,
    "eps": 0.7319,
    "epsdiluted": 0.7319,
    "weightedAverageShsOut": 433100000,
    "weightedAverageShsOutDil": 436400000,
    "link": "",
    "finalLink": ""
  },
  {
    "date": "2019-06-30",
    "symbol": "OTIS",
    "reportedCurrency": "USD",
    "cik": "0001781335",
    "fillingDate": "2019-06-30",
    "acceptedDate": "2019-06-29 20:00:00",
    "calendarYear": "2019",
    "period": "Q2",
    "revenue": 3351000000,
    "costOfRevenue": 2357000000,
    "grossProfit": 994000000,
    "grossProfitRatio": 0.2966278723,
    "researchAndDevelopmentExpenses": 40000000,
    "generalAndAdministrativeExpenses": 0,
    "sellingAndMarketingExpenses": 0,
    "sellingGeneralAndAdministrativeExpenses": 444000000,
    "otherExpenses": 12000000,
    "operatingExpenses": 496000000,
    "costAndExpenses": 2853000000,
    "interestIncome": 3000000,
    "interestExpense": 0,
    "depreciationAndAmortization": 46000000,
    "ebitda": 541000000,
    "ebitdaratio": 0.161444345,
    "operatingIncome": 498000000,
    "operatingIncomeRatio": 0.1486123545,
    "totalOtherIncomeExpensesNet": -3000000,
    "incomeBeforeTax": 495000000,
    "incomeBeforeTaxRatio": 0.1477170994,
    "incomeTaxExpense": 143000000,
    "netIncome": 308000000,
    "netIncomeRatio": 0.0919128618,
    "eps": 0.7111,
    "epsdiluted": 0.7111,
    "weightedAverageShsOut": 433100000,
    "weightedAverageShsOutDil": 436400000,
    "link": "",
    "finalLink": ""
  },
  {
    "date": "2019-03-31",
    "symbol": "OTIS",
    "reportedCurrency": "USD",
    "cik": "0001781335",
    "fillingDate": "2019-03-31",
    "acceptedDate": "2019-03-31 00:00:00",
    "calendarYear": "2019",
    "period": "Q1",
    "revenue": 3101000000,
    "costOfRevenue": 2192000000,
    "grossProfit": 909000000,
    "grossProfitRatio": 0.293131248,
    "researchAndDevelopmentExpenses": 39000000,
    "generalAndAdministrativeExpenses": 0,
    "sellingAndMarketingExpenses": 0,
    "sellingGeneralAndAdministrativeExpenses": 441000000,
    "otherExpenses": -11000000,
    "operatingExpenses": 469000000,
    "costAndExpenses": 2661000000,
    "interestIncome": 0,
    "interestExpense": 1000000,
    "depreciationAndAmortization": 45000000,
    "ebitda": 471000000,
    "ebitdaratio": 0.1518864882,
    "operatingIncome": 440000000,
    "operatingIncomeRatio": 0.141889713,
    "totalOtherIncomeExpensesNet": -15000000,
    "incomeBeforeTax": 425000000,
    "incomeBeforeTaxRatio": 0.1370525637,
    "incomeTaxExpense": 125000000,
    "netIncome": 273000000,
    "netIncomeRatio": 0.0880361174,
    "eps": 0.6303,
    "epsdiluted": 0.6303,
    "weightedAverageShsOut": 433100000,
    "weightedAverageShsOutDil": 436400000,
    "link": "",
    "finalLink": ""
  }
]