[
  {
    "date": "2024-12-31",
    "symbol": "OTIS",
    "reportedCurrency": "USD",
    "cik": "0001781335",
    "fillingDate": "2025-02-04",
    "acceptedDate": "2025-02-04 16:50:42",
    "calendarYear": "2024",
    "period": "FY",
    "revenue": 14261000000,
    "costOfRevenue": 9963000000,
    "grossProfit": 4298000000,
    "grossProfitRatio": 0.3013813898,
    "researchAndDevelopmentExpenses": 152000000,
    "generalAndAdministrativeExpenses": 0,
    "sellingAndMarketingExpenses": 0,
    "sellingGeneralAndAdministrativeExpenses": 1818000000,
    "otherExpenses": 42000000,
    "operatingExpenses": 2012000000,
    "costAndExpenses": 11975000000,
    "interestIncome": 31000000,
    "interestExpense": 0,
    "depreciationAndAmortization": 181000000,
    "ebitda": 2220000000,
    "ebitdaratio": 0.1556693079,
    "operatingIncome": 2286000000,
    "operatingIncomeRatio": 0.1602973144,
    "totalOtherIncomeExpensesNet": -247000000,
    "incomeBeforeTax": 2039000000,
    "incomeBeforeTaxRatio": 0.1429773508,
    "incomeTaxExpense": 305000000,
    "netIncome": 1645000000,
    "netIncomeRatio": 0.1153495547,
    "eps": 4.0951,
    "epsdiluted": 4.0678,
    "weightedAverageShsOut": 401700000,
    "weightedAverageShsOutDil": 404400000,
    "link": "https://www.sec.gov/Archives/edgar/data/1781335/000178133525000010/0001781335-25-000010-index.htm",
    "finalLink": "https://www.sec.gov/Archives/edgar/data/1781335/000178133525000010/otis-20241231.htm"
  },
  {
    "date": "2023-12-31",
    "symbol": "OTIS",
    "reportedCurrency": "USD",
    "cik": "0001781335",
    "fillingDate": "2024-02-02",
    "acceptedDate": "2024-02-02 16:19:12",
    "calendarYear": "2023",
    "period": "FY",
    "revenue": 14209000000,
    "costOfRevenue": 9979000000,
    "grossProfit": 4230000000,
    "grossProfitRatio": 0.2976986417,
    "researchAndDevelopmentExpenses": 144000000,
    "generalAndAdministrativeExpenses": 0,
    "sellingAndMarketingExpenses": 0,
    "sellingGeneralAndAdministrativeExpenses": 1859000000,
    "otherExpenses": -1000000,
    "operatingExpenses": 2002000000,
    "costAndExpenses": 11981000000,
    "interestIncome": 0,
    "interestExpense": 150000000,
    "depreciationAndAmortization": 193000000,
    "ebitda": 2374000000,
    "ebitdaratio": 0.1670772046,
    "operatingIncome": 2228000000,
    "operatingIncomeRatio": 0.1568020269,
    "totalOtherIncomeExpensesNet": -197000000,
    "incomeBeforeTax": 2031000000,
    "incomeBeforeTaxRatio": 0.1429375748,
    "incomeTaxExpense": 533000000,
    "netIncome": 1406000000,
    "netIncomeRatio": 0.0989513689,
    "eps": 3.4176,
    "epsdiluted": 3.3912,
    "weightedAverageShsOut": 411400000,
    "weightedAverageShsOutDil": 414600000,
    "link": "https://www.sec.gov/Archives/edgar/data/1781335/000178133524000013/0001781335-24-000013-index.htm",
    "finalLink": "https://www.sec.gov/Archives/edgar/data/1781335/000178133524000013/otis-20231231.htm"
  },
  {
    "date": "2022-12-31",
    "symbol": "OTIS",
    "reportedCurrency": "USD",
    "cik": "0001781335",
    "fillingDate": "2023-02-03",
    "acceptedDate": "2023-02-03 16:19:35",
    "calendarYear": "2022",
    "period": "FY",
    "revenue": 13685000000,
    "costOfRevenue": 9746000000,
    "grossProfit": 3939000000,
    "grossProfitRatio": 0.2878333942,
    "researchAndDevelopmentExpenses": 150000000,
    "generalAndAdministrativeExpenses": 0,
    "sellingAndMarketingExpenses": 0,
    "sellingGeneralAndAdministrativeExpenses": 1722000000,
    "otherExpenses": -8000000,
    "operatingExpenses": 1864000000,
    "costAndExpenses": 11610000000,
    "interestIncome": 0,
    "interestExpense": 143000000,
    "depreciationAndAmortization": 191000000,
    "ebitda": 2222000000,
    "ebitdaratio": 0.1623675557,
    "operatingIncome": 2075000000,
    "operatingIncomeRatio": 0.1516258677,
    "totalOtherIncomeExpensesNet": -187000000,
    "incomeBeforeTax": 1888000000,
    "incomeBeforeTaxRatio": 0.1379612715,
    "incomeTaxExpense": 519000000,
    "netIncome": 1253000000,
    "netIncomeRatio": 0.0915601023,
    "eps": 2.9833,
    "epsdiluted": 2.9622,
    "weightedAverageShsOut": 420000000,
    "weightedAverageShsOutDil": 423000000,
    "link": "https://www.sec.gov/Archives/edgar/data/1781335/000178133523000009/0001781335-23-000009-index.htm",
    "finalLink": "https://www.sec.gov/Archives/edgar/data/1781335/000178133523000009/otis-20221231.htm"
  },
  {
    "date": "2021-12-31",
    "symbol": "OTIS",
    "reportedCurrency": "USD",
    "cik": "0001781335",
    "fillingDate": "2022-02-04",
    "acceptedDate": "2022-02-04 16:12:47",
    "calendarYear": "2021",
    "period": "FY",
    "revenue": 14298000000,
    "costOfRevenue": 10090000000,
    "grossProfit": 4208000000,
    "grossProfitRatio": 0.2943068961,
    "researchAndDevelopmentExpenses": 159000000,
    "generalAndAdministrativeExpenses": 0,
    "sellingAndMarketingExpenses": 0,
    "sellingGeneralAndAdministrativeExpenses": 1948000000,
    "otherExpenses": -73000000,
    "operatingExpenses": 2034000000,
    "costAndExpenses": 12124000000,
    "interestIncome": 0,
    "interestExpense": 136000000,
    "depreciationAndAmortization": 203000000,
    "ebitda": 2300000000,
    "ebitdaratio": 0.160861659,
    "operatingIncome": 2174000000,
    "operatingIncomeRatio": 0.1520492377,
    "totalOtherIncomeExpensesNet": -213000000,
    "incomeBeforeTax": 1961000000,
    "incomeBeforeTaxRatio": 0.1371520492,
    "incomeTaxExpense": 541000000,
    "netIncome": 1246000000,
    "netIncomeRatio": 0.0871450553,
    "eps": 2.9133,
    "epsdiluted": 2.8883,
    "weightedAverageShsOut": 427700000,
    "weightedAverageShsOutDil": 431400000,
    "link": "https://www.sec.gov/Archives/edgar/data/1781335/000178133522000007/0001781335-22-000007-index.htm",
    "finalLink": "https://www.sec.gov/Archives/edgar/data/1781335/000178133522000007/otis-20211231.htm"
  },
  {
    "date": "2020-12-31",
    "symbol": "OTIS",
    "reportedCurrency": "USD",
    "cik": "0001781335",
    "fillingDate": "2021-02-05",
    "acceptedDate": "2021-02-05 06:04:52",
    "calendarYear": "2020",
    "period": "FY",
    "revenue": 12756000000,
    "costOfRevenue": 8959000000,
    "grossProfit": 3797000000,
    "grossProfitRatio": 0.2976638445,
    "researchAndDevelopmentExpenses": 152000000,
    "generalAndAdministrativeExpenses": 0,
    "sellingAndMarketingExpenses": 0,
    "sellingGeneralAndAdministrativeExpenses": 1763000000,
    "otherExpenses": -27000000,
    "operatingExpenses": 1888000000,
    "costAndExpenses": 10847000000,
    "interestIncome": 0,
    "interestExpense": 122000000,
    "depreciationAndAmortization": 191000000,
    "ebitda": 1824000000,
    "ebitdaratio": 0.1429915334,
    "operatingIncome": 1909000000,
    "operatingIncomeRatio": 0.1496550643,
    "totalOtherIncomeExpensesNet": -398000000,
    "incomeBeforeTax": 1511000000,
    "incomeBeforeTaxRatio": 0.1184540608,
    "incomeTaxExpense": 455000000,
    "netIncome": 906000000,
    "netIncomeRatio": 0.0710253998,
    "eps": 2.0914,
    "epsdiluted": 2.0847,
    "weightedAverageShsOut": 433200000,
    "weightedAverageShsOutDil": 434600000,
    "link": "https://www.sec.gov/Archives/edgar/data/1781335/000178133521000023/0001781335-21-000023-index.htm",
    "finalLink": "https://www.sec.gov/Archives/edgar/data/1781335/000178133521000023/otis-20201231.htm"
  },
  {
    "date": "2019-12-31",
    "symbol": "OTIS",
    "reportedCurrency": "USD",
    "cik": "0001781335",
    "fillingDate": "2019-12-31",
    "acceptedDate": "2019-12-31 00:00:00",
    "calendarYear": "2019",
    "period": "FY",
    "revenue": 13118000000,
    "costOfRevenue": 9292000000,
    "grossProfit": 3826000000,
    "grossProfitRatio": 0.2916603141,
    "researchAndDevelopmentExpenses": 163000000,
    "generalAndAdministrativeExpenses": 0,
    "sellingAndMarketingExpenses": 0,
    "sellingGeneralAndAdministrativeExpenses": 1767000000,
    "otherExpenses": 4000000,
    "operatingExpenses": 1934000000,
    "costAndExpenses": 11226000000,
    "interestIncome": 53000000,
    "interestExpense": 39000000,
    "depreciationAndAmortization": 180000000,
    "ebitda": 2080000000,
    "ebitdaratio": 0.1585607562,
    "operatingIncome": 1892000000,
    "operatingIncomeRatio": 0.1442293032,
    "totalOtherIncomeExpensesNet": -31000000,
    "incomeBeforeTax": 1861000000,
    "incomeBeforeTaxRatio": 0.1418661381,
    "incomeTaxExpense": 594000000,
    "netIncome": 1116000000,
    "netIncomeRatio": 0.0850739442,
    "eps": 2.5767,
    "epsdiluted": 2.5767,
    "weightedAverageShsOut": 433111717,
    "weightedAverageShsOutDil": 433111717,
    "link": null,
    "finalLink": null
  },
  {
    "date": "2018-12-31",
    "symbol": "OTIS",
    "reportedCurrency": "USD",
    "cik": "0001781335",
    "fillingDate": "2018-12-31",
    "acceptedDate": "2018-12-30 19:00:00",
    "calendarYear": "2018",
    "period": "FY",
    "revenue": 12915000000,
    "costOfRevenue": 9189000000,
    "grossProfit": 3726000000,
    "grossProfitRatio": 0.2885017422,
    "researchAndDevelopmentExpenses": 181000000,
    "generalAndAdministrativeExpenses": 0,
    "sellingAndMarketingExpenses": 0,
    "sellingGeneralAndAdministrativeExpenses": 1735000000,
    "otherExpenses": -25000000,
    "operatingExpenses": 1891000000,
    "costAndExpenses": 11059000000,
    "interestIncome": 51000000,
    "interestExpense": 37000000,
    "depreciationAndAmortization": 190000000,
    "ebitda": 2120000000,
    "ebitdaratio": 0.1641502129,
    "operatingIncome": 1856000000,
    "operatingIncomeRatio": 0.1437088657,
    "totalOtherIncomeExpensesNet": 37000000,
    "incomeBeforeTax": 1893000000,
    "incomeBeforeTaxRatio": 0.1465737515,
    "incomeTaxExpense": 683000000,
    "netIncome": 1049000000,
    "netIncomeRatio": 0.0812233837,
    "eps": 2.422,
    "epsdiluted": 2.422,
    "weightedAverageShsOut": 433100000,
    "weightedAverageShsOutDil": 433100000,
    "link": "",
    "finalLink": ""
  },
  {
    "date": "2017-12-31",
    "symbol": "OTIS",
    "reportedCurrency": "USD",
    "cik": "0001781335",
    "fillingDate": "2017-12-31",
    "acceptedDate": "2017-12-31 00:00:00",
    "calendarYear": "2017",
    "period": "FY",
    "revenue": 12323000000,
    "costOfRevenue": 8621000000,
    "grossProfit": 3702000000,
    "grossProfitRatio": 0.3004138603,
    "researchAndDevelopmentExpenses": 175000000,
    "generalAndAdministrativeExpenses": 0,
    "sellingAndMarketingExpenses": 0,
    "sellingGeneralAndAdministrativeExpenses": 1648000000,
    "otherExpenses": -31000000,
    "operatingExpenses": 1792000000,
    "costAndExpenses": 10413000000,
    "interestIncome": 61000000,
    "interestExpense": 40000000,
    "depreciationAndAmortization": 177000000,
    "ebitda": 2174000000,
    "ebitdaratio": 0.17641808,
    "operatingIncome": 1910000000,
    "operatingIncomeRatio": 0.1549947253,
    "totalOtherIncomeExpensesNet": 47000000,
    "incomeBeforeTax": 1957000000,
    "incomeBeforeTaxRatio": 0.1588087316,
    "incomeTaxExpense": 1148000000,
    "netIncome": 636000000,
    "netIncomeRatio": 0.0516108091,
    "eps": 1.4684,
    "epsdiluted": 1.4684,
    "weightedAverageShsOut": 433100000,
    "weightedAverageShsOutDil": 436400000,
    "link": "",
    "finalLink": ""
  }
]