[
  {
    "date": "2025-06-30",
    "symbol": "OXY",
    "reportedCurrency": "USD",
    "cik": "0000797468",
    "fillingDate": "2025-08-06",
    "acceptedDate": "2025-08-06 16:21:25",
    "calendarYear": "2025",
    "period": "Q2",
    "revenue": 6317000000,
    "costOfRevenue": 4410000000,
    "grossProfit": 1907000000,
    "grossProfitRatio": 0.3018838056,
    "researchAndDevelopmentExpenses": 0,
    "generalAndAdministrativeExpenses": 0,
    "sellingAndMarketingExpenses": 0,
    "sellingGeneralAndAdministrativeExpenses": 284000000,
    "otherExpenses": 766000000,
    "operatingExpenses": 1050000000,
    "costAndExpenses": 5460000000,
    "interestIncome": 44000000,
    "interestExpense": 276000000,
    "depreciationAndAmortization": 1936000000,
    "ebitda": 2950000000,
    "ebitdaratio": 0.4669938262,
    "operatingIncome": 857000000,
    "operatingIncomeRatio": 0.1356656641,
    "totalOtherIncomeExpensesNet": -119000000,
    "incomeBeforeTax": 738000000,
    "incomeBeforeTaxRatio": 0.116827608,
    "incomeTaxExpense": 270000000,
    "netIncome": 431000000,
    "netIncomeRatio": 0.0682285895,
    "eps": 0.265,
    "epsdiluted": 0.2583,
    "weightedAverageShsOut": 985100000,
    "weightedAverageShsOutDil": 1010400000,
    "link": "https://www.sec.gov/Archives/edgar/data/797468/000079746825000111/0000797468-25-000111-index.htm",
    "finalLink": "https://www.sec.gov/Archives/edgar/data/797468/000079746825000111/oxy-20250630.htm"
  },
  {
    "date": "2025-03-31",
    "symbol": "OXY",
    "reportedCurrency": "USD",
    "cik": "0000797468",
    "fillingDate": "2025-05-07",
    "acceptedDate": "2025-05-07 16:16:10",
    "calendarYear": "2025",
    "period": "Q1",
    "revenue": 6910000000,
    "costOfRevenue": 4403000000,
    "grossProfit": 2507000000,
    "grossProfitRatio": 0.3628075253,
    "researchAndDevelopmentExpenses": 0,
    "generalAndAdministrativeExpenses": 0,
    "sellingAndMarketingExpenses": 0,
    "sellingGeneralAndAdministrativeExpenses": 267000000,
    "otherExpenses": 656000000,
    "operatingExpenses": 923000000,
    "costAndExpenses": 5326000000,
    "interestIncome": 59000000,
    "interestExpense": 318000000,
    "depreciationAndAmortization": 1917000000,
    "ebitda": 3567000000,
    "ebitdaratio": 0.5162083936,
    "operatingIncome": 1584000000,
    "operatingIncomeRatio": 0.2292329957,
    "totalOtherIncomeExpensesNet": -252000000,
    "incomeBeforeTax": 1332000000,
    "incomeBeforeTaxRatio": 0.19276411,
    "incomeTaxExpense": 387000000,
    "netIncome": 931000000,
    "netIncomeRatio": 0.1347322721,
    "eps": 0.8085,
    "epsdiluted": 0.7742,
    "weightedAverageShsOut": 941300000,
    "weightedAverageShsOutDil": 982900000,
    "link": "https://www.sec.gov/Archives/edgar/data/797468/000079746825000076/0000797468-25-000076-index.htm",
    "finalLink": "https://www.sec.gov/Archives/edgar/data/797468/000079746825000076/oxy-20250331.htm"
  },
  {
    "date": "2024-12-31",
    "symbol": "OXY",
    "reportedCurrency": "USD",
    "cik": "0000797468",
    "fillingDate": "2025-02-18",
    "acceptedDate": "2025-02-18 16:22:05",
    "calendarYear": "2024",
    "period": "Q4",
    "revenue": 6924000000,
    "costOfRevenue": 4511000000,
    "grossProfit": 2413000000,
    "grossProfitRatio": 0.348497978,
    "researchAndDevelopmentExpenses": 0,
    "generalAndAdministrativeExpenses": 0,
    "sellingAndMarketingExpenses": 0,
    "sellingGeneralAndAdministrativeExpenses": 276000000,
    "otherExpenses": 776000000,
    "operatingExpenses": 1052000000,
    "costAndExpenses": 5563000000,
    "interestIncome": 41000000,
    "interestExpense": 327000000,
    "depreciationAndAmortization": 1977000000,
    "ebitda": 2135000000,
    "ebitdaratio": 0.3083477759,
    "operatingIncome": 1361000000,
    "operatingIncomeRatio": 0.1965626805,
    "totalOtherIncomeExpensesNet": -1530000000,
    "incomeBeforeTax": -169000000,
    "incomeBeforeTaxRatio": -0.0244078567,
    "incomeTaxExpense": -49000000,
    "netIncome": -125000000,
    "netIncomeRatio": -0.0180531485,
    "eps": -0.3136,
    "epsdiluted": -0.3136,
    "weightedAverageShsOut": 940800000,
    "weightedAverageShsOutDil": 940800000,
    "link": "https://www.sec.gov/Archives/edgar/data/797468/000079746825000029/0000797468-25-000029-index.htm",
    "finalLink": "https://www.sec.gov/Archives/edgar/data/797468/000079746825000029/oxy-20241231.htm"
  },
  {
    "date": "2024-09-30",
    "symbol": "OXY",
    "reportedCurrency": "USD",
    "cik": "0000797468",
    "fillingDate": "2024-11-12",
    "acceptedDate": "2024-11-12 16:15:23",
    "calendarYear": "2024",
    "period": "Q3",
    "revenue": 7087000000,
    "costOfRevenue": 4486000000,
    "grossProfit": 2601000000,
    "grossProfitRatio": 0.3670100183,
    "researchAndDevelopmentExpenses": 0,
    "generalAndAdministrativeExpenses": 0,
    "sellingAndMarketingExpenses": 0,
    "sellingGeneralAndAdministrativeExpenses": 268000000,
    "otherExpenses": 590000000,
    "operatingExpenses": 858000000,
    "costAndExpenses": 5344000000,
    "interestIncome": 60000000,
    "interestExpense": 312000000,
    "depreciationAndAmortization": 1926000000,
    "ebitda": 3832000000,
    "ebitdaratio": 0.5407083392,
    "operatingIncome": 1743000000,
    "operatingIncomeRatio": 0.2459432764,
    "totalOtherIncomeExpensesNet": -149000000,
    "incomeBeforeTax": 1594000000,
    "incomeBeforeTaxRatio": 0.2249188655,
    "incomeTaxExpense": 454000000,
    "netIncome": 1128000000,
    "netIncomeRatio": 0.1591646677,
    "eps": 1.034,
    "epsdiluted": 0.9829,
    "weightedAverageShsOut": 927500000,
    "weightedAverageShsOutDil": 975700000,
    "link": "https://www.sec.gov/Archives/edgar/data/797468/000079746824000164/0000797468-24-000164-index.htm",
    "finalLink": "https://www.sec.gov/Archives/edgar/data/797468/000079746824000164/oxy-20240930.htm"
  },
  {
    "date": "2024-06-30",
    "symbol": "OXY",
    "reportedCurrency": "USD",
    "cik": "0000797468",
    "fillingDate": "2024-08-07",
    "acceptedDate": "2024-08-07 16:20:48",
    "calendarYear": "2024",
    "period": "Q2",
    "revenue": 6875000000,
    "costOfRevenue": 4352000000,
    "grossProfit": 2523000000,
    "grossProfitRatio": 0.3669818182,
    "researchAndDevelopmentExpenses": 0,
    "generalAndAdministrativeExpenses": 0,
    "sellingAndMarketingExpenses": 0,
    "sellingGeneralAndAdministrativeExpenses": 259000000,
    "otherExpenses": 609000000,
    "operatingExpenses": 868000000,
    "costAndExpenses": 5220000000,
    "interestIncome": 34000000,
    "interestExpense": 252000000,
    "depreciationAndAmortization": 1775000000,
    "ebitda": 3662000000,
    "ebitdaratio": 0.5326545455,
    "operatingIncome": 1655000000,
    "operatingIncomeRatio": 0.2407272727,
    "totalOtherIncomeExpensesNet": -20000000,
    "incomeBeforeTax": 1635000000,
    "incomeBeforeTaxRatio": 0.2378181818,
    "incomeTaxExpense": 465000000,
    "netIncome": 1155000000,
    "netIncomeRatio": 0.168,
    "eps": 1.102,
    "epsdiluted": 1.0272,
    "weightedAverageShsOut": 893800000,
    "weightedAverageShsOutDil": 958900000,
    "link": "https://www.sec.gov/Archives/edgar/data/797468/000079746824000136/0000797468-24-000136-index.htm",
    "finalLink": "https://www.sec.gov/Archives/edgar/data/797468/000079746824000136/oxy-20240630.htm"
  },
  {
    "date": "2024-03-31",
    "symbol": "OXY",
    "reportedCurrency": "USD",
    "cik": "0000797468",
    "fillingDate": "2024-05-07",
    "acceptedDate": "2024-05-07 16:19:49",
    "calendarYear": "2024",
    "period": "Q1",
    "revenue": 6213000000,
    "costOfRevenue": 4101000000,
    "grossProfit": 2112000000,
    "grossProfitRatio": 0.3399323998,
    "researchAndDevelopmentExpenses": 0,
    "generalAndAdministrativeExpenses": 0,
    "sellingAndMarketingExpenses": 0,
    "sellingGeneralAndAdministrativeExpenses": 259000000,
    "otherExpenses": 645000000,
    "operatingExpenses": 904000000,
    "costAndExpenses": 5005000000,
    "interestIncome": 36000000,
    "interestExpense": 284000000,
    "depreciationAndAmortization": 1693000000,
    "ebitda": 2987000000,
    "ebitdaratio": 0.4807661355,
    "operatingIncome": 1208000000,
    "operatingIncomeRatio": 0.1944310317,
    "totalOtherIncomeExpensesNet": -198000000,
    "incomeBeforeTax": 1010000000,
    "incomeBeforeTaxRatio": 0.1625623692,
    "incomeTaxExpense": 304000000,
    "netIncome": 884000000,
    "netIncomeRatio": 0.1422823113,
    "eps": 0.8076,
    "epsdiluted": 0.7527,
    "weightedAverageShsOut": 884100000,
    "weightedAverageShsOutDil": 948600000,
    "link": "https://www.sec.gov/Archives/edgar/data/797468/000079746824000095/0000797468-24-000095-index.htm",
    "finalLink": "https://www.sec.gov/Archives/edgar/data/797468/000079746824000095/oxy-20240331.htm"
  },
  {
    "date": "2023-12-31",
    "symbol": "OXY",
    "reportedCurrency": "USD",
    "cik": "0000797468",
    "fillingDate": "2024-02-14",
    "acceptedDate": "2024-02-14 16:23:10",
    "calendarYear": "2023",
    "period": "Q4",
    "revenue": 7339000000,
    "costOfRevenue": 4870000000,
    "grossProfit": 2469000000,
    "grossProfitRatio": 0.3364218558,
    "researchAndDevelopmentExpenses": 0,
    "generalAndAdministrativeExpenses": 0,
    "sellingAndMarketingExpenses": 0,
    "sellingGeneralAndAdministrativeExpenses": 307000000,
    "otherExpenses": 663000000,
    "operatingExpenses": 970000000,
    "costAndExpenses": 5840000000,
    "interestIncome": 32000000,
    "interestExpense": 247000000,
    "depreciationAndAmortization": 1723000000,
    "ebitda": 3529000000,
    "ebitdaratio": 0.4808557024,
    "operatingIncome": 1499000000,
    "operatingIncomeRatio": 0.2042512604,
    "totalOtherIncomeExpensesNet": 60000000,
    "incomeBeforeTax": 1559000000,
    "incomeBeforeTaxRatio": 0.2124267611,
    "incomeTaxExpense": 361000000,
    "netIncome": 1192000000,
    "netIncomeRatio": 0.1624199482,
    "eps": 1.1612,
    "epsdiluted": 1.0767,
    "weightedAverageShsOut": 881000000,
    "weightedAverageShsOutDil": 950100000,
    "link": "https://www.sec.gov/Archives/edgar/data/797468/000079746824000034/0000797468-24-000034-index.htm",
    "finalLink": "https://www.sec.gov/Archives/edgar/data/797468/000079746824000034/oxy-20231231.htm"
  },
  {
    "date": "2023-09-30",
    "symbol": "OXY",
    "reportedCurrency": "USD",
    "cik": "0000797468",
    "fillingDate": "2023-11-07",
    "acceptedDate": "2023-11-07 16:15:45",
    "calendarYear": "2023",
    "period": "Q3",
    "revenue": 7272000000,
    "costOfRevenue": 4591000000,
    "grossProfit": 2681000000,
    "grossProfitRatio": 0.3686743674,
    "researchAndDevelopmentExpenses": 0,
    "generalAndAdministrativeExpenses": 0,
    "sellingAndMarketingExpenses": 0,
    "sellingGeneralAndAdministrativeExpenses": 258000000,
    "otherExpenses": 618000000,
    "operatingExpenses": 876000000,
    "costAndExpenses": 5467000000,
    "interestIncome": 50000000,
    "interestExpense": 230000000,
    "depreciationAndAmortization": 1712000000,
    "ebitda": 3751000000,
    "ebitdaratio": 0.5158140814,
    "operatingIncome": 1805000000,
    "operatingIncomeRatio": 0.2482123212,
    "totalOtherIncomeExpensesNet": 4000000,
    "incomeBeforeTax": 1809000000,
    "incomeBeforeTaxRatio": 0.2487623762,
    "incomeTaxExpense": 434000000,
    "netIncome": 1368000000,
    "netIncomeRatio": 0.1881188119,
    "eps": 1.2998,
    "epsdiluted": 1.1991,
    "weightedAverageShsOut": 884000000,
    "weightedAverageShsOutDil": 958200000,
    "link": "https://www.sec.gov/Archives/edgar/data/797468/000079746823000092/0000797468-23-000092-index.htm",
    "finalLink": "https://www.sec.gov/Archives/edgar/data/797468/000079746823000092/oxy-20230930.htm"
  },
  {
    "date": "2023-06-30",
    "symbol": "OXY",
    "reportedCurrency": "USD",
    "cik": "0000797468",
    "fillingDate": "2023-08-02",
    "acceptedDate": "2023-08-02 16:18:32",
    "calendarYear": "2023",
    "period": "Q2",
    "revenue": 6602000000,
    "costOfRevenue": 4597000000,
    "grossProfit": 2005000000,
    "grossProfitRatio": 0.3036958497,
    "researchAndDevelopmentExpenses": 0,
    "generalAndAdministrativeExpenses": 0,
    "sellingAndMarketingExpenses": 0,
    "sellingGeneralAndAdministrativeExpenses": 277000000,
    "otherExpenses": 276000000,
    "operatingExpenses": 553000000,
    "costAndExpenses": 5150000000,
    "interestIncome": 28000000,
    "interestExpense": 230000000,
    "depreciationAndAmortization": 1709000000,
    "ebitda": 3266000000,
    "ebitdaratio": 0.4946985762,
    "operatingIncome": 1452000000,
    "operatingIncomeRatio": 0.2199333535,
    "totalOtherIncomeExpensesNet": -125000000,
    "incomeBeforeTax": 1327000000,
    "incomeBeforeTaxRatio": 0.2009996971,
    "incomeTaxExpense": 467000000,
    "netIncome": 856000000,
    "netIncomeRatio": 0.1296576795,
    "eps": 0.6758,
    "epsdiluted": 0.6268,
    "weightedAverageShsOut": 889300000,
    "weightedAverageShsOutDil": 958800000,
    "link": "https://www.sec.gov/Archives/edgar/data/797468/000079746823000075/0000797468-23-000075-index.htm",
    "finalLink": "https://www.sec.gov/Archives/edgar/data/797468/000079746823000075/oxy-20230630.htm"
  },
  {
    "date": "2023-03-31",
    "symbol": "OXY",
    "reportedCurrency": "USD",
    "cik": "0000797468",
    "fillingDate": "2023-05-09",
    "acceptedDate": "2023-05-09 16:23:38",
    "calendarYear": "2023",
    "period": "Q1",
    "revenue": 7118000000,
    "costOfRevenue": 4531000000,
    "grossProfit": 2587000000,
    "grossProfitRatio": 0.3634447879,
    "researchAndDevelopmentExpenses": 0,
    "generalAndAdministrativeExpenses": 0,
    "sellingAndMarketingExpenses": 0,
    "sellingGeneralAndAdministrativeExpenses": 241000000,
    "otherExpenses": 614000000,
    "operatingExpenses": 855000000,
    "costAndExpenses": 5386000000,
    "interestIncome": 29000000,
    "interestExpense": 238000000,
    "depreciationAndAmortization": 1721000000,
    "ebitda": 3693000000,
    "ebitdaratio": 0.5188255128,
    "operatingIncome": 1732000000,
    "operatingIncomeRatio": 0.2433267772,
    "totalOtherIncomeExpensesNet": 2000000,
    "incomeBeforeTax": 1734000000,
    "incomeBeforeTaxRatio": 0.243607755,
    "incomeTaxExpense": 471000000,
    "netIncome": 1257000000,
    "netIncomeRatio": 0.176594549,
    "eps": 1.0841,
    "epsdiluted": 1.0017,
    "weightedAverageShsOut": 901200000,
    "weightedAverageShsOutDil": 975300000,
    "link": "https://www.sec.gov/Archives/edgar/data/797468/000079746823000032/0000797468-23-000032-index.htm",
    "finalLink": "https://www.sec.gov/Archives/edgar/data/797468/000079746823000032/oxy-20230331.htm"
  },
  {
    "date": "2022-12-31",
    "symbol": "OXY",
    "reportedCurrency": "USD",
    "cik": "0000797468",
    "fillingDate": "2023-05-09",
    "acceptedDate": "2023-05-09 16:20:31",
    "calendarYear": "2022",
    "period": "Q4",
    "revenue": 8311000000,
    "costOfRevenue": 4871000000,
    "grossProfit": 3440000000,
    "grossProfitRatio": 0.4139092769,
    "researchAndDevelopmentExpenses": 0,
    "generalAndAdministrativeExpenses": 0,
    "sellingAndMarketingExpenses": 0,
    "sellingGeneralAndAdministrativeExpenses": 258000000,
    "otherExpenses": 722000000,
    "operatingExpenses": 980000000,
    "costAndExpenses": 5851000000,
    "interestIncome": 31000000,
    "interestExpense": 260000000,
    "depreciationAndAmortization": 1819000000,
    "ebitda": 4479000000,
    "ebitdaratio": 0.5389243172,
    "operatingIncome": 2460000000,
    "operatingIncomeRatio": 0.2959932619,
    "totalOtherIncomeExpensesNet": -60000000,
    "incomeBeforeTax": 2400000000,
    "incomeBeforeTaxRatio": 0.2887739141,
    "incomeTaxExpense": 473000000,
    "netIncome": 1920000000,
    "netIncomeRatio": 0.2310191313,
    "eps": 1.8991,
    "epsdiluted": 1.7365,
    "weightedAverageShsOut": 905700000,
    "weightedAverageShsOutDil": 990500000,
    "link": "https://www.sec.gov/Archives/edgar/data/797468/000079746823000031/0000797468-23-000031-index.htm",
    "finalLink": "https://www.sec.gov/Archives/edgar/data/797468/000079746823000031/oxy-20221231.htm"
  },
  {
    "date": "2022-09-30",
    "symbol": "OXY",
    "reportedCurrency": "USD",
    "cik": "0000797468",
    "fillingDate": "2022-11-08",
    "acceptedDate": "2022-11-08 16:19:33",
    "calendarYear": "2022",
    "period": "Q3",
    "revenue": 9376000000,
    "costOfRevenue": 4837000000,
    "grossProfit": 4539000000,
    "grossProfitRatio": 0.4841083618,
    "researchAndDevelopmentExpenses": 0,
    "generalAndAdministrativeExpenses": 0,
    "sellingAndMarketingExpenses": 0,
    "sellingGeneralAndAdministrativeExpenses": 247000000,
    "otherExpenses": 746000000,
    "operatingExpenses": 993000000,
    "costAndExpenses": 5830000000,
    "interestIncome": 37000000,
    "interestExpense": 285000000,
    "depreciationAndAmortization": 1736000000,
    "ebitda": 5669000000,
    "ebitdaratio": 0.6046288396,
    "operatingIncome": 3546000000,
    "operatingIncomeRatio": 0.3781996587,
    "totalOtherIncomeExpensesNet": 102000000,
    "incomeBeforeTax": 3648000000,
    "incomeBeforeTaxRatio": 0.3890784983,
    "incomeTaxExpense": 902000000,
    "netIncome": 2728000000,
    "netIncomeRatio": 0.2909556314,
    "eps": 2.7419,
    "epsdiluted": 2.5217,
    "weightedAverageShsOut": 922000000,
    "weightedAverageShsOutDil": 1002500000,
    "link": "https://www.sec.gov/Archives/edgar/data/797468/000079746822000036/0000797468-22-000036-index.htm",
    "finalLink": "https://www.sec.gov/Archives/edgar/data/797468/000079746822000036/oxy-20220930.htm"
  },
  {
    "date": "2022-06-30",
    "symbol": "OXY",
    "reportedCurrency": "USD",
    "cik": "0000797468",
    "fillingDate": "2022-08-02",
    "acceptedDate": "2022-08-02 16:28:51",
    "calendarYear": "2022",
    "period": "Q2",
    "revenue": 10352000000,
    "costOfRevenue": 4989000000,
    "grossProfit": 5363000000,
    "grossProfitRatio": 0.5180641422,
    "researchAndDevelopmentExpenses": 0,
    "generalAndAdministrativeExpenses": 0,
    "sellingAndMarketingExpenses": 0,
    "sellingGeneralAndAdministrativeExpenses": 244000000,
    "otherExpenses": 717000000,
    "operatingExpenses": 961000000,
    "costAndExpenses": 5950000000,
    "interestIncome": 36000000,
    "interestExpense": 114000000,
    "depreciationAndAmortization": 1728000000,
    "ebitda": 6828000000,
    "ebitdaratio": 0.6595826893,
    "operatingIncome": 4402000000,
    "operatingIncomeRatio": 0.4252318393,
    "totalOtherIncomeExpensesNet": 584000000,
    "incomeBeforeTax": 4986000000,
    "incomeBeforeTaxRatio": 0.4816460587,
    "incomeTaxExpense": 1231000000,
    "netIncome": 3727000000,
    "netIncomeRatio": 0.3600270479,
    "eps": 3.7553,
    "epsdiluted": 3.4636,
    "weightedAverageShsOut": 939200000,
    "weightedAverageShsOutDil": 1018300000,
    "link": "https://www.sec.gov/Archives/edgar/data/797468/000079746822000030/0000797468-22-000030-index.htm",
    "finalLink": "https://www.sec.gov/Archives/edgar/data/797468/000079746822000030/oxy-20220630.htm"
  },
  {
    "date": "2022-03-31",
    "symbol": "OXY",
    "reportedCurrency": "USD",
    "cik": "0000797468",
    "fillingDate": "2022-05-10",
    "acceptedDate": "2022-05-10 16:21:05",
    "calendarYear": "2022",
    "period": "Q1",
    "revenue": 8214000000,
    "costOfRevenue": 4508000000,
    "grossProfit": 3706000000,
    "grossProfitRatio": 0.4511809106,
    "researchAndDevelopmentExpenses": 0,
    "generalAndAdministrativeExpenses": 0,
    "sellingAndMarketingExpenses": 0,
    "sellingGeneralAndAdministrativeExpenses": 196000000,
    "otherExpenses": 634000000,
    "operatingExpenses": 830000000,
    "costAndExpenses": 5338000000,
    "interestIncome": 49000000,
    "interestExpense": 371000000,
    "depreciationAndAmortization": 1643000000,
    "ebitda": 5097000000,
    "ebitdaratio": 0.6205259313,
    "operatingIncome": 2876000000,
    "operatingIncomeRatio": 0.3501339177,
    "totalOtherIncomeExpensesNet": 207000000,
    "incomeBeforeTax": 3083000000,
    "incomeBeforeTaxRatio": 0.3753347943,
    "incomeTaxExpense": -1793000000,
    "netIncome": 4842000000,
    "netIncomeRatio": 0.5894813733,
    "eps": 4.9557,
    "epsdiluted": 4.6527,
    "weightedAverageShsOut": 936700000,
    "weightedAverageShsOutDil": 997700000,
    "link": "https://www.sec.gov/Archives/edgar/data/797468/000079746822000018/0000797468-22-000018-index.htm",
    "finalLink": "https://www.sec.gov/Archives/edgar/data/797468/000079746822000018/oxy-20220331.htm"
  },
  {
    "date": "2021-12-31",
    "symbol": "OXY",
    "reportedCurrency": "USD",
    "cik": "0000797468",
    "fillingDate": "2022-02-24",
    "acceptedDate": "2022-02-24 16:21:50",
    "calendarYear": "2021",
    "period": "Q4",
    "revenue": 7794000000,
    "costOfRevenue": 4728000000,
    "grossProfit": 3066000000,
    "grossProfitRatio": 0.3933795227,
    "researchAndDevelopmentExpenses": 0,
    "generalAndAdministrativeExpenses": 0,
    "sellingAndMarketingExpenses": 0,
    "sellingGeneralAndAdministrativeExpenses": 280000000,
    "otherExpenses": 565000000,
    "operatingExpenses": 845000000,
    "costAndExpenses": 5573000000,
    "interestIncome": 24000000,
    "interestExpense": 385000000,
    "depreciationAndAmortization": 1966000000,
    "ebitda": 4381000000,
    "ebitdaratio": 0.5620990506,
    "operatingIncome": 2221000000,
    "operatingIncomeRatio": 0.2849627919,
    "totalOtherIncomeExpensesNet": -191000000,
    "incomeBeforeTax": 2030000000,
    "incomeBeforeTaxRatio": 0.2604567616,
    "incomeTaxExpense": 469000000,
    "netIncome": 1528000000,
    "netIncomeRatio": 0.1960482422,
    "eps": 1.418,
    "epsdiluted": 1.3653,
    "weightedAverageShsOut": 936500000,
    "weightedAverageShsOutDil": 972700000,
    "link": "https://www.sec.gov/Archives/edgar/data/797468/000079746822000008/0000797468-22-000008-index.htm",
    "finalLink": "https://www.sec.gov/Archives/edgar/data/797468/000079746822000008/oxy-20211231.htm"
  },
  {
    "date": "2021-09-30",
    "symbol": "OXY",
    "reportedCurrency": "USD",
    "cik": "0000797468",
    "fillingDate": "2021-11-04",
    "acceptedDate": "2021-11-04 16:19:14",
    "calendarYear": "2021",
    "period": "Q3",
    "revenue": 6881000000,
    "costOfRevenue": 4455000000,
    "grossProfit": 2426000000,
    "grossProfitRatio": 0.3525650342,
    "researchAndDevelopmentExpenses": 0,
    "generalAndAdministrativeExpenses": 0,
    "sellingAndMarketingExpenses": 0,
    "sellingGeneralAndAdministrativeExpenses": 240000000,
    "otherExpenses": 545000000,
    "operatingExpenses": 785000000,
    "costAndExpenses": 5240000000,
    "interestIncome": 18000000,
    "interestExpense": 449000000,
    "depreciationAndAmortization": 1916000000,
    "ebitda": 3582000000,
    "ebitdaratio": 0.5205638715,
    "operatingIncome": 1641000000,
    "operatingIncomeRatio": 0.2384827787,
    "totalOtherIncomeExpensesNet": -424000000,
    "incomeBeforeTax": 1217000000,
    "incomeBeforeTaxRatio": 0.1768638279,
    "incomeTaxExpense": 387000000,
    "netIncome": 823000000,
    "netIncomeRatio": 0.1196047086,
    "eps": 0.666,
    "epsdiluted": 0.6505,
    "weightedAverageShsOut": 935400000,
    "weightedAverageShsOutDil": 957700000,
    "link": "https://www.sec.gov/Archives/edgar/data/797468/000079746821000036/0000797468-21-000036-index.htm",
    "finalLink": "https://www.sec.gov/Archives/edgar/data/797468/000079746821000036/oxy-20210930.htm"
  },
  {
    "date": "2021-06-30",
    "symbol": "OXY",
    "reportedCurrency": "USD",
    "cik": "0000797468",
    "fillingDate": "2021-08-03",
    "acceptedDate": "2021-08-03 16:19:49",
    "calendarYear": "2021",
    "period": "Q2",
    "revenue": 6102000000,
    "costOfRevenue": 4696000000,
    "grossProfit": 1406000000,
    "grossProfitRatio": 0.230416257,
    "researchAndDevelopmentExpenses": 0,
    "generalAndAdministrativeExpenses": 0,
    "sellingAndMarketingExpenses": 0,
    "sellingGeneralAndAdministrativeExpenses": 177000000,
    "otherExpenses": 492000000,
    "operatingExpenses": 669000000,
    "costAndExpenses": 5365000000,
    "interestIncome": 49000000,
    "interestExpense": 385000000,
    "depreciationAndAmortization": 2371000000,
    "ebitda": 2899000000,
    "ebitdaratio": 0.4750901344,
    "operatingIncome": 737000000,
    "operatingIncomeRatio": 0.1207800721,
    "totalOtherIncomeExpensesNet": -594000000,
    "incomeBeforeTax": 143000000,
    "incomeBeforeTaxRatio": 0.0234349394,
    "incomeTaxExpense": 43000000,
    "netIncome": 103000000,
    "netIncomeRatio": 0.0168797116,
    "eps": -0.1038,
    "epsdiluted": -0.1038,
    "weightedAverageShsOut": 934200000,
    "weightedAverageShsOutDil": 934200000,
    "link": "https://www.sec.gov/Archives/edgar/data/797468/000079746821000028/0000797468-21-000028-index.htm",
    "finalLink": "https://www.sec.gov/Archives/edgar/data/797468/000079746821000028/oxy-20210630.htm"
  },
  {
    "date": "2021-03-31",
    "symbol": "OXY",
    "reportedCurrency": "USD",
    "cik": "0000797468",
    "fillingDate": "2021-05-10",
    "acceptedDate": "2021-05-10 16:18:29",
    "calendarYear": "2021",
    "period": "Q1",
    "revenue": 5185000000,
    "costOfRevenue": 4479000000,
    "grossProfit": 706000000,
    "grossProfitRatio": 0.1361620058,
    "researchAndDevelopmentExpenses": 0,
    "generalAndAdministrativeExpenses": 0,
    "sellingAndMarketingExpenses": 0,
    "sellingGeneralAndAdministrativeExpenses": 166000000,
    "otherExpenses": 468000000,
    "operatingExpenses": 634000000,
    "costAndExpenses": 5113000000,
    "interestIncome": 75000000,
    "interestExpense": 395000000,
    "depreciationAndAmortization": 2194000000,
    "ebitda": 2904000000,
    "ebitdaratio": 0.5600771456,
    "operatingIncome": 72000000,
    "operatingIncomeRatio": 0.0138862102,
    "totalOtherIncomeExpensesNet": 243000000,
    "incomeBeforeTax": 315000000,
    "incomeBeforeTaxRatio": 0.0607521697,
    "incomeTaxExpense": 16000000,
    "netIncome": -146000000,
    "netIncomeRatio": -0.0281581485,
    "eps": -0.3708,
    "epsdiluted": -0.3708,
    "weightedAverageShsOut": 933100000,
    "weightedAverageShsOutDil": 933100000,
    "link": "https://www.sec.gov/Archives/edgar/data/797468/000079746821000017/0000797468-21-000017-index.htm",
    "finalLink": "https://www.sec.gov/Archives/edgar/data/797468/000079746821000017/oxy-20210331.htm"
  },
  {
    "date": "2020-12-31",
    "symbol": "OXY",
    "reportedCurrency": "USD",
    "cik": "0000797468",
    "fillingDate": "2021-02-26",
    "acceptedDate": "2021-02-26 16:20:04",
    "calendarYear": "2020",
    "period": "Q4",
    "revenue": 4556000000,
    "costOfRevenue": 3877000000,
    "grossProfit": 679000000,
    "grossProfitRatio": 0.1490342406,
    "researchAndDevelopmentExpenses": 0,
    "generalAndAdministrativeExpenses": 0,
    "sellingAndMarketingExpenses": 0,
    "sellingGeneralAndAdministrativeExpenses": 209000000,
    "otherExpenses": 491000000,
    "operatingExpenses": 700000000,
    "costAndExpenses": 4577000000,
    "interestIncome": 30000000,
    "interestExpense": 409000000,
    "depreciationAndAmortization": 1754000000,
    "ebitda": 738000000,
    "ebitdaratio": 0.1619841967,
    "operatingIncome": -21000000,
    "operatingIncomeRatio": -0.0046093064,
    "totalOtherIncomeExpensesNet": -1404000000,
    "incomeBeforeTax": -1425000000,
    "incomeBeforeTaxRatio": -0.3127743635,
    "incomeTaxExpense": -276000000,
    "netIncome": -1112000000,
    "netIncomeRatio": -0.2440737489,
    "eps": -1.4062,
    "epsdiluted": -1.4062,
    "weightedAverageShsOut": 933000000,
    "weightedAverageShsOutDil": 933000000,
    "link": "https://www.sec.gov/Archives/edgar/data/797468/000079746821000009/0000797468-21-000009-index.htm",
    "finalLink": "https://www.sec.gov/Archives/edgar/data/797468/000079746821000009/oxy-20201231.htm"
  },
  {
    "date": "2020-09-30",
    "symbol": "OXY",
    "reportedCurrency": "USD",
    "cik": "0000797468",
    "fillingDate": "2020-11-09",
    "acceptedDate": "2020-11-09 16:17:41",
    "calendarYear": "2020",
    "period": "Q3",
    "revenue": 4016000000,
    "costOfRevenue": 3894000000,
    "grossProfit": 122000000,
    "grossProfitRatio": 0.0303784861,
    "researchAndDevelopmentExpenses": 0,
    "generalAndAdministrativeExpenses": 0,
    "sellingAndMarketingExpenses": 0,
    "sellingGeneralAndAdministrativeExpenses": 166000000,
    "otherExpenses": 411000000,
    "operatingExpenses": 577000000,
    "costAndExpenses": 4471000000,
    "interestIncome": 21000000,
    "interestExpense": 353000000,
    "depreciationAndAmortization": 1915000000,
    "ebitda": -1790000000,
    "ebitdaratio": -0.4457171315,
    "operatingIncome": -455000000,
    "operatingIncomeRatio": -0.1132968127,
    "totalOtherIncomeExpensesNet": -3603000000,
    "incomeBeforeTax": -4058000000,
    "incomeBeforeTaxRatio": -1.0104581673,
    "incomeTaxExpense": -403000000,
    "netIncome": -3575000000,
    "netIncomeRatio": -0.890189243,
    "eps": -4.0654,
    "epsdiluted": -4.0654,
    "weightedAverageShsOut": 929300000,
    "weightedAverageShsOutDil": 929300000,
    "link": "https://www.sec.gov/Archives/edgar/data/797468/000079746820000033/0000797468-20-000033-index.htm",
    "finalLink": "https://www.sec.gov/Archives/edgar/data/797468/000079746820000033/oxy-20200930.htm"
  },
  {
    "date": "2020-06-30",
    "symbol": "OXY",
    "reportedCurrency": "USD",
    "cik": "0000797468",
    "fillingDate": "2020-08-10",
    "acceptedDate": "2020-08-10 16:11:09",
    "calendarYear": "2020",
    "period": "Q2",
    "revenue": 3315000000,
    "costOfRevenue": 3941000000,
    "grossProfit": -626000000,
    "grossProfitRatio": -0.1888386124,
    "researchAndDevelopmentExpenses": 0,
    "generalAndAdministrativeExpenses": 0,
    "sellingAndMarketingExpenses": 0,
    "sellingGeneralAndAdministrativeExpenses": 225000000,
    "otherExpenses": 182000000,
    "operatingExpenses": 407000000,
    "costAndExpenses": 4348000000,
    "interestIncome": 33000000,
    "interestExpense": 310000000,
    "depreciationAndAmortization": 2119000000,
    "ebitda": -5755000000,
    "ebitdaratio": -1.7360482655,
    "operatingIncome": -1033000000,
    "operatingIncomeRatio": -0.3116138763,
    "totalOtherIncomeExpensesNet": -7151000000,
    "incomeBeforeTax": -8184000000,
    "incomeBeforeTaxRatio": -2.4687782805,
    "incomeTaxExpense": -1468000000,
    "netIncome": -8131000000,
    "netIncomeRatio": -2.4527903469,
    "eps": -9.124,
    "epsdiluted": -9.124,
    "weightedAverageShsOut": 915500000,
    "weightedAverageShsOutDil": 915500000,
    "link": "https://www.sec.gov/Archives/edgar/data/797468/000079746820000027/0000797468-20-000027-index.htm",
    "finalLink": "https://www.sec.gov/Archives/edgar/data/797468/000079746820000027/oxy-20200630.htm"
  },
  {
    "date": "2020-03-31",
    "symbol": "OXY",
    "reportedCurrency": "USD",
    "cik": "0000797468",
    "fillingDate": "2020-05-06",
    "acceptedDate": "2020-05-06 08:58:13",
    "calendarYear": "2020",
    "period": "Q1",
    "revenue": 5251000000,
    "costOfRevenue": 4985000000,
    "grossProfit": 266000000,
    "grossProfitRatio": 0.0506570177,
    "researchAndDevelopmentExpenses": 0,
    "generalAndAdministrativeExpenses": 0,
    "sellingAndMarketingExpenses": 0,
    "sellingGeneralAndAdministrativeExpenses": 260000000,
    "otherExpenses": 426000000,
    "operatingExpenses": 686000000,
    "costAndExpenses": 5671000000,
    "interestIncome": 34000000,
    "interestExpense": 352000000,
    "depreciationAndAmortization": 2309000000,
    "ebitda": 623000000,
    "ebitdaratio": 0.1186440678,
    "operatingIncome": -420000000,
    "operatingIncomeRatio": -0.0799847648,
    "totalOtherIncomeExpensesNet": -1618000000,
    "incomeBeforeTax": -2038000000,
    "incomeBeforeTaxRatio": -0.3881165492,
    "incomeTaxExpense": -25000000,
    "netIncome": -2013000000,
    "netIncomeRatio": -0.3833555513,
    "eps": -2.4891,
    "epsdiluted": -2.4891,
    "weightedAverageShsOut": 896700000,
    "weightedAverageShsOutDil": 896700000,
    "link": "https://www.sec.gov/Archives/edgar/data/797468/000079746820000010/0000797468-20-000010-index.htm",
    "finalLink": "https://www.sec.gov/Archives/edgar/data/797468/000079746820000010/oxy-20200331.htm"
  },
  {
    "date": "2019-12-31",
    "symbol": "OXY",
    "reportedCurrency": "USD",
    "cik": "0000797468",
    "fillingDate": "2020-02-28",
    "acceptedDate": "2020-02-27 21:59:03",
    "calendarYear": "2019",
    "period": "Q4",
    "revenue": 4887000000,
    "costOfRevenue": 4965000000,
    "grossProfit": -78000000,
    "grossProfitRatio": -0.0159607121,
    "researchAndDevelopmentExpenses": 0,
    "generalAndAdministrativeExpenses": 0,
    "sellingAndMarketingExpenses": 0,
    "sellingGeneralAndAdministrativeExpenses": 337000000,
    "otherExpenses": 931000000,
    "operatingExpenses": 1268000000,
    "costAndExpenses": 6233000000,
    "interestIncome": 42000000,
    "interestExpense": 434000000,
    "depreciationAndAmortization": 2369000000,
    "ebitda": 1934000000,
    "ebitdaratio": 0.3957438101,
    "operatingIncome": -1346000000,
    "operatingIncomeRatio": -0.2754245959,
    "totalOtherIncomeExpensesNet": 477000000,
    "incomeBeforeTax": -869000000,
    "incomeBeforeTaxRatio": -0.1778187027,
    "incomeTaxExpense": 46000000,
    "netIncome": -1138000000,
    "netIncomeRatio": -0.232862697,
    "eps": -1.4951,
    "epsdiluted": -1.4951,
    "weightedAverageShsOut": 894900000,
    "weightedAverageShsOutDil": 894900000,
    "link": "https://www.sec.gov/Archives/edgar/data/797468/000079746820000004/0000797468-20-000004-index.htm",
    "finalLink": "https://www.sec.gov/Archives/edgar/data/797468/000079746820000004/oxy10k12-31x2019.htm"
  },
  {
    "date": "2019-09-30",
    "symbol": "OXY",
    "reportedCurrency": "USD",
    "cik": "0000797468",
    "fillingDate": "2019-11-04",
    "acceptedDate": "2019-11-04 17:09:33",
    "calendarYear": "2019",
    "period": "Q3",
    "revenue": 5767000000,
    "costOfRevenue": 4207000000,
    "grossProfit": 1560000000,
    "grossProfitRatio": 0.2705045951,
    "researchAndDevelopmentExpenses": 0,
    "generalAndAdministrativeExpenses": 0,
    "sellingAndMarketingExpenses": 0,
    "sellingGeneralAndAdministrativeExpenses": 242000000,
    "otherExpenses": 609000000,
    "operatingExpenses": 851000000,
    "costAndExpenses": 5058000000,
    "interestIncome": 56000000,
    "interestExpense": 381000000,
    "depreciationAndAmortization": 1767000000,
    "ebitda": 1574000000,
    "ebitdaratio": 0.2729322005,
    "operatingIncome": 709000000,
    "operatingIncomeRatio": 0.1229408705,
    "totalOtherIncomeExpensesNet": -1283000000,
    "incomeBeforeTax": -574000000,
    "incomeBeforeTaxRatio": -0.099531819,
    "incomeTaxExpense": 116000000,
    "netIncome": -794000000,
    "netIncomeRatio": -0.1376799029,
    "eps": -1.0784,
    "epsdiluted": -1.0784,
    "weightedAverageShsOut": 845700000,
    "weightedAverageShsOutDil": 845700000,
    "link": "https://www.sec.gov/Archives/edgar/data/797468/000079746819000016/0000797468-19-000016-index.htm",
    "finalLink": "https://www.sec.gov/Archives/edgar/data/797468/000079746819000016/oxyform10q93019.htm"
  },
  {
    "date": "2019-06-30",
    "symbol": "OXY",
    "reportedCurrency": "USD",
    "cik": "0000797468",
    "fillingDate": "2019-07-31",
    "acceptedDate": "2019-07-31 17:04:40",
    "calendarYear": "2019",
    "period": "Q2",
    "revenue": 3737000000,
    "costOfRevenue": 2883000000,
    "grossProfit": 854000000,
    "grossProfitRatio": 0.2285255553,
    "researchAndDevelopmentExpenses": 0,
    "generalAndAdministrativeExpenses": 0,
    "sellingAndMarketingExpenses": 0,
    "sellingGeneralAndAdministrativeExpenses": 163000000,
    "otherExpenses": 383000000,
    "operatingExpenses": 546000000,
    "costAndExpenses": 3429000000,
    "interestIncome": 41000000,
    "interestExpense": 153000000,
    "depreciationAndAmortization": 1031000000,
    "ebitda": 2125000000,
    "ebitdaratio": 0.5686379449,
    "operatingIncome": 308000000,
    "operatingIncomeRatio": 0.0824190527,
    "totalOtherIncomeExpensesNet": 633000000,
    "incomeBeforeTax": 941000000,
    "incomeBeforeTaxRatio": 0.2518062617,
    "incomeTaxExpense": 306000000,
    "netIncome": 632000000,
    "netIncomeRatio": 0.1691196147,
    "eps": 0.8446,
    "epsdiluted": 0.8432,
    "weightedAverageShsOut": 748300000,
    "weightedAverageShsOutDil": 749500000,
    "link": "https://www.sec.gov/Archives/edgar/data/797468/000079746819000012/0000797468-19-000012-index.htm",
    "finalLink": "https://www.sec.gov/Archives/edgar/data/797468/000079746819000012/oxyform10q63019.htm"
  },
  {
    "date": "2019-03-31",
    "symbol": "OXY",
    "reportedCurrency": "USD",
    "cik": "0000797468",
    "fillingDate": "2019-05-06",
    "acceptedDate": "2019-05-06 17:04:39",
    "calendarYear": "2019",
    "period": "Q1",
    "revenue": 4064000000,
    "costOfRevenue": 2719000000,
    "grossProfit": 1345000000,
    "grossProfitRatio": 0.3309547244,
    "researchAndDevelopmentExpenses": 0,
    "generalAndAdministrativeExpenses": 0,
    "sellingAndMarketingExpenses": 0,
    "sellingGeneralAndAdministrativeExpenses": 140000000,
    "otherExpenses": 349000000,
    "operatingExpenses": 489000000,
    "costAndExpenses": 3208000000,
    "interestIncome": 78000000,
    "interestExpense": 98000000,
    "depreciationAndAmortization": 973000000,
    "ebitda": 1854000000,
    "ebitdaratio": 0.4562007874,
    "operatingIncome": 856000000,
    "operatingIncomeRatio": 0.2106299213,
    "totalOtherIncomeExpensesNet": 0,
    "incomeBeforeTax": 856000000,
    "incomeBeforeTaxRatio": 0.2106299213,
    "incomeTaxExpense": 225000000,
    "netIncome": 628000000,
    "netIncomeRatio": 0.1545275591,
    "eps": 0.8386,
    "epsdiluted": 0.8368,
    "weightedAverageShsOut": 748900000,
    "weightedAverageShsOutDil": 750500000,
    "link": "https://www.sec.gov/Archives/edgar/data/797468/000079746819000007/0000797468-19-000007-index.htm",
    "finalLink": "https://www.sec.gov/Archives/edgar/data/797468/000079746819000007/oxyform10q33119.htm"
  },
  {
    "date": "2018-12-31",
    "symbol": "OXY",
    "reportedCurrency": "USD",
    "cik": "0000797468",
    "fillingDate": "2019-02-21",
    "acceptedDate": "2019-02-21 17:29:15",
    "calendarYear": "2018",
    "period": "Q4",
    "revenue": 4762000000,
    "costOfRevenue": 3090000000,
    "grossProfit": 1672000000,
    "grossProfitRatio": 0.3511129777,
    "researchAndDevelopmentExpenses": 0,
    "generalAndAdministrativeExpenses": 0,
    "sellingAndMarketingExpenses": 0,
    "sellingGeneralAndAdministrativeExpenses": 473000000,
    "otherExpenses": 106000000,
    "operatingExpenses": 579000000,
    "costAndExpenses": 3669000000,
    "interestIncome": 35000000,
    "interestExpense": 99000000,
    "depreciationAndAmortization": 1086000000,
    "ebitda": 2017000000,
    "ebitdaratio": 0.4235615288,
    "operatingIncome": 1093000000,
    "operatingIncomeRatio": 0.2295254095,
    "totalOtherIncomeExpensesNet": -158000000,
    "incomeBeforeTax": 935000000,
    "incomeBeforeTaxRatio": 0.1963460731,
    "incomeTaxExpense": 126000000,
    "netIncome": 705000000,
    "netIncomeRatio": 0.1480470391,
    "eps": 0.9353,
    "epsdiluted": 0.9333,
    "weightedAverageShsOut": 753800000,
    "weightedAverageShsOutDil": 755400000,
    "link": "https://www.sec.gov/Archives/edgar/data/797468/000079746819000004/0000797468-19-000004-index.htm",
    "finalLink": "https://www.sec.gov/Archives/edgar/data/797468/000079746819000004/oxy10k12-31x2018.htm"
  },
  {
    "date": "2018-09-30",
    "symbol": "OXY",
    "reportedCurrency": "USD",
    "cik": "0000797468",
    "fillingDate": "2018-11-05",
    "acceptedDate": "2018-11-05 16:27:58",
    "calendarYear": "2018",
    "period": "Q3",
    "revenue": 5181000000,
    "costOfRevenue": 2833000000,
    "grossProfit": 2348000000,
    "grossProfitRatio": 0.453194364,
    "researchAndDevelopmentExpenses": 0,
    "generalAndAdministrativeExpenses": 0,
    "sellingAndMarketingExpenses": 0,
    "sellingGeneralAndAdministrativeExpenses": 431000000,
    "otherExpenses": 110000000,
    "operatingExpenses": 541000000,
    "costAndExpenses": 3374000000,
    "interestIncome": 34000000,
    "interestExpense": 96000000,
    "depreciationAndAmortization": 1035000000,
    "ebitda": 3623000000,
    "ebitdaratio": 0.6992858522,
    "operatingIncome": 1807000000,
    "operatingIncomeRatio": 0.3487743679,
    "totalOtherIncomeExpensesNet": 772000000,
    "incomeBeforeTax": 2579000000,
    "incomeBeforeTaxRatio": 0.4977803513,
    "incomeTaxExpense": 710000000,
    "netIncome": 1861000000,
    "netIncomeRatio": 0.3591970662,
    "eps": 2.4432,
    "epsdiluted": 2.4381,
    "weightedAverageShsOut": 761700000,
    "weightedAverageShsOutDil": 763300000,
    "link": "https://www.sec.gov/Archives/edgar/data/797468/000079746818000017/0000797468-18-000017-index.htm",
    "finalLink": "https://www.sec.gov/Archives/edgar/data/797468/000079746818000017/oxyform10q93018.htm"
  },
  {
    "date": "2018-06-30",
    "symbol": "OXY",
    "reportedCurrency": "USD",
    "cik": "0000797468",
    "fillingDate": "2018-08-08",
    "acceptedDate": "2018-08-08 16:54:25",
    "calendarYear": "2018",
    "period": "Q2",
    "revenue": 4137000000,
    "costOfRevenue": 2433000000,
    "grossProfit": 1704000000,
    "grossProfitRatio": 0.4118926759,
    "researchAndDevelopmentExpenses": 0,
    "generalAndAdministrativeExpenses": 0,
    "sellingAndMarketingExpenses": 0,
    "sellingGeneralAndAdministrativeExpenses": 402000000,
    "otherExpenses": 115000000,
    "operatingExpenses": 517000000,
    "costAndExpenses": 2950000000,
    "interestIncome": 38000000,
    "interestExpense": 97000000,
    "depreciationAndAmortization": 962000000,
    "ebitda": 2131000000,
    "ebitdaratio": 0.5151075659,
    "operatingIncome": 1187000000,
    "operatingIncomeRatio": 0.286922891,
    "totalOtherIncomeExpensesNet": -37000000,
    "incomeBeforeTax": 1150000000,
    "incomeBeforeTaxRatio": 0.277979212,
    "incomeTaxExpense": 302000000,
    "netIncome": 843000000,
    "netIncomeRatio": 0.2037708484,
    "eps": 1.101,
    "epsdiluted": 1.0985,
    "weightedAverageShsOut": 765700000,
    "weightedAverageShsOutDil": 767400000,
    "link": "https://www.sec.gov/Archives/edgar/data/797468/000079746818000014/0000797468-18-000014-index.htm",
    "finalLink": "https://www.sec.gov/Archives/edgar/data/797468/000079746818000014/oxyform10q63018.htm"
  },
  {
    "date": "2018-03-31",
    "symbol": "OXY",
    "reportedCurrency": "USD",
    "cik": "0000797468",
    "fillingDate": "2018-05-08",
    "acceptedDate": "2018-05-08 16:25:29",
    "calendarYear": "2018",
    "period": "Q1",
    "revenue": 3782000000,
    "costOfRevenue": 2299000000,
    "grossProfit": 1483000000,
    "grossProfitRatio": 0.3921205711,
    "researchAndDevelopmentExpenses": 0,
    "generalAndAdministrativeExpenses": 0,
    "sellingAndMarketingExpenses": 0,
    "sellingGeneralAndAdministrativeExpenses": 307000000,
    "otherExpenses": 108000000,
    "operatingExpenses": 415000000,
    "costAndExpenses": 2714000000,
    "interestIncome": 29000000,
    "interestExpense": 97000000,
    "depreciationAndAmortization": 921000000,
    "ebitda": 2002000000,
    "ebitdaratio": 0.5293495505,
    "operatingIncome": 1068000000,
    "operatingIncomeRatio": 0.2823902697,
    "totalOtherIncomeExpensesNet": -21000000,
    "incomeBeforeTax": 1047000000,
    "incomeBeforeTaxRatio": 0.276837652,
    "incomeTaxExpense": 339000000,
    "netIncome": 705000000,
    "netIncomeRatio": 0.1864093072,
    "eps": 0.9208,
    "epsdiluted": 0.9192,
    "weightedAverageShsOut": 765600000,
    "weightedAverageShsOutDil": 767000000,
    "link": "https://www.sec.gov/Archives/edgar/data/797468/000079746818000008/0000797468-18-000008-index.htm",
    "finalLink": "https://www.sec.gov/Archives/edgar/data/797468/000079746818000008/oxyform10q33118.htm"
  },
  {
    "date": "2017-12-31",
    "symbol": "OXY",
    "reportedCurrency": "USD",
    "cik": "0000797468",
    "fillingDate": "2018-02-23",
    "acceptedDate": "2018-02-23 17:19:51",
    "calendarYear": "2017",
    "period": "Q4",
    "revenue": 3475000000,
    "costOfRevenue": 2456000000,
    "grossProfit": 1019000000,
    "grossProfitRatio": 0.2932374101,
    "researchAndDevelopmentExpenses": 0,
    "generalAndAdministrativeExpenses": 0,
    "sellingAndMarketingExpenses": 0,
    "sellingGeneralAndAdministrativeExpenses": 448000000,
    "otherExpenses": 90000000,
    "operatingExpenses": 538000000,
    "costAndExpenses": 2994000000,
    "interestIncome": 27000000,
    "interestExpense": 87000000,
    "depreciationAndAmortization": 1119000000,
    "ebitda": 1192000000,
    "ebitdaratio": 0.3430215827,
    "operatingIncome": 481000000,
    "operatingIncomeRatio": 0.1384172662,
    "totalOtherIncomeExpensesNet": -415000000,
    "incomeBeforeTax": 66000000,
    "incomeBeforeTaxRatio": 0.0189928058,
    "incomeTaxExpense": -431000000,
    "netIncome": 495000000,
    "netIncomeRatio": 0.1424460432,
    "eps": 0.65,
    "epsdiluted": 0.65,
    "weightedAverageShsOut": 765500000,
    "weightedAverageShsOutDil": 766400000,
    "link": "https://www.sec.gov/Archives/edgar/data/797468/000079746818000005/0000797468-18-000005-index.htm",
    "finalLink": "https://www.sec.gov/Archives/edgar/data/797468/000079746818000005/oxy10k12-31x2017.htm"
  },
  {
    "date": "2017-09-30",
    "symbol": "OXY",
    "reportedCurrency": "USD",
    "cik": "0000797468",
    "fillingDate": "2017-11-01",
    "acceptedDate": "2017-11-01 16:24:43",
    "calendarYear": "2017",
    "period": "Q3",
    "revenue": 2987000000,
    "costOfRevenue": 2360000000,
    "grossProfit": 627000000,
    "grossProfitRatio": 0.2099096083,
    "researchAndDevelopmentExpenses": 0,
    "generalAndAdministrativeExpenses": 0,
    "sellingAndMarketingExpenses": 0,
    "sellingGeneralAndAdministrativeExpenses": 352000000,
    "otherExpenses": 76000000,
    "operatingExpenses": 428000000,
    "costAndExpenses": 2788000000,
    "interestIncome": 20000000,
    "interestExpense": 91000000,
    "depreciationAndAmortization": 996000000,
    "ebitda": 1302000000,
    "ebitdaratio": 0.4358888517,
    "operatingIncome": 199000000,
    "operatingIncomeRatio": 0.0666220288,
    "totalOtherIncomeExpensesNet": 76000000,
    "incomeBeforeTax": 275000000,
    "incomeBeforeTaxRatio": 0.0920656177,
    "incomeTaxExpense": 85000000,
    "netIncome": 189000000,
    "netIncomeRatio": 0.0632741881,
    "eps": 0.25,
    "epsdiluted": 0.25,
    "weightedAverageShsOut": 765500000,
    "weightedAverageShsOutDil": 766400000,
    "link": "https://www.sec.gov/Archives/edgar/data/797468/000079746817000025/0000797468-17-000025-index.htm",
    "finalLink": "https://www.sec.gov/Archives/edgar/data/797468/000079746817000025/oxyform10q93017.htm"
  },
  {
    "date": "2017-06-30",
    "symbol": "OXY",
    "reportedCurrency": "USD",
    "cik": "0000797468",
    "fillingDate": "2017-08-02",
    "acceptedDate": "2017-08-02 16:24:04",
    "calendarYear": "2017",
    "period": "Q2",
    "revenue": 3053000000,
    "costOfRevenue": 2483000000,
    "grossProfit": 570000000,
    "grossProfitRatio": 0.186701605,
    "researchAndDevelopmentExpenses": 0,
    "generalAndAdministrativeExpenses": 0,
    "sellingAndMarketingExpenses": 0,
    "sellingGeneralAndAdministrativeExpenses": 352000000,
    "otherExpenses": 77000000,
    "operatingExpenses": 429000000,
    "costAndExpenses": 2912000000,
    "interestIncome": 31000000,
    "interestExpense": 86000000,
    "depreciationAndAmortization": 989000000,
    "ebitda": 1680000000,
    "ebitdaratio": 0.5502784147,
    "operatingIncome": 141000000,
    "operatingIncomeRatio": 0.0461840812,
    "totalOtherIncomeExpensesNet": 651000000,
    "incomeBeforeTax": 792000000,
    "incomeBeforeTaxRatio": 0.2594169669,
    "incomeTaxExpense": 285000000,
    "netIncome": 505000000,
    "netIncomeRatio": 0.1654110711,
    "eps": 0.66,
    "epsdiluted": 0.66,
    "weightedAverageShsOut": 764900000,
    "weightedAverageShsOutDil": 765900000,
    "link": "https://www.sec.gov/Archives/edgar/data/797468/000079746817000019/0000797468-17-000019-index.htm",
    "finalLink": "https://www.sec.gov/Archives/edgar/data/797468/000079746817000019/oxyform10q63017.htm"
  },
  {
    "date": "2017-03-31",
    "symbol": "OXY",
    "reportedCurrency": "USD",
    "cik": "0000797468",
    "fillingDate": "2017-05-04",
    "acceptedDate": "2017-05-04 17:05:27",
    "calendarYear": "2017",
    "period": "Q1",
    "revenue": 2945000000,
    "costOfRevenue": 2379000000,
    "grossProfit": 566000000,
    "grossProfitRatio": 0.1921901528,
    "researchAndDevelopmentExpenses": 0,
    "generalAndAdministrativeExpenses": 0,
    "sellingAndMarketingExpenses": 0,
    "sellingGeneralAndAdministrativeExpenses": 272000000,
    "otherExpenses": 68000000,
    "operatingExpenses": 340000000,
    "costAndExpenses": 2719000000,
    "interestIncome": 21000000,
    "interestExpense": 81000000,
    "depreciationAndAmortization": 942000000,
    "ebitda": 1188000000,
    "ebitdaratio": 0.4033955857,
    "operatingIncome": 226000000,
    "operatingIncomeRatio": 0.0767402377,
    "totalOtherIncomeExpensesNet": -61000000,
    "incomeBeforeTax": 165000000,
    "incomeBeforeTaxRatio": 0.0560271647,
    "incomeTaxExpense": 78000000,
    "netIncome": 117000000,
    "netIncomeRatio": 0.0397283531,
    "eps": 0.15,
    "epsdiluted": 0.15,
    "weightedAverageShsOut": 764400000,
    "weightedAverageShsOutDil": 765200000,
    "link": "https://www.sec.gov/Archives/edgar/data/797468/000079746817000007/0000797468-17-000007-index.htm",
    "finalLink": "https://www.sec.gov/Archives/edgar/data/797468/000079746817000007/oxyform10q33117.htm"
  },
  {
    "date": "2016-12-31",
    "symbol": "OXY",
    "reportedCurrency": "USD",
    "cik": "0000797468",
    "fillingDate": "2017-02-23",
    "acceptedDate": "2017-02-23 09:54:15",
    "calendarYear": "2016",
    "period": "Q4",
    "revenue": 2827000000,
    "costOfRevenue": 2393000000,
    "grossProfit": 434000000,
    "grossProfitRatio": 0.1535196321,
    "researchAndDevelopmentExpenses": 0,
    "generalAndAdministrativeExpenses": 0,
    "sellingAndMarketingExpenses": 0,
    "sellingGeneralAndAdministrativeExpenses": 404000000,
    "otherExpenses": 67000000,
    "operatingExpenses": 471000000,
    "costAndExpenses": 2864000000,
    "interestIncome": 34000000,
    "interestExpense": 76000000,
    "depreciationAndAmortization": 1050000000,
    "ebitda": 486000000,
    "ebitdaratio": 0.1719136894,
    "operatingIncome": -37000000,
    "operatingIncomeRatio": -0.0130880792,
    "totalOtherIncomeExpensesNet": -603000000,
    "incomeBeforeTax": -640000000,
    "incomeBeforeTaxRatio": -0.2263883976,
    "incomeTaxExpense": -333000000,
    "netIncome": -272000000,
    "netIncomeRatio": -0.096215069,
    "eps": -0.36,
    "epsdiluted": -0.36,
    "weightedAverageShsOut": 764100000,
    "weightedAverageShsOutDil": 764100000,
    "link": "https://www.sec.gov/Archives/edgar/data/797468/000079746817000003/0000797468-17-000003-index.htm",
    "finalLink": "https://www.sec.gov/Archives/edgar/data/797468/000079746817000003/oxy10k12-31x2016.htm"
  },
  {
    "date": "2016-09-30",
    "symbol": "OXY",
    "reportedCurrency": "USD",
    "cik": "0000797468",
    "fillingDate": "2016-11-01",
    "acceptedDate": "2016-11-01 16:07:24",
    "calendarYear": "2016",
    "period": "Q3",
    "revenue": 2639000000,
    "costOfRevenue": 2393000000,
    "grossProfit": 246000000,
    "grossProfitRatio": 0.0932171277,
    "researchAndDevelopmentExpenses": 0,
    "generalAndAdministrativeExpenses": 0,
    "sellingAndMarketingExpenses": 0,
    "sellingGeneralAndAdministrativeExpenses": 316000000,
    "otherExpenses": 61000000,
    "operatingExpenses": 377000000,
    "costAndExpenses": 2770000000,
    "interestIncome": 25000000,
    "interestExpense": 68000000,
    "depreciationAndAmortization": 1051000000,
    "ebitda": 793000000,
    "ebitdaratio": 0.3004926108,
    "operatingIncome": -131000000,
    "operatingIncomeRatio": -0.0496400152,
    "totalOtherIncomeExpensesNet": -195000000,
    "incomeBeforeTax": -326000000,
    "incomeBeforeTaxRatio": -0.1235316408,
    "incomeTaxExpense": -30000000,
    "netIncome": -241000000,
    "netIncomeRatio": -0.0913224706,
    "eps": -0.32,
    "epsdiluted": -0.32,
    "weightedAverageShsOut": 764000000,
    "weightedAverageShsOutDil": 764000000,
    "link": "https://www.sec.gov/Archives/edgar/data/797468/000079746816000039/0000797468-16-000039-index.htm",
    "finalLink": "https://www.sec.gov/Archives/edgar/data/797468/000079746816000039/oxyform10q93016.htm"
  },
  {
    "date": "2016-06-30",
    "symbol": "OXY",
    "reportedCurrency": "USD",
    "cik": "0000797468",
    "fillingDate": "2016-08-03",
    "acceptedDate": "2016-08-03 17:11:09",
    "calendarYear": "2016",
    "period": "Q2",
    "revenue": 2531000000,
    "costOfRevenue": 2314000000,
    "grossProfit": 217000000,
    "grossProfitRatio": 0.0857368629,
    "researchAndDevelopmentExpenses": 0,
    "generalAndAdministrativeExpenses": 0,
    "sellingAndMarketingExpenses": 0,
    "sellingGeneralAndAdministrativeExpenses": 338000000,
    "otherExpenses": 65000000,
    "operatingExpenses": 439000000,
    "costAndExpenses": 2706000000,
    "interestIncome": 27000000,
    "interestExpense": 88000000,
    "depreciationAndAmortization": 1070000000,
    "ebitda": 875000000,
    "ebitdaratio": 0.3457131569,
    "operatingIncome": -222000000,
    "operatingIncomeRatio": -0.0877123667,
    "totalOtherIncomeExpensesNet": -61000000,
    "incomeBeforeTax": -283000000,
    "incomeBeforeTaxRatio": -0.1118135124,
    "incomeTaxExpense": -96000000,
    "netIncome": -139000000,
    "netIncomeRatio": -0.0549190043,
    "eps": -0.18,
    "epsdiluted": -0.18,
    "weightedAverageShsOut": 755555555,
    "weightedAverageShsOutDil": 763600000,
    "link": "https://www.sec.gov/Archives/edgar/data/797468/000079746816000036/0000797468-16-000036-index.htm",
    "finalLink": "https://www.sec.gov/Archives/edgar/data/797468/000079746816000036/oxyform10q63016.htm"
  },
  {
    "date": "2016-03-31",
    "symbol": "OXY",
    "reportedCurrency": "USD",
    "cik": "0000797468",
    "fillingDate": "2016-05-05",
    "acceptedDate": "2016-05-05 17:07:37",
    "calendarYear": "2016",
    "period": "Q1",
    "revenue": 2123000000,
    "costOfRevenue": 2383000000,
    "grossProfit": -260000000,
    "grossProfitRatio": -0.1224682054,
    "researchAndDevelopmentExpenses": 0,
    "generalAndAdministrativeExpenses": 0,
    "sellingAndMarketingExpenses": 0,
    "sellingGeneralAndAdministrativeExpenses": 272000000,
    "otherExpenses": 84000000,
    "operatingExpenses": 356000000,
    "costAndExpenses": 2739000000,
    "interestIncome": 20000000,
    "interestExpense": 60000000,
    "depreciationAndAmortization": 1102000000,
    "ebitda": 486000000,
    "ebitdaratio": 0.2289213377,
    "operatingIncome": -616000000,
    "operatingIncomeRatio": -0.2901554404,
    "totalOtherIncomeExpensesNet": 53000000,
    "incomeBeforeTax": -563000000,
    "incomeBeforeTaxRatio": -0.2651907678,
    "incomeTaxExpense": -203000000,
    "netIncome": 78000000,
    "netIncomeRatio": 0.0367404616,
    "eps": 0.1,
    "epsdiluted": 0.1,
    "weightedAverageShsOut": 763400000,
    "weightedAverageShsOutDil": 763400000,
    "link": "https://www.sec.gov/Archives/edgar/data/797468/000079746816000023/0000797468-16-000023-index.htm",
    "finalLink": "https://www.sec.gov/Archives/edgar/data/797468/000079746816000023/oxyform10q33116.htm"
  },
  {
    "date": "2015-12-31",
    "symbol": "OXY",
    "reportedCurrency": "USD",
    "cik": "0000797468",
    "fillingDate": "2016-02-26",
    "acceptedDate": "2016-02-26 12:08:12",
    "calendarYear": "2015",
    "period": "Q4",
    "revenue": 2806000000,
    "costOfRevenue": 2630000000,
    "grossProfit": 176000000,
    "grossProfitRatio": 0.062722737,
    "researchAndDevelopmentExpenses": 0,
    "generalAndAdministrativeExpenses": 0,
    "sellingAndMarketingExpenses": 0,
    "sellingGeneralAndAdministrativeExpenses": 320000000,
    "otherExpenses": 63000000,
    "operatingExpenses": 383000000,
    "costAndExpenses": 3013000000,
    "interestIncome": 29000000,
    "interestExpense": 61000000,
    "depreciationAndAmortization": 1276000000,
    "ebitda": -5412000000,
    "ebitdaratio": -1.9287241625,
    "operatingIncome": -207000000,
    "operatingIncomeRatio": -0.0737704918,
    "totalOtherIncomeExpensesNet": -6488000000,
    "incomeBeforeTax": -6695000000,
    "incomeBeforeTaxRatio": -2.38595866,
    "incomeTaxExpense": -1190000000,
    "netIncome": -5178000000,
    "netIncomeRatio": -1.8453314326,
    "eps": -6.78,
    "epsdiluted": -6.78,
    "weightedAverageShsOut": 763200000,
    "weightedAverageShsOutDil": 763200000,
    "link": "https://www.sec.gov/Archives/edgar/data/797468/000079746816000017/0000797468-16-000017-index.htm",
    "finalLink": "https://www.sec.gov/Archives/edgar/data/797468/000079746816000017/oxy10k12-31x2015.htm"
  },
  {
    "date": "2015-09-30",
    "symbol": "OXY",
    "reportedCurrency": "USD",
    "cik": "0000797468",
    "fillingDate": "2015-10-30",
    "acceptedDate": "2015-10-29 18:04:22",
    "calendarYear": "2015",
    "period": "Q3",
    "revenue": 3116000000,
    "costOfRevenue": 2536000000,
    "grossProfit": 580000000,
    "grossProfitRatio": 0.1861360719,
    "researchAndDevelopmentExpenses": 0,
    "generalAndAdministrativeExpenses": 0,
    "sellingAndMarketingExpenses": 0,
    "sellingGeneralAndAdministrativeExpenses": 292000000,
    "otherExpenses": 0,
    "operatingExpenses": 292000000,
    "costAndExpenses": 2912000000,
    "interestIncome": 31000000,
    "interestExpense": 48000000,
    "depreciationAndAmortization": 1123000000,
    "ebitda": -993000000,
    "ebitdaratio": -0.318677792,
    "operatingIncome": 204000000,
    "operatingIncomeRatio": 0.0654685494,
    "totalOtherIncomeExpensesNet": -3315000000,
    "incomeBeforeTax": -3111000000,
    "incomeBeforeTaxRatio": -0.9983953787,
    "incomeTaxExpense": -445000000,
    "netIncome": -2609000000,
    "netIncomeRatio": -0.8372913992,
    "eps": -3.42,
    "epsdiluted": -3.42,
    "weightedAverageShsOut": 763300000,
    "weightedAverageShsOutDil": 763300000,
    "link": "https://www.sec.gov/Archives/edgar/data/797468/000079746815000014/0000797468-15-000014-index.htm",
    "finalLink": "https://www.sec.gov/Archives/edgar/data/797468/000079746815000014/oxyform10q93015.htm"
  },
  {
    "date": "2015-06-30",
    "symbol": "OXY",
    "reportedCurrency": "USD",
    "cik": "0000797468",
    "fillingDate": "2015-08-04",
    "acceptedDate": "2015-08-03 18:14:14",
    "calendarYear": "2015",
    "period": "Q2",
    "revenue": 3469000000,
    "costOfRevenue": 2596000000,
    "grossProfit": 873000000,
    "grossProfitRatio": 0.2516575382,
    "researchAndDevelopmentExpenses": 0,
    "generalAndAdministrativeExpenses": 0,
    "sellingAndMarketingExpenses": 0,
    "sellingGeneralAndAdministrativeExpenses": 347000000,
    "otherExpenses": 0,
    "operatingExpenses": 464000000,
    "costAndExpenses": 2984000000,
    "interestIncome": 26000000,
    "interestExpense": 8000000,
    "depreciationAndAmortization": 1116000000,
    "ebitda": 1570000000,
    "ebitdaratio": 0.4525799942,
    "operatingIncome": 409000000,
    "operatingIncomeRatio": 0.1179014125,
    "totalOtherIncomeExpensesNet": 37000000,
    "incomeBeforeTax": 446000000,
    "incomeBeforeTaxRatio": 0.1285673105,
    "incomeTaxExpense": 324000000,
    "netIncome": 176000000,
    "netIncomeRatio": 0.0507350822,
    "eps": 0.23,
    "epsdiluted": 0.23,
    "weightedAverageShsOut": 782608695,
    "weightedAverageShsOutDil": 766600000,
    "link": "https://www.sec.gov/Archives/edgar/data/797468/000079746815000012/0000797468-15-000012-index.htm",
    "finalLink": "https://www.sec.gov/Archives/edgar/data/797468/000079746815000012/oxyform10q63015.htm"
  },
  {
    "date": "2015-03-31",
    "symbol": "OXY",
    "reportedCurrency": "USD",
    "cik": "0000797468",
    "fillingDate": "2015-05-06",
    "acceptedDate": "2015-05-06 16:21:22",
    "calendarYear": "2015",
    "period": "Q1",
    "revenue": 3089000000,
    "costOfRevenue": 2586000000,
    "grossProfit": 503000000,
    "grossProfitRatio": 0.1628358692,
    "researchAndDevelopmentExpenses": 0,
    "generalAndAdministrativeExpenses": 0,
    "sellingAndMarketingExpenses": 0,
    "sellingGeneralAndAdministrativeExpenses": 311000000,
    "otherExpenses": 115000000,
    "operatingExpenses": 426000000,
    "costAndExpenses": 3326000000,
    "interestIncome": 31000000,
    "interestExpense": 30000000,
    "depreciationAndAmortization": 1029000000,
    "ebitda": 789000000,
    "ebitdaratio": 0.2554224668,
    "operatingIncome": 77000000,
    "operatingIncomeRatio": 0.0249271609,
    "totalOtherIncomeExpensesNet": -311000000,
    "incomeBeforeTax": -234000000,
    "incomeBeforeTaxRatio": -0.0757526708,
    "incomeTaxExpense": -19000000,
    "netIncome": -218000000,
    "netIncomeRatio": -0.070573001,
    "eps": -0.28,
    "epsdiluted": -0.28,
    "weightedAverageShsOut": 769600000,
    "weightedAverageShsOutDil": 769600000,
    "link": "https://www.sec.gov/Archives/edgar/data/797468/000079746815000006/0000797468-15-000006-index.htm",
    "finalLink": "https://www.sec.gov/Archives/edgar/data/797468/000079746815000006/oxyform10q3312015.htm"
  },
  {
    "date": "2014-12-31",
    "symbol": "OXY",
    "reportedCurrency": "USD",
    "cik": "0000797468",
    "fillingDate": "2015-02-23",
    "acceptedDate": "2015-02-23 16:23:58",
    "calendarYear": "2014",
    "period": "Q4",
    "revenue": 953000000,
    "costOfRevenue": 1184000000,
    "grossProfit": -231000000,
    "grossProfitRatio": -0.2423924449,
    "researchAndDevelopmentExpenses": 0,
    "generalAndAdministrativeExpenses": 0,
    "sellingAndMarketingExpenses": 0,
    "sellingGeneralAndAdministrativeExpenses": 176000000,
    "otherExpenses": -55000000,
    "operatingExpenses": 121000000,
    "costAndExpenses": 1305000000,
    "interestIncome": 23000000,
    "interestExpense": 25000000,
    "depreciationAndAmortization": 318000000,
    "ebitda": -4934000000,
    "ebitdaratio": -5.1773347324,
    "operatingIncome": -352000000,
    "operatingIncomeRatio": -0.3693599161,
    "totalOtherIncomeExpensesNet": -4925000000,
    "incomeBeforeTax": -5277000000,
    "incomeBeforeTaxRatio": -5.537250787,
    "incomeTaxExpense": -1021000000,
    "netIncome": -3413000000,
    "netIncomeRatio": -3.5813221406,
    "eps": -4.41,
    "epsdiluted": -4.39,
    "weightedAverageShsOut": 773300000,
    "weightedAverageShsOutDil": 773400000,
    "link": "https://www.sec.gov/Archives/edgar/data/797468/000079746815000003/0000797468-15-000003-index.htm",
    "finalLink": "https://www.sec.gov/Archives/edgar/data/797468/000079746815000003/oxy10k12-31x2014.htm"
  },
  {
    "date": "2014-09-30",
    "symbol": "OXY",
    "reportedCurrency": "USD",
    "cik": "0000797468",
    "fillingDate": "2014-10-31",
    "acceptedDate": "2014-10-30 17:41:28",
    "calendarYear": "2014",
    "period": "Q3",
    "revenue": 5996000000,
    "costOfRevenue": 3385000000,
    "grossProfit": 2611000000,
    "grossProfitRatio": 0.4354569713,
    "researchAndDevelopmentExpenses": 0,
    "generalAndAdministrativeExpenses": 0,
    "sellingAndMarketingExpenses": 0,
    "sellingGeneralAndAdministrativeExpenses": 355000000,
    "otherExpenses": 86000000,
    "operatingExpenses": 518000000,
    "costAndExpenses": 3310000000,
    "interestIncome": 31000000,
    "interestExpense": 16000000,
    "depreciationAndAmortization": 1056000000,
    "ebitda": 2676000000,
    "ebitdaratio": 0.4462975317,
    "operatingIncome": 2039000000,
    "operatingIncomeRatio": 0.34006004,
    "totalOtherIncomeExpensesNet": -342000000,
    "incomeBeforeTax": 1697000000,
    "incomeBeforeTaxRatio": 0.2830220147,
    "incomeTaxExpense": 699000000,
    "netIncome": 1208000000,
    "netIncomeRatio": 0.2014676451,
    "eps": 1.55,
    "epsdiluted": 1.55,
    "weightedAverageShsOut": 777400000,
    "weightedAverageShsOutDil": 777700000,
    "link": "https://www.sec.gov/Archives/edgar/data/797468/000079746814000079/0000797468-14-000079-index.htm",
    "finalLink": "https://www.sec.gov/Archives/edgar/data/797468/000079746814000079/oxyform10q9302014.htm"
  },
  {
    "date": "2014-06-30",
    "symbol": "OXY",
    "reportedCurrency": "USD",
    "cik": "0000797468",
    "fillingDate": "2014-08-05",
    "acceptedDate": "2014-08-05 10:35:21",
    "calendarYear": "2014",
    "period": "Q2",
    "revenue": 5133000000,
    "costOfRevenue": 3297000000,
    "grossProfit": 1836000000,
    "grossProfitRatio": 0.357685564,
    "researchAndDevelopmentExpenses": 0,
    "generalAndAdministrativeExpenses": 0,
    "sellingAndMarketingExpenses": 0,
    "sellingGeneralAndAdministrativeExpenses": 429000000,
    "otherExpenses": 69000000,
    "operatingExpenses": 612000000,
    "costAndExpenses": 3327000000,
    "interestIncome": 46000000,
    "interestExpense": 20000000,
    "depreciationAndAmortization": 1024000000,
    "ebitda": 2931000000,
    "ebitdaratio": 0.5710111046,
    "operatingIncome": 1806000000,
    "operatingIncomeRatio": 0.3518410286,
    "totalOtherIncomeExpensesNet": 164000000,
    "incomeBeforeTax": 1970000000,
    "incomeBeforeTaxRatio": 0.3837911553,
    "incomeTaxExpense": 809000000,
    "netIncome": 1431000000,
    "netIncomeRatio": 0.2787843366,
    "eps": 1.83,
    "epsdiluted": 1.82,
    "weightedAverageShsOut": 782900000,
    "weightedAverageShsOutDil": 782900000,
    "link": "https://www.sec.gov/Archives/edgar/data/797468/000079746814000073/0000797468-14-000073-index.htm",
    "finalLink": "https://www.sec.gov/Archives/edgar/data/797468/000079746814000073/oxyform10q63014.htm"
  },
  {
    "date": "2014-03-31",
    "symbol": "OXY",
    "reportedCurrency": "USD",
    "cik": "0000797468",
    "fillingDate": "2014-05-05",
    "acceptedDate": "2014-05-05 12:07:11",
    "calendarYear": "2014",
    "period": "Q1",
    "revenue": 4968000000,
    "costOfRevenue": 2620000000,
    "grossProfit": 2348000000,
    "grossProfitRatio": 0.4726247987,
    "researchAndDevelopmentExpenses": 0,
    "generalAndAdministrativeExpenses": 0,
    "sellingAndMarketingExpenses": 0,
    "sellingGeneralAndAdministrativeExpenses": 317000000,
    "otherExpenses": 175000000,
    "operatingExpenses": 492000000,
    "costAndExpenses": 3112000000,
    "interestIncome": 30000000,
    "interestExpense": 22000000,
    "depreciationAndAmortization": 977000000,
    "ebitda": 2863000000,
    "ebitdaratio": 0.5762882448,
    "operatingIncome": 1856000000,
    "operatingIncomeRatio": 0.3735909823,
    "totalOtherIncomeExpensesNet": 75000000,
    "incomeBeforeTax": 1931000000,
    "incomeBeforeTaxRatio": 0.3886876006,
    "incomeTaxExpense": 794000000,
    "netIncome": 1390000000,
    "netIncomeRatio": 0.2797906602,
    "eps": 1.75,
    "epsdiluted": 1.75,
    "weightedAverageShsOut": 791700000,
    "weightedAverageShsOutDil": 791700000,
    "link": "https://www.sec.gov/Archives/edgar/data/797468/000144530514001808/0001445305-14-001808-index.htm",
    "finalLink": "https://www.sec.gov/Archives/edgar/data/797468/000144530514001808/oxy10q3312014.htm"
  },
  {
    "date": "2013-12-31",
    "symbol": "OXY",
    "reportedCurrency": "USD",
    "cik": "0000797468",
    "fillingDate": "2014-03-03",
    "acceptedDate": "2014-03-03 14:00:57",
    "calendarYear": "2013",
    "period": "Q4",
    "revenue": 6172000000,
    "costOfRevenue": 3378000000,
    "grossProfit": 2794000000,
    "grossProfitRatio": 0.4526895658,
    "researchAndDevelopmentExpenses": 0,
    "generalAndAdministrativeExpenses": 0,
    "sellingAndMarketingExpenses": 0,
    "sellingGeneralAndAdministrativeExpenses": 454000000,
    "otherExpenses": 241000000,
    "operatingExpenses": 695000000,
    "costAndExpenses": 4073000000,
    "interestIncome": 17000000,
    "interestExpense": 25000000,
    "depreciationAndAmortization": 1451000000,
    "ebitda": 3990000000,
    "ebitdaratio": 0.6464679196,
    "operatingIncome": 2099000000,
    "operatingIncomeRatio": 0.3400842515,
    "totalOtherIncomeExpensesNet": 517000000,
    "incomeBeforeTax": 2616000000,
    "incomeBeforeTaxRatio": 0.4238496436,
    "incomeTaxExpense": 973000000,
    "netIncome": 1643000000,
    "netIncomeRatio": 0.2662022035,
    "eps": 2.04,
    "epsdiluted": 2.04,
    "weightedAverageShsOut": 801700000,
    "weightedAverageShsOutDil": 802100000,
    "link": "https://www.sec.gov/Archives/edgar/data/797468/000079746814000011/0000797468-14-000011-index.htm",
    "finalLink": "https://www.sec.gov/Archives/edgar/data/797468/000079746814000011/oxy10k12-31x2013.htm"
  },
  {
    "date": "2013-09-30",
    "symbol": "OXY",
    "reportedCurrency": "USD",
    "cik": "0000797468",
    "fillingDate": "2013-10-30",
    "acceptedDate": "2013-10-30 13:17:11",
    "calendarYear": "2013",
    "period": "Q3",
    "revenue": 6449000000,
    "costOfRevenue": 3214000000,
    "grossProfit": 3235000000,
    "grossProfitRatio": 0.5016281594,
    "researchAndDevelopmentExpenses": 0,
    "generalAndAdministrativeExpenses": 0,
    "sellingAndMarketingExpenses": 0,
    "sellingGeneralAndAdministrativeExpenses": 459000000,
    "otherExpenses": 254000000,
    "operatingExpenses": 713000000,
    "costAndExpenses": 3927000000,
    "interestIncome": 26000000,
    "interestExpense": 28000000,
    "depreciationAndAmortization": 1334000000,
    "ebitda": 3856000000,
    "ebitdaratio": 0.5979221585,
    "operatingIncome": 2522000000,
    "operatingIncomeRatio": 0.3910683827,
    "totalOtherIncomeExpensesNet": 98000000,
    "incomeBeforeTax": 2620000000,
    "incomeBeforeTaxRatio": 0.4062645371,
    "incomeTaxExpense": 1037000000,
    "netIncome": 1583000000,
    "netIncomeRatio": 0.2454644131,
    "eps": 1.96,
    "epsdiluted": 1.96,
    "weightedAverageShsOut": 805100000,
    "weightedAverageShsOutDil": 805700000,
    "link": "https://www.sec.gov/Archives/edgar/data/797468/000079746813000106/0000797468-13-000106-index.htm",
    "finalLink": "https://www.sec.gov/Archives/edgar/data/797468/000079746813000106/oxy10q9302013.htm"
  },
  {
    "date": "2013-06-30",
    "symbol": "OXY",
    "reportedCurrency": "USD",
    "cik": "0000797468",
    "fillingDate": "2013-08-05",
    "acceptedDate": "2013-08-05 16:05:26",
    "calendarYear": "2013",
    "period": "Q2",
    "revenue": 5962000000,
    "costOfRevenue": 3180000000,
    "grossProfit": 2782000000,
    "grossProfitRatio": 0.4666219389,
    "researchAndDevelopmentExpenses": 0,
    "generalAndAdministrativeExpenses": 0,
    "sellingAndMarketingExpenses": 0,
    "sellingGeneralAndAdministrativeExpenses": 495000000,
    "otherExpenses": 274000000,
    "operatingExpenses": 769000000,
    "costAndExpenses": 3949000000,
    "interestIncome": 28000000,
    "interestExpense": 30000000,
    "depreciationAndAmortization": 1303000000,
    "ebitda": 3316000000,
    "ebitdaratio": 0.5561891983,
    "operatingIncome": 2013000000,
    "operatingIncomeRatio": 0.3376383764,
    "totalOtherIncomeExpensesNet": 129000000,
    "incomeBeforeTax": 2142000000,
    "incomeBeforeTaxRatio": 0.3592754109,
    "incomeTaxExpense": 901000000,
    "netIncome": 1322000000,
    "netIncomeRatio": 0.2217376719,
    "eps": 1.64,
    "epsdiluted": 1.64,
    "weightedAverageShsOut": 805400000,
    "weightedAverageShsOutDil": 805400000,
    "link": "https://www.sec.gov/Archives/edgar/data/797468/000079746813000079/0000797468-13-000079-index.htm",
    "finalLink": "https://www.sec.gov/Archives/edgar/data/797468/000079746813000079/oxy10q6302013.htm"
  },
  {
    "date": "2013-03-31",
    "symbol": "OXY",
    "reportedCurrency": "USD",
    "cik": "0000797468",
    "fillingDate": "2013-05-01",
    "acceptedDate": "2013-05-01 13:48:20",
    "calendarYear": "2013",
    "period": "Q1",
    "revenue": 5872000000,
    "costOfRevenue": 3137000000,
    "grossProfit": 2735000000,
    "grossProfitRatio": 0.4657697548,
    "researchAndDevelopmentExpenses": 0,
    "generalAndAdministrativeExpenses": 0,
    "sellingAndMarketingExpenses": 0,
    "sellingGeneralAndAdministrativeExpenses": 393000000,
    "otherExpenses": 236000000,
    "operatingExpenses": 629000000,
    "costAndExpenses": 3766000000,
    "interestIncome": 35000000,
    "interestExpense": 34000000,
    "depreciationAndAmortization": 1259000000,
    "ebitda": 3365000000,
    "ebitdaratio": 0.5730585831,
    "operatingIncome": 2106000000,
    "operatingIncomeRatio": 0.3586512262,
    "totalOtherIncomeExpensesNet": 97000000,
    "incomeBeforeTax": 2203000000,
    "incomeBeforeTaxRatio": 0.3751702997,
    "incomeTaxExpense": 844000000,
    "netIncome": 1355000000,
    "netIncomeRatio": 0.2307561308,
    "eps": 1.68,
    "epsdiluted": 1.68,
    "weightedAverageShsOut": 804700351,
    "weightedAverageShsOutDil": 805200000,
    "link": "https://www.sec.gov/Archives/edgar/data/797468/000079746813000036/0000797468-13-000036-index.htm",
    "finalLink": "https://www.sec.gov/Archives/edgar/data/797468/000079746813000036/oxy10q3312013.htm"
  },
  {
    "date": "2012-12-31",
    "symbol": "OXY",
    "reportedCurrency": "USD",
    "cik": "0000797468",
    "fillingDate": "2013-02-26",
    "acceptedDate": "2013-02-26 14:26:18",
    "calendarYear": "2012",
    "period": "Q4",
    "revenue": 6171000000,
    "costOfRevenue": 3169000000,
    "grossProfit": 3002000000,
    "grossProfitRatio": 0.4864689678,
    "researchAndDevelopmentExpenses": 0,
    "generalAndAdministrativeExpenses": 0,
    "sellingAndMarketingExpenses": 0,
    "sellingGeneralAndAdministrativeExpenses": 439000000,
    "otherExpenses": 249000000,
    "operatingExpenses": 688000000,
    "costAndExpenses": 3857000000,
    "interestIncome": 17000000,
    "interestExpense": 36000000,
    "depreciationAndAmortization": 1191000000,
    "ebitda": 1770000000,
    "ebitdaratio": 0.286825474,
    "operatingIncome": 2314000000,
    "operatingIncomeRatio": 0.374979744,
    "totalOtherIncomeExpensesNet": -1701000000,
    "incomeBeforeTax": 613000000,
    "incomeBeforeTaxRatio": 0.099335602,
    "incomeTaxExpense": 249000000,
    "netIncome": 336000000,
    "netIncomeRatio": 0.0544482256,
    "eps": 0.42,
    "epsdiluted": 0.42,
    "weightedAverageShsOut": 807100000,
    "weightedAverageShsOutDil": 807700000,
    "link": "https://www.sec.gov/Archives/edgar/data/797468/000079746813000011/0000797468-13-000011-index.htm",
    "finalLink": "https://www.sec.gov/Archives/edgar/data/797468/000079746813000011/oxy10k12-31x2012.htm"
  },
  {
    "date": "2012-09-30",
    "symbol": "OXY",
    "reportedCurrency": "USD",
    "cik": "0000797468",
    "fillingDate": "2012-11-02",
    "acceptedDate": "2012-11-02 13:26:38",
    "calendarYear": "2012",
    "period": "Q3",
    "revenue": 5965000000,
    "costOfRevenue": 3176000000,
    "grossProfit": 2789000000,
    "grossProfitRatio": 0.4675607712,
    "researchAndDevelopmentExpenses": 0,
    "generalAndAdministrativeExpenses": 0,
    "sellingAndMarketingExpenses": 0,
    "sellingGeneralAndAdministrativeExpenses": 394000000,
    "otherExpenses": 241000000,
    "operatingExpenses": 635000000,
    "costAndExpenses": 3570000000,
    "interestIncome": 26000000,
    "interestExpense": 36000000,
    "depreciationAndAmortization": 1148000000,
    "ebitda": 3302000000,
    "ebitdaratio": 0.5535624476,
    "operatingIncome": 2154000000,
    "operatingIncomeRatio": 0.3611064543,
    "totalOtherIncomeExpensesNet": 80000000,
    "incomeBeforeTax": 2234000000,
    "incomeBeforeTaxRatio": 0.3745180218,
    "incomeTaxExpense": 855000000,
    "netIncome": 1375000000,
    "netIncomeRatio": 0.230511316,
    "eps": 1.69,
    "epsdiluted": 1.69,
    "weightedAverageShsOut": 809700000,
    "weightedAverageShsOutDil": 810400000,
    "link": "https://www.sec.gov/Archives/edgar/data/797468/000079746812000086/0000797468-12-000086-index.htm",
    "finalLink": "https://www.sec.gov/Archives/edgar/data/797468/000079746812000086/form10q-20120930.htm"
  },
  {
    "date": "2012-06-30",
    "symbol": "OXY",
    "reportedCurrency": "USD",
    "cik": "0000797468",
    "fillingDate": "2012-08-06",
    "acceptedDate": "2012-08-06 13:53:35",
    "calendarYear": "2012",
    "period": "Q2",
    "revenue": 5768000000,
    "costOfRevenue": 3060000000,
    "grossProfit": 2708000000,
    "grossProfitRatio": 0.4694868239,
    "researchAndDevelopmentExpenses": 0,
    "generalAndAdministrativeExpenses": 0,
    "sellingAndMarketingExpenses": 0,
    "sellingGeneralAndAdministrativeExpenses": 335000000,
    "otherExpenses": 263000000,
    "operatingExpenses": 598000000,
    "costAndExpenses": 3658000000,
    "interestIncome": 24000000,
    "interestExpense": 28000000,
    "depreciationAndAmortization": 1087000000,
    "ebitda": 3221000000,
    "ebitdaratio": 0.5584257975,
    "operatingIncome": 2110000000,
    "operatingIncomeRatio": 0.3658113731,
    "totalOtherIncomeExpensesNet": -4000000,
    "incomeBeforeTax": 2106000000,
    "incomeBeforeTaxRatio": 0.3651178918,
    "incomeTaxExpense": 875000000,
    "netIncome": 1328000000,
    "netIncomeRatio": 0.2302357836,
    "eps": 1.64,
    "epsdiluted": 1.64,
    "weightedAverageShsOut": 810300000,
    "weightedAverageShsOutDil": 811000000,
    "link": "https://www.sec.gov/Archives/edgar/data/797468/000079746812000064/0000797468-12-000064-index.htm",
    "finalLink": "https://www.sec.gov/Archives/edgar/data/797468/000079746812000064/form10q-20120630.htm"
  },
  {
    "date": "2012-03-31",
    "symbol": "OXY",
    "reportedCurrency": "USD",
    "cik": "0000797468",
    "fillingDate": "2012-05-03",
    "acceptedDate": "2012-05-02 18:45:48",
    "calendarYear": "2012",
    "period": "Q1",
    "revenue": 6268000000,
    "costOfRevenue": 2950000000,
    "grossProfit": 3318000000,
    "grossProfitRatio": 0.5293554563,
    "researchAndDevelopmentExpenses": 0,
    "generalAndAdministrativeExpenses": 0,
    "sellingAndMarketingExpenses": 0,
    "sellingGeneralAndAdministrativeExpenses": 434000000,
    "otherExpenses": 272000000,
    "operatingExpenses": 706000000,
    "costAndExpenses": 3656000000,
    "interestIncome": 14000000,
    "interestExpense": 30000000,
    "depreciationAndAmortization": 1085000000,
    "ebitda": 3712000000,
    "ebitdaratio": 0.5922144225,
    "operatingIncome": 2612000000,
    "operatingIncomeRatio": 0.4167198468,
    "totalOtherIncomeExpensesNet": 87000000,
    "incomeBeforeTax": 2699000000,
    "incomeBeforeTaxRatio": 0.4305998724,
    "incomeTaxExpense": 1139000000,
    "netIncome": 1559000000,
    "netIncomeRatio": 0.2487236758,
    "eps": 1.92,
    "epsdiluted": 1.92,
    "weightedAverageShsOut": 810500000,
    "weightedAverageShsOutDil": 811300000,
    "link": "https://www.sec.gov/Archives/edgar/data/797468/000079746812000023/0000797468-12-000023-index.htm",
    "finalLink": "https://www.sec.gov/Archives/edgar/data/797468/000079746812000023/form10q-20121q.htm"
  },
  {
    "date": "2011-12-31",
    "symbol": "OXY",
    "reportedCurrency": "USD",
    "cik": "0000797468",
    "fillingDate": "2012-02-23",
    "acceptedDate": "2012-02-23 13:40:17",
    "calendarYear": "2011",
    "period": "Q4",
    "revenue": 6049000000,
    "costOfRevenue": -740000000,
    "grossProfit": 6789000000,
    "grossProfitRatio": 1.1223342701,
    "researchAndDevelopmentExpenses": 0,
    "generalAndAdministrativeExpenses": 0,
    "sellingAndMarketingExpenses": 0,
    "sellingGeneralAndAdministrativeExpenses": 452000000,
    "otherExpenses": 3804000000,
    "operatingExpenses": 4256000000,
    "costAndExpenses": 3516000000,
    "interestIncome": 29000000,
    "interestExpense": 31000000,
    "depreciationAndAmortization": 938000000,
    "ebitda": 3478000000,
    "ebitdaratio": 0.5749710696,
    "operatingIncome": 2533000000,
    "operatingIncomeRatio": 0.4187469003,
    "totalOtherIncomeExpensesNet": -24000000,
    "incomeBeforeTax": 2509000000,
    "incomeBeforeTaxRatio": 0.4147793024,
    "incomeTaxExpense": 949000000,
    "netIncome": 1634000000,
    "netIncomeRatio": 0.2701272938,
    "eps": 2.01,
    "epsdiluted": 2.01,
    "weightedAverageShsOut": 810600000,
    "weightedAverageShsOutDil": 812500000,
    "link": "https://www.sec.gov/Archives/edgar/data/797468/000079746812000016/0000797468-12-000016-index.htm",
    "finalLink": "https://www.sec.gov/Archives/edgar/data/797468/000079746812000016/form10k-2011.htm"
  },
  {
    "date": "2011-09-30",
    "symbol": "OXY",
    "reportedCurrency": "USD",
    "cik": "0000797468",
    "fillingDate": "2011-11-03",
    "acceptedDate": "2011-11-03 13:27:12",
    "calendarYear": "2011",
    "period": "Q3",
    "revenue": 6006000000,
    "costOfRevenue": 2879000000,
    "grossProfit": 3127000000,
    "grossProfitRatio": 0.5206460206,
    "researchAndDevelopmentExpenses": 0,
    "generalAndAdministrativeExpenses": 0,
    "sellingAndMarketingExpenses": 0,
    "sellingGeneralAndAdministrativeExpenses": 242000000,
    "otherExpenses": 191000000,
    "operatingExpenses": 433000000,
    "costAndExpenses": 3312000000,
    "interestIncome": 70000000,
    "interestExpense": 23000000,
    "depreciationAndAmortization": 924000000,
    "ebitda": 3688000000,
    "ebitdaratio": 0.6140526141,
    "operatingIncome": 2694000000,
    "operatingIncomeRatio": 0.4485514486,
    "totalOtherIncomeExpensesNet": 168000000,
    "incomeBeforeTax": 2862000000,
    "incomeBeforeTaxRatio": 0.4765234765,
    "incomeTaxExpense": 1087000000,
    "netIncome": 1771000000,
    "netIncomeRatio": 0.2948717949,
    "eps": 2.17,
    "epsdiluted": 2.17,
    "weightedAverageShsOut": 812500000,
    "weightedAverageShsOutDil": 813200000,
    "link": "https://www.sec.gov/Archives/edgar/data/797468/000079746811000098/0000797468-11-000098-index.htm",
    "finalLink": "https://www.sec.gov/Archives/edgar/data/797468/000079746811000098/form10q-20113q.htm"
  },
  {
    "date": "2011-06-30",
    "symbol": "OXY",
    "reportedCurrency": "USD",
    "cik": "0000797468",
    "fillingDate": "2011-08-04",
    "acceptedDate": "2011-08-04 13:23:36",
    "calendarYear": "2011",
    "period": "Q2",
    "revenue": 6173000000,
    "costOfRevenue": 2720000000,
    "grossProfit": 3453000000,
    "grossProfitRatio": 0.5593714563,
    "researchAndDevelopmentExpenses": 0,
    "generalAndAdministrativeExpenses": 0,
    "sellingAndMarketingExpenses": 0,
    "sellingGeneralAndAdministrativeExpenses": 388000000,
    "otherExpenses": 224000000,
    "operatingExpenses": 612000000,
    "costAndExpenses": 3332000000,
    "interestIncome": 35000000,
    "interestExpense": 27000000,
    "depreciationAndAmortization": 839000000,
    "ebitda": 3715000000,
    "ebitdaratio": 0.6018143528,
    "operatingIncome": 2841000000,
    "operatingIncomeRatio": 0.460230034,
    "totalOtherIncomeExpensesNet": 89000000,
    "incomeBeforeTax": 2930000000,
    "incomeBeforeTaxRatio": 0.4746476592,
    "incomeTaxExpense": 1111000000,
    "netIncome": 1817000000,
    "netIncomeRatio": 0.294346347,
    "eps": 2.23,
    "epsdiluted": 2.23,
    "weightedAverageShsOut": 812500000,
    "weightedAverageShsOutDil": 813300000,
    "link": "https://www.sec.gov/Archives/edgar/data/797468/000079746811000081/0000797468-11-000081-index.htm",
    "finalLink": "https://www.sec.gov/Archives/edgar/data/797468/000079746811000081/form10q-20112q.htm"
  },
  {
    "date": "2011-03-31",
    "symbol": "OXY",
    "reportedCurrency": "USD",
    "cik": "0000797468",
    "fillingDate": "2011-05-05",
    "acceptedDate": "2011-05-04 18:54:56",
    "calendarYear": "2011",
    "period": "Q1",
    "revenue": 5726000000,
    "costOfRevenue": 2526000000,
    "grossProfit": 3200000000,
    "grossProfitRatio": 0.5588543486,
    "researchAndDevelopmentExpenses": 0,
    "generalAndAdministrativeExpenses": 0,
    "sellingAndMarketingExpenses": 0,
    "sellingGeneralAndAdministrativeExpenses": 441000000,
    "otherExpenses": 235000000,
    "operatingExpenses": 676000000,
    "costAndExpenses": 3202000000,
    "interestIncome": 31000000,
    "interestExpense": 215000000,
    "depreciationAndAmortization": 890000000,
    "ebitda": 3467000000,
    "ebitdaratio": 0.6054837583,
    "operatingIncome": 2524000000,
    "operatingIncomeRatio": 0.4407963674,
    "totalOtherIncomeExpensesNet": -162000000,
    "incomeBeforeTax": 2362000000,
    "incomeBeforeTaxRatio": 0.412504366,
    "incomeTaxExpense": 1054000000,
    "netIncome": 1549000000,
    "netIncomeRatio": 0.2705204331,
    "eps": 1.9,
    "epsdiluted": 1.9,
    "weightedAverageShsOut": 812600000,
    "weightedAverageShsOutDil": 813400000,
    "link": "https://www.sec.gov/Archives/edgar/data/797468/000079746811000037/0000797468-11-000037-index.htm",
    "finalLink": "https://www.sec.gov/Archives/edgar/data/797468/000079746811000037/form10q-20111q.htm"
  },
  {
    "date": "2010-12-31",
    "symbol": "OXY",
    "reportedCurrency": "USD",
    "cik": "0000797468",
    "fillingDate": "2011-02-24",
    "acceptedDate": "2011-02-24 13:52:43",
    "calendarYear": "2010",
    "period": "Q4",
    "revenue": 4728000000,
    "costOfRevenue": -1156000000,
    "grossProfit": 5884000000,
    "grossProfitRatio": 1.244500846,
    "researchAndDevelopmentExpenses": 0,
    "generalAndAdministrativeExpenses": 0,
    "sellingAndMarketingExpenses": 0,
    "sellingGeneralAndAdministrativeExpenses": 424000000,
    "otherExpenses": 3264000000,
    "operatingExpenses": 3688000000,
    "costAndExpenses": 2532000000,
    "interestIncome": -88000000,
    "interestExpense": 20000000,
    "depreciationAndAmortization": 545000000,
    "ebitda": 2378000000,
    "ebitdaratio": 0.5029610829,
    "operatingIncome": 2196000000,
    "operatingIncomeRatio": 0.4644670051,
    "totalOtherIncomeExpensesNet": -383000000,
    "incomeBeforeTax": 1813000000,
    "incomeBeforeTaxRatio": 0.3834602369,
    "incomeTaxExpense": 650000000,
    "netIncome": 1212000000,
    "netIncomeRatio": 0.2563451777,
    "eps": 1.49,
    "epsdiluted": 1.49,
    "weightedAverageShsOut": 812700000,
    "weightedAverageShsOutDil": 812700000,
    "link": "https://www.sec.gov/Archives/edgar/data/797468/000079746811000026/0000797468-11-000026-index.htm",
    "finalLink": "https://www.sec.gov/Archives/edgar/data/797468/000079746811000026/form10k-2010.htm"
  },
  {
    "date": "2010-09-30",
    "symbol": "OXY",
    "reportedCurrency": "USD",
    "cik": "0000797468",
    "fillingDate": "2010-11-04",
    "acceptedDate": "2010-11-04 13:19:16",
    "calendarYear": "2010",
    "period": "Q3",
    "revenue": 4763000000,
    "costOfRevenue": 2444000000,
    "grossProfit": 2319000000,
    "grossProfitRatio": 0.4868780181,
    "researchAndDevelopmentExpenses": 0,
    "generalAndAdministrativeExpenses": 0,
    "sellingAndMarketingExpenses": 0,
    "sellingGeneralAndAdministrativeExpenses": 288000000,
    "otherExpenses": 182000000,
    "operatingExpenses": 411000000,
    "costAndExpenses": 2793000000,
    "interestIncome": 27000000,
    "interestExpense": 25000000,
    "depreciationAndAmortization": 792000000,
    "ebitda": 2795000000,
    "ebitdaratio": 0.5868150325,
    "operatingIncome": 2033000000,
    "operatingIncomeRatio": 0.4268318287,
    "totalOtherIncomeExpensesNet": -55000000,
    "incomeBeforeTax": 1978000000,
    "incomeBeforeTaxRatio": 0.4152844846,
    "incomeTaxExpense": 816000000,
    "netIncome": 1191000000,
    "netIncomeRatio": 0.2500524879,
    "eps": 1.46,
    "epsdiluted": 1.46,
    "weightedAverageShsOut": 812700000,
    "weightedAverageShsOutDil": 813900000,
    "link": "https://www.sec.gov/Archives/edgar/data/797468/000079746810000115/0000797468-10-000115-index.htm",
    "finalLink": "https://www.sec.gov/Archives/edgar/data/797468/000079746810000115/form10q-20103q.htm"
  },
  {
    "date": "2010-06-30",
    "symbol": "OXY",
    "reportedCurrency": "USD",
    "cik": "0000797468",
    "fillingDate": "2010-08-05",
    "acceptedDate": "2010-08-05 13:24:44",
    "calendarYear": "2010",
    "period": "Q2",
    "revenue": 4603000000,
    "costOfRevenue": 2505000000,
    "grossProfit": 2098000000,
    "grossProfitRatio": 0.4557897024,
    "researchAndDevelopmentExpenses": 0,
    "generalAndAdministrativeExpenses": 0,
    "sellingAndMarketingExpenses": 0,
    "sellingGeneralAndAdministrativeExpenses": 309000000,
    "otherExpenses": 127000000,
    "operatingExpenses": 436000000,
    "costAndExpenses": 2941000000,
    "interestIncome": 40000000,
    "interestExpense": 30000000,
    "depreciationAndAmortization": 798000000,
    "ebitda": 2667000000,
    "ebitdaratio": 0.579404736,
    "operatingIncome": 1835000000,
    "operatingIncomeRatio": 0.3986530524,
    "totalOtherIncomeExpensesNet": 4000000,
    "incomeBeforeTax": 1839000000,
    "incomeBeforeTaxRatio": 0.3995220508,
    "incomeTaxExpense": 750000000,
    "netIncome": 1063000000,
    "netIncomeRatio": 0.2309363459,
    "eps": 1.31,
    "epsdiluted": 1.31,
    "weightedAverageShsOut": 812600000,
    "weightedAverageShsOutDil": 813800000,
    "link": "https://www.sec.gov/Archives/edgar/data/797468/000079746810000098/0000797468-10-000098-index.htm",
    "finalLink": "https://www.sec.gov/Archives/edgar/data/797468/000079746810000098/form10q-20102q.htm"
  },
  {
    "date": "2010-03-31",
    "symbol": "OXY",
    "reportedCurrency": "USD",
    "cik": "0000797468",
    "fillingDate": "2010-05-06",
    "acceptedDate": "2010-05-06 09:46:42",
    "calendarYear": "2010",
    "period": "Q1",
    "revenue": 4793000000,
    "costOfRevenue": 2498000000,
    "grossProfit": 2295000000,
    "grossProfitRatio": 0.478823284,
    "researchAndDevelopmentExpenses": 0,
    "generalAndAdministrativeExpenses": 0,
    "sellingAndMarketingExpenses": 0,
    "sellingGeneralAndAdministrativeExpenses": 349000000,
    "otherExpenses": 177000000,
    "operatingExpenses": 498000000,
    "costAndExpenses": 2799000000,
    "interestIncome": 21000000,
    "interestExpense": 37000000,
    "depreciationAndAmortization": 763000000,
    "ebitda": 2602000000,
    "ebitdaratio": 0.5428750261,
    "operatingIncome": 1817000000,
    "operatingIncomeRatio": 0.3790945128,
    "totalOtherIncomeExpensesNet": -15000000,
    "incomeBeforeTax": 1802000000,
    "incomeBeforeTaxRatio": 0.3759649489,
    "incomeTaxExpense": 729000000,
    "netIncome": 1064000000,
    "netIncomeRatio": 0.2219904027,
    "eps": 1.31,
    "epsdiluted": 1.31,
    "weightedAverageShsOut": 812100000,
    "weightedAverageShsOutDil": 813500000,
    "link": "https://www.sec.gov/Archives/edgar/data/797468/000079746810000039/0000797468-10-000039-index.htm",
    "finalLink": "https://www.sec.gov/Archives/edgar/data/797468/000079746810000039/form10q-20101q.htm"
  },
  {
    "date": "2009-12-31",
    "symbol": "OXY",
    "reportedCurrency": "USD",
    "cik": "0000797468",
    "fillingDate": "2010-02-25",
    "acceptedDate": "2010-02-25 14:53:37",
    "calendarYear": "2009",
    "period": "Q4",
    "revenue": 4580000000,
    "costOfRevenue": -794000000,
    "grossProfit": 5374000000,
    "grossProfitRatio": 1.1733624454,
    "researchAndDevelopmentExpenses": 0,
    "generalAndAdministrativeExpenses": 0,
    "sellingAndMarketingExpenses": 0,
    "sellingGeneralAndAdministrativeExpenses": 374000000,
    "otherExpenses": 3230000000,
    "operatingExpenses": 3604000000,
    "costAndExpenses": 2810000000,
    "interestIncome": 0,
    "interestExpense": 41000000,
    "depreciationAndAmortization": 820000000,
    "ebitda": 2420000000,
    "ebitdaratio": 0.5283842795,
    "operatingIncome": 1770000000,
    "operatingIncomeRatio": 0.3864628821,
    "totalOtherIncomeExpensesNet": -211000000,
    "incomeBeforeTax": 1559000000,
    "incomeBeforeTaxRatio": 0.3403930131,
    "incomeTaxExpense": 673000000,
    "netIncome": 938000000,
    "netIncomeRatio": 0.2048034934,
    "eps": 1.16,
    "epsdiluted": 1.16,
    "weightedAverageShsOut": 811800000,
    "weightedAverageShsOutDil": 811800000,
    "link": "https://www.sec.gov/Archives/edgar/data/797468/000079746810000020/0000797468-10-000020-index.htm",
    "finalLink": "https://www.sec.gov/Archives/edgar/data/797468/000079746810000020/form10k-2009.htm"
  },
  {
    "date": "2009-09-30",
    "symbol": "OXY",
    "reportedCurrency": "USD",
    "cik": "0000797468",
    "fillingDate": "2009-11-02",
    "acceptedDate": "2009-11-02 13:35:37",
    "calendarYear": "2009",
    "period": "Q3",
    "revenue": 4104000000,
    "costOfRevenue": 2186000000,
    "grossProfit": 1918000000,
    "grossProfitRatio": 0.4673489279,
    "researchAndDevelopmentExpenses": 0,
    "generalAndAdministrativeExpenses": 10000000,
    "sellingAndMarketingExpenses": 359000000,
    "sellingGeneralAndAdministrativeExpenses": 369000000,
    "otherExpenses": 105000000,
    "operatingExpenses": 474000000,
    "costAndExpenses": 2660000000,
    "interestIncome": 22000000,
    "interestExpense": 40000000,
    "depreciationAndAmortization": 769000000,
    "ebitda": 2235000000,
    "ebitdaratio": 0.5445906433,
    "operatingIncome": 1444000000,
    "operatingIncomeRatio": 0.3518518519,
    "totalOtherIncomeExpensesNet": -18000000,
    "incomeBeforeTax": 1426000000,
    "incomeBeforeTaxRatio": 0.3474658869,
    "incomeTaxExpense": 549000000,
    "netIncome": 927000000,
    "netIncomeRatio": 0.225877193,
    "eps": 1.14,
    "epsdiluted": 1.14,
    "weightedAverageShsOut": 811800000,
    "weightedAverageShsOutDil": 814400000,
    "link": "https://www.sec.gov/Archives/edgar/data/797468/000079746809000100/0000797468-09-000100-index.htm",
    "finalLink": "https://www.sec.gov/Archives/edgar/data/797468/000079746809000100/form10q-20093q.htm"
  },
  {
    "date": "2009-06-30",
    "symbol": "OXY",
    "reportedCurrency": "USD",
    "cik": "0000797468",
    "fillingDate": "2009-08-06",
    "acceptedDate": "2009-08-06 13:31:38",
    "calendarYear": "2009",
    "period": "Q2",
    "revenue": 3722000000,
    "costOfRevenue": 2113000000,
    "grossProfit": 1609000000,
    "grossProfitRatio": 0.4322944653,
    "researchAndDevelopmentExpenses": 0,
    "generalAndAdministrativeExpenses": 0,
    "sellingAndMarketingExpenses": 0,
    "sellingGeneralAndAdministrativeExpenses": 362000000,
    "otherExpenses": 110000000,
    "operatingExpenses": 472000000,
    "costAndExpenses": 2585000000,
    "interestIncome": 28000000,
    "interestExpense": 32000000,
    "depreciationAndAmortization": 742000000,
    "ebitda": 1879000000,
    "ebitdaratio": 0.5048361096,
    "operatingIncome": 1137000000,
    "operatingIncomeRatio": 0.3054809242,
    "totalOtherIncomeExpensesNet": 2000000,
    "incomeBeforeTax": 1139000000,
    "incomeBeforeTaxRatio": 0.3060182697,
    "incomeTaxExpense": 455000000,
    "netIncome": 682000000,
    "netIncomeRatio": 0.18323482,
    "eps": 0.84,
    "epsdiluted": 0.84,
    "weightedAverageShsOut": 811000000,
    "weightedAverageShsOutDil": 814000000,
    "link": "https://www.sec.gov/Archives/edgar/data/797468/000079746809000095/0000797468-09-000095-index.htm",
    "finalLink": "https://www.sec.gov/Archives/edgar/data/797468/000079746809000095/form10q-20092q.htm"
  },
  {
    "date": "2009-03-31",
    "symbol": "OXY",
    "reportedCurrency": "USD",
    "cik": "0000797468",
    "fillingDate": "2009-04-30",
    "acceptedDate": "2009-04-29 19:01:17",
    "calendarYear": "2009",
    "period": "Q1",
    "revenue": 3103000000,
    "costOfRevenue": 2122000000,
    "grossProfit": 981000000,
    "grossProfitRatio": 0.3161456655,
    "researchAndDevelopmentExpenses": 0,
    "generalAndAdministrativeExpenses": 42000000,
    "sellingAndMarketingExpenses": 228000000,
    "sellingGeneralAndAdministrativeExpenses": 270000000,
    "otherExpenses": 105000000,
    "operatingExpenses": 375000000,
    "costAndExpenses": 2497000000,
    "interestIncome": 0,
    "interestExpense": 27000000,
    "depreciationAndAmortization": 786000000,
    "ebitda": 1392000000,
    "ebitdaratio": 0.4485981308,
    "operatingIncome": 606000000,
    "operatingIncomeRatio": 0.1952948759,
    "totalOtherIncomeExpensesNet": -27000000,
    "incomeBeforeTax": 579000000,
    "incomeBeforeTaxRatio": 0.1865936191,
    "incomeTaxExpense": 241000000,
    "netIncome": 368000000,
    "netIncomeRatio": 0.1185949082,
    "eps": 0.45,
    "epsdiluted": 0.45,
    "weightedAverageShsOut": 810700000,
    "weightedAverageShsOutDil": 813300000,
    "link": "https://www.sec.gov/Archives/edgar/data/797468/000079746809000031/0000797468-09-000031-index.htm",
    "finalLink": "https://www.sec.gov/Archives/edgar/data/797468/000079746809000031/form10q-20091q.htm"
  },
  {
    "date": "2008-12-31",
    "symbol": "OXY",
    "reportedCurrency": "USD",
    "cik": "0000797468",
    "fillingDate": "2009-02-24",
    "acceptedDate": "2009-02-24 14:29:18",
    "calendarYear": "2008",
    "period": "Q4",
    "revenue": 4284000000,
    "costOfRevenue": -430000000,
    "grossProfit": 4714000000,
    "grossProfitRatio": 1.1003734827,
    "researchAndDevelopmentExpenses": 0,
    "generalAndAdministrativeExpenses": 0,
    "sellingAndMarketingExpenses": 0,
    "sellingGeneralAndAdministrativeExpenses": -16000000,
    "otherExpenses": 3401000000,
    "operatingExpenses": 3385000000,
    "costAndExpenses": 2955000000,
    "interestIncome": 0,
    "interestExpense": 0,
    "depreciationAndAmortization": 753000000,
    "ebitda": 1435000000,
    "ebitdaratio": 0.3349673203,
    "operatingIncome": 1329000000,
    "operatingIncomeRatio": 0.3102240896,
    "totalOtherIncomeExpensesNet": -796000000,
    "incomeBeforeTax": 533000000,
    "incomeBeforeTaxRatio": 0.1244164332,
    "incomeTaxExpense": 118000000,
    "netIncome": 443000000,
    "netIncomeRatio": 0.1034080299,
    "eps": 0.54,
    "epsdiluted": 0.54,
    "weightedAverageShsOut": 810100000,
    "weightedAverageShsOutDil": 815300000,
    "link": "https://www.sec.gov/Archives/edgar/data/797468/000079746809000015/0000797468-09-000015-index.htm",
    "finalLink": "https://www.sec.gov/Archives/edgar/data/797468/000079746809000015/form10k-2008.htm"
  },
  {
    "date": "2008-09-30",
    "symbol": "OXY",
    "reportedCurrency": "USD",
    "cik": "0000797468",
    "fillingDate": "2008-11-04",
    "acceptedDate": "2008-11-04 13:27:46",
    "calendarYear": "2008",
    "period": "Q3",
    "revenue": 7060000000,
    "costOfRevenue": 2905000000,
    "grossProfit": 4155000000,
    "grossProfitRatio": 0.5885269122,
    "researchAndDevelopmentExpenses": 0,
    "generalAndAdministrativeExpenses": 0,
    "sellingAndMarketingExpenses": 0,
    "sellingGeneralAndAdministrativeExpenses": 391000000,
    "otherExpenses": 0,
    "operatingExpenses": 391000000,
    "costAndExpenses": 3296000000,
    "interestIncome": 0,
    "interestExpense": 0,
    "depreciationAndAmortization": 683000000,
    "ebitda": 4447000000,
    "ebitdaratio": 0.6298866856,
    "operatingIncome": 3764000000,
    "operatingIncomeRatio": 0.5331444759,
    "totalOtherIncomeExpensesNet": 35000000,
    "incomeBeforeTax": 3799000000,
    "incomeBeforeTaxRatio": 0.538101983,
    "incomeTaxExpense": 1546000000,
    "netIncome": 2271000000,
    "netIncomeRatio": 0.3216713881,
    "eps": 2.79,
    "epsdiluted": 2.78,
    "weightedAverageShsOut": 815300000,
    "weightedAverageShsOutDil": 817700000,
    "link": "https://www.sec.gov/Archives/edgar/data/797468/000110465908067838/0001104659-08-067838-index.htm",
    "finalLink": "https://www.sec.gov/Archives/edgar/data/797468/000110465908067838/a08-27414_110q.htm"
  },
  {
    "date": "2008-06-30",
    "symbol": "OXY",
    "reportedCurrency": "USD",
    "cik": "0000797468",
    "fillingDate": "2008-08-05",
    "acceptedDate": "2008-08-05 13:22:33",
    "calendarYear": "2008",
    "period": "Q2",
    "revenue": 7220000000,
    "costOfRevenue": 2739000000,
    "grossProfit": 4481000000,
    "grossProfitRatio": 0.6206371191,
    "researchAndDevelopmentExpenses": 0,
    "generalAndAdministrativeExpenses": 0,
    "sellingAndMarketingExpenses": 0,
    "sellingGeneralAndAdministrativeExpenses": 406000000,
    "otherExpenses": 100000000,
    "operatingExpenses": 506000000,
    "costAndExpenses": 3245000000,
    "interestIncome": 73000000,
    "interestExpense": 32000000,
    "depreciationAndAmortization": 621000000,
    "ebitda": 4596000000,
    "ebitdaratio": 0.636565097,
    "operatingIncome": 3975000000,
    "operatingIncomeRatio": 0.5505540166,
    "totalOtherIncomeExpensesNet": -32000000,
    "incomeBeforeTax": 3943000000,
    "incomeBeforeTaxRatio": 0.5461218837,
    "incomeTaxExpense": 1646000000,
    "netIncome": 2297000000,
    "netIncomeRatio": 0.3181440443,
    "eps": 2.79,
    "epsdiluted": 2.78,
    "weightedAverageShsOut": 821300000,
    "weightedAverageShsOutDil": 825500000,
    "link": "https://www.sec.gov/Archives/edgar/data/797468/000104746908008716/0001047469-08-008716-index.htm",
    "finalLink": "https://www.sec.gov/Archives/edgar/data/797468/000104746908008716/a2186932z10-q.htm"
  },
  {
    "date": "2008-03-31",
    "symbol": "OXY",
    "reportedCurrency": "USD",
    "cik": "0000797468",
    "fillingDate": "2008-05-01",
    "acceptedDate": "2008-04-30 19:09:54",
    "calendarYear": "2008",
    "period": "Q1",
    "revenue": 6020000000,
    "costOfRevenue": 2536000000,
    "grossProfit": 3484000000,
    "grossProfitRatio": 0.5787375415,
    "researchAndDevelopmentExpenses": 0,
    "generalAndAdministrativeExpenses": 0,
    "sellingAndMarketingExpenses": 0,
    "sellingGeneralAndAdministrativeExpenses": 323000000,
    "otherExpenses": 81000000,
    "operatingExpenses": 404000000,
    "costAndExpenses": 2940000000,
    "interestIncome": 60000000,
    "interestExpense": 38000000,
    "depreciationAndAmortization": 653000000,
    "ebitda": 3787000000,
    "ebitdaratio": 0.6290697674,
    "operatingIncome": 3134000000,
    "operatingIncomeRatio": 0.5205980066,
    "totalOtherIncomeExpensesNet": -38000000,
    "incomeBeforeTax": 3096000000,
    "incomeBeforeTaxRatio": 0.5142857143,
    "incomeTaxExpense": 1294000000,
    "netIncome": 1846000000,
    "netIncomeRatio": 0.3066445183,
    "eps": 2.24,
    "epsdiluted": 2.22,
    "weightedAverageShsOut": 825500000,
    "weightedAverageShsOutDil": 829800000,
    "link": "https://www.sec.gov/Archives/edgar/data/797468/000079746808000054/0000797468-08-000054-index.htm",
    "finalLink": "https://www.sec.gov/Archives/edgar/data/797468/000079746808000054/form10q-20081q.htm"
  },
  {
    "date": "2007-12-31",
    "symbol": "OXY",
    "reportedCurrency": "USD",
    "cik": "0000797468",
    "fillingDate": "2008-02-22",
    "acceptedDate": "2008-02-22 14:14:36",
    "calendarYear": "2007",
    "period": "Q4",
    "revenue": 6746000000,
    "costOfRevenue": 175000000,
    "grossProfit": 6571000000,
    "grossProfitRatio": 0.9740587015,
    "researchAndDevelopmentExpenses": 0,
    "generalAndAdministrativeExpenses": 0,
    "sellingAndMarketingExpenses": 0,
    "sellingGeneralAndAdministrativeExpenses": 468000000,
    "otherExpenses": 2379000000,
    "operatingExpenses": 2847000000,
    "costAndExpenses": 3022000000,
    "interestIncome": 0,
    "interestExpense": 0,
    "depreciationAndAmortization": 639000000,
    "ebitda": 4363000000,
    "ebitdaratio": 0.6467536318,
    "operatingIncome": 3724000000,
    "operatingIncomeRatio": 0.5520308331,
    "totalOtherIncomeExpensesNet": -1217000000,
    "incomeBeforeTax": 2507000000,
    "incomeBeforeTaxRatio": 0.3716276312,
    "incomeTaxExpense": 1057000000,
    "netIncome": 1452000000,
    "netIncomeRatio": 0.2152386599,
    "eps": 1.74,
    "epsdiluted": 1.74,
    "weightedAverageShsOut": 833100000,
    "weightedAverageShsOutDil": 833100000,
    "link": "https://www.sec.gov/Archives/edgar/data/797468/000079746808000026/0000797468-08-000026-index.htm",
    "finalLink": "https://www.sec.gov/Archives/edgar/data/797468/000079746808000026/form10k-2007.htm"
  },
  {
    "date": "2007-09-30",
    "symbol": "OXY",
    "reportedCurrency": "USD",
    "cik": "0000797468",
    "fillingDate": "2007-10-31",
    "acceptedDate": "2007-10-31 13:58:15",
    "calendarYear": "2007",
    "period": "Q3",
    "revenue": 4841000000,
    "costOfRevenue": 2423000000,
    "grossProfit": 2418000000,
    "grossProfitRatio": 0.4994835778,
    "researchAndDevelopmentExpenses": 0,
    "generalAndAdministrativeExpenses": 0,
    "sellingAndMarketingExpenses": 0,
    "sellingGeneralAndAdministrativeExpenses": 415000000,
    "otherExpenses": 0,
    "operatingExpenses": 415000000,
    "costAndExpenses": 2838000000,
    "interestIncome": 0,
    "interestExpense": 48000000,
    "depreciationAndAmortization": 602000000,
    "ebitda": 2605000000,
    "ebitdaratio": 0.5381119603,
    "operatingIncome": 2003000000,
    "operatingIncomeRatio": 0.4137574881,
    "totalOtherIncomeExpensesNet": 166000000,
    "incomeBeforeTax": 2169000000,
    "incomeBeforeTaxRatio": 0.448047924,
    "incomeTaxExpense": 862000000,
    "netIncome": 1324000000,
    "netIncomeRatio": 0.2734972113,
    "eps": 1.59,
    "epsdiluted": 1.58,
    "weightedAverageShsOut": 833100000,
    "weightedAverageShsOutDil": 837000000,
    "link": "https://www.sec.gov/Archives/edgar/data/797468/000079746807000137/0000797468-07-000137-index.htm",
    "finalLink": "https://www.sec.gov/Archives/edgar/data/797468/000079746807000137/form10q-20073q.htm"
  },
  {
    "date": "2007-06-30",
    "symbol": "OXY",
    "reportedCurrency": "USD",
    "cik": "0000797468",
    "fillingDate": "2007-08-01",
    "acceptedDate": "2007-08-01 13:24:47",
    "calendarYear": "2007",
    "period": "Q2",
    "revenue": 4411000000,
    "costOfRevenue": 2298000000,
    "grossProfit": 2113000000,
    "grossProfitRatio": 0.4790296985,
    "researchAndDevelopmentExpenses": 0,
    "generalAndAdministrativeExpenses": 0,
    "sellingAndMarketingExpenses": 0,
    "sellingGeneralAndAdministrativeExpenses": 394000000,
    "otherExpenses": 0,
    "operatingExpenses": 394000000,
    "costAndExpenses": 2692000000,
    "interestIncome": 0,
    "interestExpense": 0,
    "depreciationAndAmortization": 564000000,
    "ebitda": 2283000000,
    "ebitdaratio": 0.5175697121,
    "operatingIncome": 1719000000,
    "operatingIncomeRatio": 0.3897075493,
    "totalOtherIncomeExpensesNet": 333000000,
    "incomeBeforeTax": 2052000000,
    "incomeBeforeTaxRatio": 0.4652006348,
    "incomeTaxExpense": 904000000,
    "netIncome": 1412000000,
    "netIncomeRatio": 0.3201088189,
    "eps": 1.68,
    "epsdiluted": 1.68,
    "weightedAverageShsOut": 837700000,
    "weightedAverageShsOutDil": 841800000,
    "link": "https://www.sec.gov/Archives/edgar/data/797468/000079746807000113/0000797468-07-000113-index.htm",
    "finalLink": "https://www.sec.gov/Archives/edgar/data/797468/000079746807000113/form10q-20072q.htm"
  },
  {
    "date": "2007-03-31",
    "symbol": "OXY",
    "reportedCurrency": "USD",
    "cik": "0000797468",
    "fillingDate": "2007-05-03",
    "acceptedDate": "2007-05-02 18:54:09",
    "calendarYear": "2007",
    "period": "Q1",
    "revenue": 4015000000,
    "costOfRevenue": 2180000000,
    "grossProfit": 1835000000,
    "grossProfitRatio": 0.4570361146,
    "researchAndDevelopmentExpenses": 0,
    "generalAndAdministrativeExpenses": 0,
    "sellingAndMarketingExpenses": 0,
    "sellingGeneralAndAdministrativeExpenses": 395000000,
    "otherExpenses": -2490000000,
    "operatingExpenses": 395000000,
    "costAndExpenses": 2544000000,
    "interestIncome": 0,
    "interestExpense": 0,
    "depreciationAndAmortization": 588000000,
    "ebitda": 2045000000,
    "ebitdaratio": 0.5093399751,
    "operatingIncome": 1471000000,
    "operatingIncomeRatio": 0.3663760897,
    "totalOtherIncomeExpensesNet": 379000000,
    "incomeBeforeTax": 1850000000,
    "incomeBeforeTaxRatio": 0.4607721046,
    "incomeTaxExpense": 703000000,
    "netIncome": 1212000000,
    "netIncomeRatio": 0.301867995,
    "eps": 1.44,
    "epsdiluted": 1.43,
    "weightedAverageShsOut": 841000000,
    "weightedAverageShsOutDil": 846500000,
    "link": "https://www.sec.gov/Archives/edgar/data/797468/000079746807000041/0000797468-07-000041-index.htm",
    "finalLink": "https://www.sec.gov/Archives/edgar/data/797468/000079746807000041/form10q-20071q.htm"
  },
  {
    "date": "2006-12-31",
    "symbol": "OXY",
    "reportedCurrency": "USD",
    "cik": "0000797468",
    "fillingDate": "2007-02-27",
    "acceptedDate": "2007-02-27 13:31:02",
    "calendarYear": "2006",
    "period": "Q4",
    "revenue": 4415000000,
    "costOfRevenue": 213000000,
    "grossProfit": 4202000000,
    "grossProfitRatio": 0.9517553794,
    "researchAndDevelopmentExpenses": 0,
    "generalAndAdministrativeExpenses": 0,
    "sellingAndMarketingExpenses": 0,
    "sellingGeneralAndAdministrativeExpenses": 355000000,
    "otherExpenses": 2042000000,
    "operatingExpenses": 2397000000,
    "costAndExpenses": 2610000000,
    "interestIncome": 178000000,
    "interestExpense": 83000000,
    "depreciationAndAmortization": 565000000,
    "ebitda": 2370000000,
    "ebitdaratio": 0.536806342,
    "operatingIncome": 1805000000,
    "operatingIncomeRatio": 0.4088335221,
    "totalOtherIncomeExpensesNet": -89000000,
    "incomeBeforeTax": 1716000000,
    "incomeBeforeTaxRatio": 0.3886749717,
    "incomeTaxExpense": 794000000,
    "netIncome": 928000000,
    "netIncomeRatio": 0.2101925255,
    "eps": 1.09,
    "epsdiluted": 1.09,
    "weightedAverageShsOut": 847800000,
    "weightedAverageShsOutDil": 852800000,
    "link": "https://www.sec.gov/Archives/edgar/data/797468/000079746807000027/0000797468-07-000027-index.htm",
    "finalLink": "https://www.sec.gov/Archives/edgar/data/797468/000079746807000027/form10k-2006.htm"
  },
  {
    "date": "2006-09-30",
    "symbol": "OXY",
    "reportedCurrency": "USD",
    "cik": "0000797468",
    "fillingDate": "2006-11-03",
    "acceptedDate": "2006-11-03 13:24:36",
    "calendarYear": "2006",
    "period": "Q3",
    "revenue": 4402000000,
    "costOfRevenue": 2140000000,
    "grossProfit": 2262000000,
    "grossProfitRatio": 0.5138573376,
    "researchAndDevelopmentExpenses": 0,
    "generalAndAdministrativeExpenses": 0,
    "sellingAndMarketingExpenses": 0,
    "sellingGeneralAndAdministrativeExpenses": 348000000,
    "otherExpenses": 4000000,
    "operatingExpenses": 352000000,
    "costAndExpenses": 2492000000,
    "interestIncome": 0,
    "interestExpense": 62000000,
    "depreciationAndAmortization": 524000000,
    "ebitda": 2426000000,
    "ebitdaratio": 0.5511131304,
    "operatingIncome": 1910000000,
    "operatingIncomeRatio": 0.4338936847,
    "totalOtherIncomeExpensesNet": 103000000,
    "incomeBeforeTax": 2013000000,
    "incomeBeforeTaxRatio": 0.4572921399,
    "incomeTaxExpense": 886000000,
    "netIncome": 1170000000,
    "netIncomeRatio": 0.2657882781,
    "eps": 1.37,
    "epsdiluted": 1.36,
    "weightedAverageShsOut": 852800000,
    "weightedAverageShsOutDil": 860300000,
    "link": "https://www.sec.gov/Archives/edgar/data/797468/000079746806000145/0000797468-06-000145-index.htm",
    "finalLink": "https://www.sec.gov/Archives/edgar/data/797468/000079746806000145/form10q-20063q.htm"
  },
  {
    "date": "2006-06-30",
    "symbol": "OXY",
    "reportedCurrency": "USD",
    "cik": "0000797468",
    "fillingDate": "2006-08-07",
    "acceptedDate": "2006-08-07 14:57:08",
    "calendarYear": "2006",
    "period": "Q2",
    "revenue": 4470000000,
    "costOfRevenue": 2152000000,
    "grossProfit": 2318000000,
    "grossProfitRatio": 0.5185682327,
    "researchAndDevelopmentExpenses": 0,
    "generalAndAdministrativeExpenses": 0,
    "sellingAndMarketingExpenses": 0,
    "sellingGeneralAndAdministrativeExpenses": 347000000,
    "otherExpenses": 5000000,
    "operatingExpenses": 352000000,
    "costAndExpenses": 2504000000,
    "interestIncome": 0,
    "interestExpense": 0,
    "depreciationAndAmortization": 473000000,
    "ebitda": 2433000000,
    "ebitdaratio": 0.544295302,
    "operatingIncome": 1966000000,
    "operatingIncomeRatio": 0.4398210291,
    "totalOtherIncomeExpensesNet": 18000000,
    "incomeBeforeTax": 1984000000,
    "incomeBeforeTaxRatio": 0.4438478747,
    "incomeTaxExpense": 851000000,
    "netIncome": 860000000,
    "netIncomeRatio": 0.192393736,
    "eps": 1,
    "epsdiluted": 0.99,
    "weightedAverageShsOut": 860200000,
    "weightedAverageShsOutDil": 867700000,
    "link": "https://www.sec.gov/Archives/edgar/data/797468/000079746806000117/0000797468-06-000117-index.htm",
    "finalLink": "https://www.sec.gov/Archives/edgar/data/797468/000079746806000117/form10q-20062q.htm"
  },
  {
    "date": "2006-03-31",
    "symbol": "OXY",
    "reportedCurrency": "USD",
    "cik": "0000797468",
    "fillingDate": "2006-05-04",
    "acceptedDate": "2006-05-03 19:39:01",
    "calendarYear": "2006",
    "period": "Q1",
    "revenue": 4527000000,
    "costOfRevenue": 2060000000,
    "grossProfit": 2467000000,
    "grossProfitRatio": 0.5449525072,
    "researchAndDevelopmentExpenses": 0,
    "generalAndAdministrativeExpenses": 0,
    "sellingAndMarketingExpenses": 0,
    "sellingGeneralAndAdministrativeExpenses": 351000000,
    "otherExpenses": -2049000000,
    "operatingExpenses": 351000000,
    "costAndExpenses": 2357000000,
    "interestIncome": 0,
    "interestExpense": 0,
    "depreciationAndAmortization": 480000000,
    "ebitda": 2559000000,
    "ebitdaratio": 0.5652750166,
    "operatingIncome": 2096000000,
    "operatingIncomeRatio": 0.4629997791,
    "totalOtherIncomeExpensesNet": 20000000,
    "incomeBeforeTax": 2116000000,
    "incomeBeforeTaxRatio": 0.4674177159,
    "incomeTaxExpense": 932000000,
    "netIncome": 1231000000,
    "netIncomeRatio": 0.2719240115,
    "eps": 1.45,
    "epsdiluted": 1.43,
    "weightedAverageShsOut": 848500000,
    "weightedAverageShsOutDil": 860900000,
    "link": "https://www.sec.gov/Archives/edgar/data/797468/000079746806000060/0000797468-06-000060-index.htm",
    "finalLink": "https://www.sec.gov/Archives/edgar/data/797468/000079746806000060/form10q-20061q.htm"
  },
  {
    "date": "2005-12-31",
    "symbol": "OXY",
    "reportedCurrency": "USD",
    "cik": "0000797468",
    "fillingDate": "2006-03-01",
    "acceptedDate": "2006-03-01 14:08:01",
    "calendarYear": "2005",
    "period": "Q4",
    "revenue": 4391000000,
    "costOfRevenue": 878000000,
    "grossProfit": 3513000000,
    "grossProfitRatio": 0.8000455477,
    "researchAndDevelopmentExpenses": 0,
    "generalAndAdministrativeExpenses": 0,
    "sellingAndMarketingExpenses": 0,
    "sellingGeneralAndAdministrativeExpenses": 305000000,
    "otherExpenses": 1485000000,
    "operatingExpenses": 1790000000,
    "costAndExpenses": 2668000000,
    "interestIncome": 0,
    "interestExpense": 0,
    "depreciationAndAmortization": 409000000,
    "ebitda": 2132000000,
    "ebitdaratio": 0.4855386017,
    "operatingIncome": 1723000000,
    "operatingIncomeRatio": 0.3923935322,
    "totalOtherIncomeExpensesNet": 152000000,
    "incomeBeforeTax": 1875000000,
    "incomeBeforeTaxRatio": 0.4270097928,
    "incomeTaxExpense": 764000000,
    "netIncome": 1152000000,
    "netIncomeRatio": 0.2623548167,
    "eps": 1.42,
    "epsdiluted": 1.42,
    "weightedAverageShsOut": 808600000,
    "weightedAverageShsOutDil": 808600000,
    "link": "https://www.sec.gov/Archives/edgar/data/797468/000079746806000031/0000797468-06-000031-index.htm",
    "finalLink": "https://www.sec.gov/Archives/edgar/data/797468/000079746806000031/form10k-2005.htm"
  },
  {
    "date": "2005-09-30",
    "symbol": "OXY",
    "reportedCurrency": "USD",
    "cik": "0000797468",
    "fillingDate": "2005-11-03",
    "acceptedDate": "2005-11-03 14:42:26",
    "calendarYear": "2005",
    "period": "Q3",
    "revenue": 4634000000,
    "costOfRevenue": 1842000000,
    "grossProfit": 2792000000,
    "grossProfitRatio": 0.6025032369,
    "researchAndDevelopmentExpenses": 0,
    "generalAndAdministrativeExpenses": 0,
    "sellingAndMarketingExpenses": 0,
    "sellingGeneralAndAdministrativeExpenses": 553000000,
    "otherExpenses": -32000000,
    "operatingExpenses": 553000000,
    "costAndExpenses": 2386000000,
    "interestIncome": 0,
    "interestExpense": 96000000,
    "depreciationAndAmortization": 376000000,
    "ebitda": 2633000000,
    "ebitdaratio": 0.5681916271,
    "operatingIncome": 2271000000,
    "operatingIncomeRatio": 0.4900733707,
    "totalOtherIncomeExpensesNet": 26000000,
    "incomeBeforeTax": 2297000000,
    "incomeBeforeTaxRatio": 0.4956840742,
    "incomeTaxExpense": 611000000,
    "netIncome": 1747000000,
    "netIncomeRatio": 0.3769961157,
    "eps": 2.16,
    "epsdiluted": 2.12,
    "weightedAverageShsOut": 808500000,
    "weightedAverageShsOutDil": 822400000,
    "link": "https://www.sec.gov/Archives/edgar/data/797468/000079746805000157/0000797468-05-000157-index.htm",
    "finalLink": "https://www.sec.gov/Archives/edgar/data/797468/000079746805000157/form10q-3q05.htm"
  },
  {
    "date": "2005-06-30",
    "symbol": "OXY",
    "reportedCurrency": "USD",
    "cik": "0000797468",
    "fillingDate": "2005-08-02",
    "acceptedDate": "2005-08-02 12:44:31",
    "calendarYear": "2005",
    "period": "Q2",
    "revenue": 3694000000,
    "costOfRevenue": 1739000000,
    "grossProfit": 1955000000,
    "grossProfitRatio": 0.5292365999,
    "researchAndDevelopmentExpenses": 0,
    "generalAndAdministrativeExpenses": 0,
    "sellingAndMarketingExpenses": 0,
    "sellingGeneralAndAdministrativeExpenses": 324000000,
    "otherExpenses": 0,
    "operatingExpenses": 324000000,
    "costAndExpenses": 2063000000,
    "interestIncome": 33000000,
    "interestExpense": 184000000,
    "depreciationAndAmortization": 329000000,
    "ebitda": 1880000000,
    "ebitdaratio": 0.5089334055,
    "operatingIncome": 1532000000,
    "operatingIncomeRatio": 0.4147265836,
    "totalOtherIncomeExpensesNet": -42000000,
    "incomeBeforeTax": 1490000000,
    "incomeBeforeTaxRatio": 0.4033567948,
    "incomeTaxExpense": 44000000,
    "netIncome": 1536000000,
    "netIncomeRatio": 0.4158094207,
    "eps": 1.91,
    "epsdiluted": 1.89,
    "weightedAverageShsOut": 803800000,
    "weightedAverageShsOutDil": 814600000,
    "link": "https://www.sec.gov/Archives/edgar/data/797468/000079746805000115/0000797468-05-000115-index.htm",
    "finalLink": "https://www.sec.gov/Archives/edgar/data/797468/000079746805000115/form10q-2q05.htm"
  },
  {
    "date": "2005-03-31",
    "symbol": "OXY",
    "reportedCurrency": "USD",
    "cik": "0000797468",
    "fillingDate": "2005-05-05",
    "acceptedDate": "2005-05-04 20:51:52",
    "calendarYear": "2005",
    "period": "Q1",
    "revenue": 3340000000,
    "costOfRevenue": 1579000000,
    "grossProfit": 1761000000,
    "grossProfitRatio": 0.527245509,
    "researchAndDevelopmentExpenses": 0,
    "generalAndAdministrativeExpenses": 0,
    "sellingAndMarketingExpenses": 0,
    "sellingGeneralAndAdministrativeExpenses": 285000000,
    "otherExpenses": 0,
    "operatingExpenses": 285000000,
    "costAndExpenses": 1864000000,
    "interestIncome": 0,
    "interestExpense": 0,
    "depreciationAndAmortization": 344000000,
    "ebitda": 1820000000,
    "ebitdaratio": 0.5449101796,
    "operatingIncome": 1476000000,
    "operatingIncomeRatio": 0.4419161677,
    "totalOtherIncomeExpensesNet": -75000000,
    "incomeBeforeTax": 1401000000,
    "incomeBeforeTaxRatio": 0.4194610778,
    "incomeTaxExpense": 601000000,
    "netIncome": 846000000,
    "netIncomeRatio": 0.2532934132,
    "eps": 1.06,
    "epsdiluted": 1.04,
    "weightedAverageShsOut": 800800000,
    "weightedAverageShsOutDil": 812600000,
    "link": "https://www.sec.gov/Archives/edgar/data/797468/000079746805000054/0000797468-05-000054-index.htm",
    "finalLink": "https://www.sec.gov/Archives/edgar/data/797468/000079746805000054/form10q-20051q.txt"
  },
  {
    "date": "2004-12-31",
    "symbol": "OXY",
    "reportedCurrency": "USD",
    "cik": "0000797468",
    "fillingDate": "2005-03-01",
    "acceptedDate": "2005-03-01 14:17:28",
    "calendarYear": "2004",
    "period": "Q4",
    "revenue": 2929000000,
    "costOfRevenue": 234000000,
    "grossProfit": 2695000000,
    "grossProfitRatio": 0.9201092523,
    "researchAndDevelopmentExpenses": 0,
    "generalAndAdministrativeExpenses": 0,
    "sellingAndMarketingExpenses": 0,
    "sellingGeneralAndAdministrativeExpenses": 359000000,
    "otherExpenses": 1303000000,
    "operatingExpenses": 1662000000,
    "costAndExpenses": 1896000000,
    "interestIncome": 0,
    "interestExpense": 0,
    "depreciationAndAmortization": 350000000,
    "ebitda": 1383000000,
    "ebitdaratio": 0.4721748037,
    "operatingIncome": 1033000000,
    "operatingIncomeRatio": 0.3526800956,
    "totalOtherIncomeExpensesNet": 83000000,
    "incomeBeforeTax": 1116000000,
    "incomeBeforeTaxRatio": 0.3810174121,
    "incomeTaxExpense": 470000000,
    "netIncome": 742000000,
    "netIncomeRatio": 0.2533287812,
    "eps": 0.94,
    "epsdiluted": 0.94,
    "weightedAverageShsOut": 792600000,
    "weightedAverageShsOutDil": 792600000,
    "link": "https://www.sec.gov/Archives/edgar/data/797468/000079746805000041/0000797468-05-000041-index.htm",
    "finalLink": "https://www.sec.gov/Archives/edgar/data/797468/000079746805000041/form10k-20041231.txt"
  },
  {
    "date": "2004-09-30",
    "symbol": "OXY",
    "reportedCurrency": "USD",
    "cik": "0000797468",
    "fillingDate": "2004-11-02",
    "acceptedDate": "2004-11-02 14:22:10",
    "calendarYear": "2004",
    "period": "Q3",
    "revenue": 3039000000,
    "costOfRevenue": 1527000000,
    "grossProfit": 1512000000,
    "grossProfitRatio": 0.4975320829,
    "researchAndDevelopmentExpenses": 0,
    "generalAndAdministrativeExpenses": 0,
    "sellingAndMarketingExpenses": 0,
    "sellingGeneralAndAdministrativeExpenses": 242000000,
    "otherExpenses": 1000000,
    "operatingExpenses": 243000000,
    "costAndExpenses": 1770000000,
    "interestIncome": 0,
    "interestExpense": 0,
    "depreciationAndAmortization": 321000000,
    "ebitda": 1657000000,
    "ebitdaratio": 0.5452451464,
    "operatingIncome": 1336000000,
    "operatingIncomeRatio": 0.4396182955,
    "totalOtherIncomeExpensesNet": -102000000,
    "incomeBeforeTax": 1234000000,
    "incomeBeforeTaxRatio": 0.4060546232,
    "incomeTaxExpense": 494000000,
    "netIncome": 758000000,
    "netIncomeRatio": 0.2494241527,
    "eps": 0.96,
    "epsdiluted": 0.94,
    "weightedAverageShsOut": 792600000,
    "weightedAverageShsOutDil": 806600000,
    "link": "https://www.sec.gov/Archives/edgar/data/797468/000079746804000111/0000797468-04-000111-index.htm",
    "finalLink": "https://www.sec.gov/Archives/edgar/data/797468/000079746804000111/form8k-20043q.txt"
  },
  {
    "date": "2004-06-30",
    "symbol": "OXY",
    "reportedCurrency": "USD",
    "cik": "0000797468",
    "fillingDate": "2004-08-02",
    "acceptedDate": "2004-08-02 15:09:10",
    "calendarYear": "2004",
    "period": "Q2",
    "revenue": 2743000000,
    "costOfRevenue": 1478000000,
    "grossProfit": 1265000000,
    "grossProfitRatio": 0.4611738972,
    "researchAndDevelopmentExpenses": 0,
    "generalAndAdministrativeExpenses": 0,
    "sellingAndMarketingExpenses": 0,
    "sellingGeneralAndAdministrativeExpenses": 238000000,
    "otherExpenses": -1302000000,
    "operatingExpenses": 239000000,
    "costAndExpenses": 1746000000,
    "interestIncome": 0,
    "interestExpense": 0,
    "depreciationAndAmortization": 324000000,
    "ebitda": 1351000000,
    "ebitdaratio": 0.4925264309,
    "operatingIncome": 1027000000,
    "operatingIncomeRatio": 0.3744075829,
    "totalOtherIncomeExpensesNet": -62000000,
    "incomeBeforeTax": 965000000,
    "incomeBeforeTaxRatio": 0.3518045935,
    "incomeTaxExpense": 383000000,
    "netIncome": 581000000,
    "netIncomeRatio": 0.2118118848,
    "eps": 0.74,
    "epsdiluted": 0.73,
    "weightedAverageShsOut": 787800000,
    "weightedAverageShsOutDil": 797800000,
    "link": "https://www.sec.gov/Archives/edgar/data/797468/000079746804000087/0000797468-04-000087-index.htm",
    "finalLink": "https://www.sec.gov/Archives/edgar/data/797468/000079746804000087/form10q-20042q.txt"
  },
  {
    "date": "2004-03-31",
    "symbol": "OXY",
    "reportedCurrency": "USD",
    "cik": "0000797468",
    "fillingDate": "2004-05-04",
    "acceptedDate": "2004-05-04 16:34:47",
    "calendarYear": "2004",
    "period": "Q1",
    "revenue": 2603000000,
    "costOfRevenue": 1460000000,
    "grossProfit": 1143000000,
    "grossProfitRatio": 0.4391087207,
    "researchAndDevelopmentExpenses": 0,
    "generalAndAdministrativeExpenses": 0,
    "sellingAndMarketingExpenses": 0,
    "sellingGeneralAndAdministrativeExpenses": 225000000,
    "otherExpenses": 1000000,
    "operatingExpenses": 226000000,
    "costAndExpenses": 1686000000,
    "interestIncome": 22000000,
    "interestExpense": 69000000,
    "depreciationAndAmortization": 324000000,
    "ebitda": 1245000000,
    "ebitdaratio": 0.4782942758,
    "operatingIncome": 917000000,
    "operatingIncomeRatio": 0.352285824,
    "totalOtherIncomeExpensesNet": -67000000,
    "incomeBeforeTax": 850000000,
    "incomeBeforeTaxRatio": 0.3265462927,
    "incomeTaxExpense": 361000000,
    "netIncome": 487000000,
    "netIncomeRatio": 0.1870918171,
    "eps": 0.62,
    "epsdiluted": 0.62,
    "weightedAverageShsOut": 783000000,
    "weightedAverageShsOutDil": 794400000,
    "link": "https://www.sec.gov/Archives/edgar/data/797468/000079746804000048/0000797468-04-000048-index.htm",
    "finalLink": "https://www.sec.gov/Archives/edgar/data/797468/000079746804000048/form10q-20041q.txt"
  },
  {
    "date": "2003-12-31",
    "symbol": "OXY",
    "reportedCurrency": "USD",
    "cik": "0000797468",
    "fillingDate": "2004-03-01",
    "acceptedDate": "2004-03-01 15:41:49",
    "calendarYear": "2003",
    "period": "Q4",
    "revenue": 2267000000,
    "costOfRevenue": 189000000,
    "grossProfit": 2078000000,
    "grossProfitRatio": 0.9166299074,
    "researchAndDevelopmentExpenses": 0,
    "generalAndAdministrativeExpenses": 0,
    "sellingAndMarketingExpenses": 0,
    "sellingGeneralAndAdministrativeExpenses": 252000000,
    "otherExpenses": 1177000000,
    "operatingExpenses": 1429000000,
    "costAndExpenses": 1618000000,
    "interestIncome": 0,
    "interestExpense": 0,
    "depreciationAndAmortization": 315000000,
    "ebitda": 964000000,
    "ebitdaratio": 0.4252315836,
    "operatingIncome": 649000000,
    "operatingIncomeRatio": 0.2862814292,
    "totalOtherIncomeExpensesNet": 108000000,
    "incomeBeforeTax": 757000000,
    "incomeBeforeTaxRatio": 0.3339214821,
    "incomeTaxExpense": 304000000,
    "netIncome": 382000000,
    "netIncomeRatio": 0.1685046317,
    "eps": 0.5,
    "epsdiluted": 0.5,
    "weightedAverageShsOut": 758400000,
    "weightedAverageShsOutDil": 771000000,
    "link": "https://www.sec.gov/Archives/edgar/data/797468/000079746804000033/0000797468-04-000033-index.htm",
    "finalLink": "https://www.sec.gov/Archives/edgar/data/797468/000079746804000033/form10k-20031231.txt"
  },
  {
    "date": "2003-09-30",
    "symbol": "OXY",
    "reportedCurrency": "USD",
    "cik": "0000797468",
    "fillingDate": "2003-11-04",
    "acceptedDate": "2003-11-03 19:48:06",
    "calendarYear": "2003",
    "period": "Q3",
    "revenue": 2349000000,
    "costOfRevenue": 1319000000,
    "grossProfit": 1030000000,
    "grossProfitRatio": 0.4384844615,
    "researchAndDevelopmentExpenses": 0,
    "generalAndAdministrativeExpenses": 0,
    "sellingAndMarketingExpenses": 0,
    "sellingGeneralAndAdministrativeExpenses": 216000000,
    "otherExpenses": 0,
    "operatingExpenses": 216000000,
    "costAndExpenses": 1535000000,
    "interestIncome": 21000000,
    "interestExpense": 68000000,
    "depreciationAndAmortization": 297000000,
    "ebitda": 1111000000,
    "ebitdaratio": 0.4729672201,
    "operatingIncome": 814000000,
    "operatingIncomeRatio": 0.3465304385,
    "totalOtherIncomeExpensesNet": -68000000,
    "incomeBeforeTax": 746000000,
    "incomeBeforeTaxRatio": 0.3175819498,
    "incomeTaxExpense": 300000000,
    "netIncome": 446000000,
    "netIncomeRatio": 0.1898680289,
    "eps": 0.58,
    "epsdiluted": 0.57,
    "weightedAverageShsOut": 771000000,
    "weightedAverageShsOutDil": 782200000,
    "link": "https://www.sec.gov/Archives/edgar/data/797468/000079746803000322/0000797468-03-000322-index.htm",
    "finalLink": "https://www.sec.gov/Archives/edgar/data/797468/000079746803000322/form10q-20033q.txt"
  },
  {
    "date": "2003-06-30",
    "symbol": "OXY",
    "reportedCurrency": "USD",
    "cik": "0000797468",
    "fillingDate": "2003-08-05",
    "acceptedDate": "2003-08-05 14:53:32",
    "calendarYear": "2003",
    "period": "Q2",
    "revenue": 2305000000,
    "costOfRevenue": 1293000000,
    "grossProfit": 1012000000,
    "grossProfitRatio": 0.4390455531,
    "researchAndDevelopmentExpenses": 0,
    "generalAndAdministrativeExpenses": 0,
    "sellingAndMarketingExpenses": 0,
    "sellingGeneralAndAdministrativeExpenses": 263000000,
    "otherExpenses": 0,
    "operatingExpenses": 263000000,
    "costAndExpenses": 1556000000,
    "interestIncome": 0,
    "interestExpense": 0,
    "depreciationAndAmortization": 286000000,
    "ebitda": 1035000000,
    "ebitdaratio": 0.4490238612,
    "operatingIncome": 749000000,
    "operatingIncomeRatio": 0.3249457701,
    "totalOtherIncomeExpensesNet": -85000000,
    "incomeBeforeTax": 664000000,
    "incomeBeforeTaxRatio": 0.2880694143,
    "incomeTaxExpense": 290000000,
    "netIncome": 374000000,
    "netIncomeRatio": 0.1622559653,
    "eps": 0.49,
    "epsdiluted": 0.49,
    "weightedAverageShsOut": 765200000,
    "weightedAverageShsOutDil": 773400000,
    "link": "https://www.sec.gov/Archives/edgar/data/797468/000079746803000246/0000797468-03-000246-index.htm",
    "finalLink": "https://www.sec.gov/Archives/edgar/data/797468/000079746803000246/form10q-20032q.txt"
  },
  {
    "date": "2003-03-31",
    "symbol": "OXY",
    "reportedCurrency": "USD",
    "cik": "0000797468",
    "fillingDate": "2003-05-08",
    "acceptedDate": "2003-05-08 15:12:58",
    "calendarYear": "2003",
    "period": "Q1",
    "revenue": 2405000000,
    "costOfRevenue": 1326000000,
    "grossProfit": 1079000000,
    "grossProfitRatio": 0.4486486486,
    "researchAndDevelopmentExpenses": 0,
    "generalAndAdministrativeExpenses": 0,
    "sellingAndMarketingExpenses": 0,
    "sellingGeneralAndAdministrativeExpenses": 187000000,
    "otherExpenses": 0,
    "operatingExpenses": 187000000,
    "costAndExpenses": 1513000000,
    "interestIncome": 0,
    "interestExpense": 0,
    "depreciationAndAmortization": 285000000,
    "ebitda": 1177000000,
    "ebitdaratio": 0.4893970894,
    "operatingIncome": 892000000,
    "operatingIncomeRatio": 0.3708939709,
    "totalOtherIncomeExpensesNet": -131000000,
    "incomeBeforeTax": 761000000,
    "incomeBeforeTaxRatio": 0.3164241164,
    "incomeTaxExpense": 333000000,
    "netIncome": 325000000,
    "netIncomeRatio": 0.1351351351,
    "eps": 0.43,
    "epsdiluted": 0.43,
    "weightedAverageShsOut": 758200000,
    "weightedAverageShsOutDil": 766400000,
    "link": "https://www.sec.gov/Archives/edgar/data/797468/000079746803000183/0000797468-03-000183-index.htm",
    "finalLink": "https://www.sec.gov/Archives/edgar/data/797468/000079746803000183/form10q-1q2003.txt"
  },
  {
    "date": "2002-12-31",
    "symbol": "OXY",
    "reportedCurrency": "USD",
    "cik": "0000797468",
    "fillingDate": "2003-03-04",
    "acceptedDate": "2003-03-04 16:51:59",
    "calendarYear": "2002",
    "period": "Q4",
    "revenue": 1985000000,
    "costOfRevenue": 209000000,
    "grossProfit": 1776000000,
    "grossProfitRatio": 0.8947103275,
    "researchAndDevelopmentExpenses": 0,
    "generalAndAdministrativeExpenses": 0,
    "sellingAndMarketingExpenses": 0,
    "sellingGeneralAndAdministrativeExpenses": 181000000,
    "otherExpenses": 1012000000,
    "operatingExpenses": 1193000000,
    "costAndExpenses": 1402000000,
    "interestIncome": 0,
    "interestExpense": 0,
    "depreciationAndAmortization": 260000000,
    "ebitda": 843000000,
    "ebitdaratio": 0.4246851385,
    "operatingIncome": 583000000,
    "operatingIncomeRatio": 0.2937027708,
    "totalOtherIncomeExpensesNet": -17000000,
    "incomeBeforeTax": 566000000,
    "incomeBeforeTaxRatio": 0.285138539,
    "incomeTaxExpense": 243000000,
    "netIncome": 322000000,
    "netIncomeRatio": 0.1622166247,
    "eps": 0.43,
    "epsdiluted": 0.43,
    "weightedAverageShsOut": 752365019,
    "weightedAverageShsOutDil": 754200000,
    "link": "https://www.sec.gov/Archives/edgar/data/797468/000079746803000111/0000797468-03-000111-index.htm",
    "finalLink": "https://www.sec.gov/Archives/edgar/data/797468/000079746803000111/form10k-20021231.txt"
  },
  {
    "date": "2002-09-30",
    "symbol": "OXY",
    "reportedCurrency": "USD",
    "cik": "0000797468",
    "fillingDate": "2002-11-12",
    "acceptedDate": "2002-11-12 16:47:39",
    "calendarYear": "2002",
    "period": "Q3",
    "revenue": 1963000000,
    "costOfRevenue": 1154000000,
    "grossProfit": 809000000,
    "grossProfitRatio": 0.4121242995,
    "researchAndDevelopmentExpenses": 0,
    "generalAndAdministrativeExpenses": 0,
    "sellingAndMarketingExpenses": 0,
    "sellingGeneralAndAdministrativeExpenses": 207000000,
    "otherExpenses": 0,
    "operatingExpenses": 207000000,
    "costAndExpenses": 1361000000,
    "interestIncome": 0,
    "interestExpense": 0,
    "depreciationAndAmortization": 245000000,
    "ebitda": 847000000,
    "ebitdaratio": 0.4314824249,
    "operatingIncome": 602000000,
    "operatingIncomeRatio": 0.306673459,
    "totalOtherIncomeExpensesNet": -294000000,
    "incomeBeforeTax": 308000000,
    "incomeBeforeTaxRatio": 0.1569026999,
    "incomeTaxExpense": -168000000,
    "netIncome": 402000000,
    "netIncomeRatio": 0.2047885889,
    "eps": 0.54,
    "epsdiluted": 0.53,
    "weightedAverageShsOut": 754200000,
    "weightedAverageShsOutDil": 760800000,
    "link": "https://www.sec.gov/Archives/edgar/data/797468/000079746802000087/0000797468-02-000087-index.htm",
    "finalLink": "https://www.sec.gov/Archives/edgar/data/797468/000079746802000087/form10q-20021112.txt"
  },
  {
    "date": "2002-06-30",
    "symbol": "OXY",
    "reportedCurrency": "USD",
    "cik": "0000797468",
    "fillingDate": "2002-08-09",
    "acceptedDate": "2002-08-09 13:28:35",
    "calendarYear": "2002",
    "period": "Q2",
    "revenue": 3175000000,
    "costOfRevenue": 1184000000,
    "grossProfit": 1991000000,
    "grossProfitRatio": 0.6270866142,
    "researchAndDevelopmentExpenses": 0,
    "generalAndAdministrativeExpenses": 0,
    "sellingAndMarketingExpenses": 0,
    "sellingGeneralAndAdministrativeExpenses": 161000000,
    "otherExpenses": -3000000,
    "operatingExpenses": 222000000,
    "costAndExpenses": 1345000000,
    "interestIncome": 26000000,
    "interestExpense": 94000000,
    "depreciationAndAmortization": 253000000,
    "ebitda": 800000000,
    "ebitdaratio": 0.2519685039,
    "operatingIncome": 555000000,
    "operatingIncomeRatio": 0.1748031496,
    "totalOtherIncomeExpensesNet": -93000000,
    "incomeBeforeTax": 462000000,
    "incomeBeforeTaxRatio": 0.145511811,
    "incomeTaxExpense": 221000000,
    "netIncome": 240000000,
    "netIncomeRatio": 0.0755905512,
    "eps": 0.32,
    "epsdiluted": 0.32,
    "weightedAverageShsOut": 751600000,
    "weightedAverageShsOutDil": 758200000,
    "link": "https://www.sec.gov/Archives/edgar/data/797468/000079746802000031/0000797468-02-000031-index.htm",
    "finalLink": "https://www.sec.gov/Archives/edgar/data/797468/000079746802000031/form10q-20020809.txt"
  },
  {
    "date": "2002-03-31",
    "symbol": "OXY",
    "reportedCurrency": "USD",
    "cik": "0000797468",
    "fillingDate": "2002-05-13",
    "acceptedDate": "2002-05-10 17:50:45",
    "calendarYear": "2002",
    "period": "Q1",
    "revenue": 1548000000,
    "costOfRevenue": 2017000000,
    "grossProfit": -469000000,
    "grossProfitRatio": -0.3029715762,
    "researchAndDevelopmentExpenses": 0,
    "generalAndAdministrativeExpenses": 0,
    "sellingAndMarketingExpenses": 0,
    "sellingGeneralAndAdministrativeExpenses": 151000000,
    "otherExpenses": 0,
    "operatingExpenses": 154000000,
    "costAndExpenses": 2171000000,
    "interestIncome": 0,
    "interestExpense": 0,
    "depreciationAndAmortization": 261000000,
    "ebitda": 644000000,
    "ebitdaratio": 0.4160206718,
    "operatingIncome": 383000000,
    "operatingIncomeRatio": 0.2474160207,
    "totalOtherIncomeExpensesNet": -138000000,
    "incomeBeforeTax": 245000000,
    "incomeBeforeTaxRatio": 0.1582687339,
    "incomeTaxExpense": 126000000,
    "netIncome": 25000000,
    "netIncomeRatio": 0.0161498708,
    "eps": 0.035,
    "epsdiluted": 0.035,
    "weightedAverageShsOut": 749000000,
    "weightedAverageShsOutDil": 753200000,
    "link": "https://www.sec.gov/Archives/edgar/data/797468/000079746802000017/0000797468-02-000017-index.htm",
    "finalLink": "https://www.sec.gov/Archives/edgar/data/797468/000079746802000017/form10q-20020510.txt"
  },
  {
    "date": "2001-12-31",
    "symbol": "OXY",
    "reportedCurrency": "USD",
    "cik": "0000797468",
    "fillingDate": "2002-03-13",
    "acceptedDate": "2002-03-13 00:00:00",
    "calendarYear": "2001",
    "period": "Q4",
    "revenue": 2240000000,
    "costOfRevenue": 1086000000,
    "grossProfit": 1154000000,
    "grossProfitRatio": 0.5151785714,
    "researchAndDevelopmentExpenses": 0,
    "generalAndAdministrativeExpenses": 0,
    "sellingAndMarketingExpenses": 0,
    "sellingGeneralAndAdministrativeExpenses": 140000000,
    "otherExpenses": 971000000,
    "operatingExpenses": 1111000000,
    "costAndExpenses": 2197000000,
    "interestIncome": 0,
    "interestExpense": 0,
    "depreciationAndAmortization": 250000000,
    "ebitda": 293000000,
    "ebitdaratio": 0.1308035714,
    "operatingIncome": 43000000,
    "operatingIncomeRatio": 0.0191964286,
    "totalOtherIncomeExpensesNet": -439000000,
    "incomeBeforeTax": -396000000,
    "incomeBeforeTaxRatio": -0.1767857143,
    "incomeTaxExpense": -154000000,
    "netIncome": -247000000,
    "netIncomeRatio": -0.1102678571,
    "eps": -0.33,
    "epsdiluted": -0.33,
    "weightedAverageShsOut": 746664516,
    "weightedAverageShsOutDil": 747000000,
    "link": "https://www.sec.gov/Archives/edgar/data/797468/000079746802000010/0000797468-02-000010-index.htm",
    "finalLink": "https://www.sec.gov/Archives/edgar/data/797468/000079746802000010/form10k-20020313.txt"
  },
  {
    "date": "2001-09-30",
    "symbol": "OXY",
    "reportedCurrency": "USD",
    "cik": "0000797468",
    "fillingDate": "2001-11-14",
    "acceptedDate": "2001-11-14 00:00:00",
    "calendarYear": "2001",
    "period": "Q3",
    "revenue": 1983000000,
    "costOfRevenue": 2508000000,
    "grossProfit": -525000000,
    "grossProfitRatio": -0.2647503782,
    "researchAndDevelopmentExpenses": 0,
    "generalAndAdministrativeExpenses": 0,
    "sellingAndMarketingExpenses": 0,
    "sellingGeneralAndAdministrativeExpenses": 157000000,
    "otherExpenses": -47000000,
    "operatingExpenses": 159000000,
    "costAndExpenses": 2667000000,
    "interestIncome": 0,
    "interestExpense": 0,
    "depreciationAndAmortization": 240000000,
    "ebitda": 856000000,
    "ebitdaratio": 0.4316691881,
    "operatingIncome": 616000000,
    "operatingIncomeRatio": 0.3106404438,
    "totalOtherIncomeExpensesNet": -104000000,
    "incomeBeforeTax": 512000000,
    "incomeBeforeTaxRatio": 0.2581946546,
    "incomeTaxExpense": 69000000,
    "netIncome": 444000000,
    "netIncomeRatio": 0.223903177,
    "eps": 0.6,
    "epsdiluted": 0.59,
    "weightedAverageShsOut": 751400000,
    "weightedAverageShsOutDil": 751400000,
    "link": "https://www.sec.gov/Archives/edgar/data/797468/000079746801500022/0000797468-01-500022-index.htm",
    "finalLink": "https://www.sec.gov/Archives/edgar/data/797468/000079746801500022/form10q-20011113.txt"
  },
  {
    "date": "2001-06-30",
    "symbol": "OXY",
    "reportedCurrency": "USD",
    "cik": "0000797468",
    "fillingDate": "2001-08-10",
    "acceptedDate": "2001-08-10 00:00:00",
    "calendarYear": "2001",
    "period": "Q2",
    "revenue": 3908000000,
    "costOfRevenue": 2768000000,
    "grossProfit": 1140000000,
    "grossProfitRatio": 0.2917093142,
    "researchAndDevelopmentExpenses": 0,
    "generalAndAdministrativeExpenses": 0,
    "sellingAndMarketingExpenses": 0,
    "sellingGeneralAndAdministrativeExpenses": 178000000,
    "otherExpenses": 0,
    "operatingExpenses": 178000000,
    "costAndExpenses": 2946000000,
    "interestIncome": 0,
    "interestExpense": 0,
    "depreciationAndAmortization": 237000000,
    "ebitda": 1199000000,
    "ebitdaratio": 0.3068065507,
    "operatingIncome": 962000000,
    "operatingIncomeRatio": 0.2461617195,
    "totalOtherIncomeExpensesNet": -150000000,
    "incomeBeforeTax": 812000000,
    "incomeBeforeTaxRatio": 0.207778915,
    "incomeTaxExpense": 339000000,
    "netIncome": 473000000,
    "netIncomeRatio": 0.1210337769,
    "eps": 0.64,
    "epsdiluted": 0.63,
    "weightedAverageShsOut": 744000000,
    "weightedAverageShsOutDil": 750793651,
    "link": "https://www.sec.gov/Archives/edgar/data/797468/000079746801500019/0000797468-01-500019-index.htm",
    "finalLink": "https://www.sec.gov/Archives/edgar/data/797468/000079746801500019/form10q-20012q.txt"
  },
  {
    "date": "2001-03-30",
    "symbol": "OXY",
    "reportedCurrency": "USD",
    "cik": "0000797468",
    "fillingDate": "2001-05-14",
    "acceptedDate": "2001-05-14 00:00:00",
    "calendarYear": "2001",
    "period": "Q1",
    "revenue": 4524000000,
    "costOfRevenue": 3310000000,
    "grossProfit": 1214000000,
    "grossProfitRatio": 0.2683465959,
    "researchAndDevelopmentExpenses": 0,
    "generalAndAdministrativeExpenses": 0,
    "sellingAndMarketingExpenses": 0,
    "sellingGeneralAndAdministrativeExpenses": 247000000,
    "otherExpenses": 0,
    "operatingExpenses": 247000000,
    "costAndExpenses": 3557000000,
    "interestIncome": 0,
    "interestExpense": 0,
    "depreciationAndAmortization": 245000000,
    "ebitda": 1212000000,
    "ebitdaratio": 0.2679045093,
    "operatingIncome": 967000000,
    "operatingIncomeRatio": 0.2137488948,
    "totalOtherIncomeExpensesNet": -148000000,
    "incomeBeforeTax": 819000000,
    "incomeBeforeTaxRatio": 0.1810344828,
    "incomeTaxExpense": 308000000,
    "netIncome": 484000000,
    "netIncomeRatio": 0.1069849691,
    "eps": 0.66,
    "epsdiluted": 0.65,
    "weightedAverageShsOut": 740400000,
    "weightedAverageShsOutDil": 744615385,
    "link": "https://www.sec.gov/Archives/edgar/data/797468/000095014801500691/0000950148-01-500691-index.htm",
    "finalLink": "https://www.sec.gov/Archives/edgar/data/797468/000095014801500691/v72448e10-q.htm"
  },
  {
    "date": "2000-12-31",
    "symbol": "OXY",
    "reportedCurrency": "USD",
    "cik": "0000797468",
    "fillingDate": "2001-03-09",
    "acceptedDate": "2001-03-09 00:00:00",
    "calendarYear": "2000",
    "period": "Q4",
    "revenue": 4133000000,
    "costOfRevenue": 3013000000,
    "grossProfit": 1120000000,
    "grossProfitRatio": 0.2709895959,
    "researchAndDevelopmentExpenses": 0,
    "generalAndAdministrativeExpenses": 0,
    "sellingAndMarketingExpenses": 0,
    "sellingGeneralAndAdministrativeExpenses": -16000000,
    "otherExpenses": 214000000,
    "operatingExpenses": 198000000,
    "costAndExpenses": 3211000000,
    "interestIncome": 95000000,
    "interestExpense": 103000000,
    "depreciationAndAmortization": 221000000,
    "ebitda": 1143000000,
    "ebitdaratio": 0.2765545609,
    "operatingIncome": 742000000,
    "operatingIncomeRatio": 0.1795306073,
    "totalOtherIncomeExpensesNet": -103000000,
    "incomeBeforeTax": 639000000,
    "incomeBeforeTaxRatio": 0.1546092427,
    "incomeTaxExpense": 306000000,
    "netIncome": 333000000,
    "netIncomeRatio": 0.0805710138,
    "eps": 0.45,
    "epsdiluted": 0.45,
    "weightedAverageShsOut": 736156808,
    "weightedAverageShsOutDil": 738400000,
    "link": "https://www.sec.gov/Archives/edgar/data/797468/000079746801500004/0000797468-01-500004-index.htm",
    "finalLink": "https://www.sec.gov/Archives/edgar/data/797468/000079746801500004/form-10k2000.txt"
  },
  {
    "date": "2000-09-30",
    "symbol": "OXY",
    "reportedCurrency": "USD",
    "cik": "0000797468",
    "fillingDate": "2000-11-14",
    "acceptedDate": "2000-11-14 00:00:00",
    "calendarYear": "2000",
    "period": "Q3",
    "revenue": 4080000000,
    "costOfRevenue": 2871000000,
    "grossProfit": 1209000000,
    "grossProfitRatio": 0.2963235294,
    "researchAndDevelopmentExpenses": 0,
    "generalAndAdministrativeExpenses": 0,
    "sellingAndMarketingExpenses": 0,
    "sellingGeneralAndAdministrativeExpenses": 262000000,
    "otherExpenses": 0,
    "operatingExpenses": 530000000,
    "costAndExpenses": 3133000000,
    "interestIncome": 0,
    "interestExpense": 0,
    "depreciationAndAmortization": 268000000,
    "ebitda": 1215000000,
    "ebitdaratio": 0.2977941176,
    "operatingIncome": 947000000,
    "operatingIncomeRatio": 0.2321078431,
    "totalOtherIncomeExpensesNet": -195000000,
    "incomeBeforeTax": 752000000,
    "incomeBeforeTaxRatio": 0.1843137255,
    "incomeTaxExpense": 351000000,
    "netIncome": 402000000,
    "netIncomeRatio": 0.0985294118,
    "eps": 0.55,
    "epsdiluted": 0.55,
    "weightedAverageShsOut": 738400000,
    "weightedAverageShsOutDil": 738400000,
    "link": "https://www.sec.gov/Archives/edgar/data/797468/000079746800500002/0000797468-00-500002-index.htm",
    "finalLink": "https://www.sec.gov/Archives/edgar/data/797468/000079746800500002/oxy3q00.txt"
  },
  {
    "date": "2000-06-30",
    "symbol": "OXY",
    "reportedCurrency": "USD",
    "cik": "0000797468",
    "fillingDate": "2000-08-10",
    "acceptedDate": "2000-08-10 00:00:00",
    "calendarYear": "2000",
    "period": "Q2",
    "revenue": 3801000000,
    "costOfRevenue": 2258000000,
    "grossProfit": 1543000000,
    "grossProfitRatio": 0.4059458037,
    "researchAndDevelopmentExpenses": 0,
    "generalAndAdministrativeExpenses": 0,
    "sellingAndMarketingExpenses": 0,
    "sellingGeneralAndAdministrativeExpenses": 291000000,
    "otherExpenses": 0,
    "operatingExpenses": 525000000,
    "costAndExpenses": 2549000000,
    "interestIncome": 0,
    "interestExpense": 0,
    "depreciationAndAmortization": 234000000,
    "ebitda": 1486000000,
    "ebitdaratio": 0.3909497501,
    "operatingIncome": 1252000000,
    "operatingIncomeRatio": 0.3293870034,
    "totalOtherIncomeExpensesNet": -199000000,
    "incomeBeforeTax": 1053000000,
    "incomeBeforeTaxRatio": 0.2770323599,
    "incomeTaxExpense": 489000000,
    "netIncome": 564000000,
    "netIncomeRatio": 0.1483820047,
    "eps": 0.77,
    "epsdiluted": 0.77,
    "weightedAverageShsOut": 737600000,
    "weightedAverageShsOutDil": 737600000,
    "link": "https://www.sec.gov/Archives/edgar/data/797468/000079746800000033/0000797468-00-000033-index.htm",
    "finalLink": "https://www.sec.gov/Archives/edgar/data/797468/000079746800000033/0000797468-00-000033-0001.txt"
  },
  {
    "date": "2000-03-31",
    "symbol": "OXY",
    "reportedCurrency": "USD",
    "cik": "0000797468",
    "fillingDate": "2000-05-15",
    "acceptedDate": "2000-05-15 00:00:00",
    "calendarYear": "2000",
    "period": "Q1",
    "revenue": 2508000000,
    "costOfRevenue": 1608000000,
    "grossProfit": 900000000,
    "grossProfitRatio": 0.3588516746,
    "researchAndDevelopmentExpenses": 0,
    "generalAndAdministrativeExpenses": 0,
    "sellingAndMarketingExpenses": 0,
    "sellingGeneralAndAdministrativeExpenses": 154000000,
    "otherExpenses": -1195000000,
    "operatingExpenses": -1041000000,
    "costAndExpenses": 1881000000,
    "interestIncome": 0,
    "interestExpense": 0,
    "depreciationAndAmortization": 185000000,
    "ebitda": 2266000000,
    "ebitdaratio": 0.9035087719,
    "operatingIncome": 2081000000,
    "operatingIncomeRatio": 0.8297448166,
    "totalOtherIncomeExpensesNet": -1514000000,
    "incomeBeforeTax": 567000000,
    "incomeBeforeTaxRatio": 0.226076555,
    "incomeTaxExpense": 296000000,
    "netIncome": 271000000,
    "netIncomeRatio": 0.1080542265,
    "eps": 0.37,
    "epsdiluted": 0.37,
    "weightedAverageShsOut": 736200000,
    "weightedAverageShsOutDil": 736200000,
    "link": "https://www.sec.gov/Archives/edgar/data/797468/000079746800000028/0000797468-00-000028-index.html",
    "finalLink": "https://www.sec.gov/Archives/edgar/data/797468/000079746800000028/0000797468-00-000028.txt"
  },
  {
    "date": "1999-12-31",
    "symbol": "OXY",
    "reportedCurrency": "USD",
    "cik": "0000797468",
    "fillingDate": "2000-03-15",
    "acceptedDate": "2000-03-15 00:00:00",
    "calendarYear": "1999",
    "period": "Q4",
    "revenue": 2506000000,
    "costOfRevenue": 1690000000,
    "grossProfit": 816000000,
    "grossProfitRatio": 0.3256185156,
    "researchAndDevelopmentExpenses": 0,
    "generalAndAdministrativeExpenses": 0,
    "sellingAndMarketingExpenses": 0,
    "sellingGeneralAndAdministrativeExpenses": 157000000,
    "otherExpenses": 219000000,
    "operatingExpenses": 376000000,
    "costAndExpenses": 2066000000,
    "interestIncome": 0,
    "interestExpense": 0,
    "depreciationAndAmortization": 219000000,
    "ebitda": 659000000,
    "ebitdaratio": 0.2629688747,
    "operatingIncome": 440000000,
    "operatingIncomeRatio": 0.1755786113,
    "totalOtherIncomeExpensesNet": 448000000,
    "incomeBeforeTax": 888000000,
    "incomeBeforeTaxRatio": 0.3543495611,
    "incomeTaxExpense": 401000000,
    "netIncome": 383000000,
    "netIncomeRatio": 0.1528332003,
    "eps": 0.53,
    "epsdiluted": 0.53,
    "weightedAverageShsOut": 720000000,
    "weightedAverageShsOutDil": 720000000,
    "link": "https://www.sec.gov/Archives/edgar/data/797468/000095014800000407/0000950148-00-000407-index.htm",
    "finalLink": "https://www.sec.gov/Archives/edgar/data/797468/000095014800000407/0000950148-00-000407-d10.pdf"
  },
  {
    "date": "1999-09-30",
    "symbol": "OXY",
    "reportedCurrency": "USD",
    "cik": "0000797468",
    "fillingDate": "1999-11-10",
    "acceptedDate": "1999-11-10 00:00:00",
    "calendarYear": "1999",
    "period": "Q3",
    "revenue": 2113000000,
    "costOfRevenue": 1413000000,
    "grossProfit": 700000000,
    "grossProfitRatio": 0.3312825367,
    "researchAndDevelopmentExpenses": 0,
    "generalAndAdministrativeExpenses": 0,
    "sellingAndMarketingExpenses": 0,
    "sellingGeneralAndAdministrativeExpenses": 168000000,
    "otherExpenses": 198000000,
    "operatingExpenses": 366000000,
    "costAndExpenses": 1779000000,
    "interestIncome": 0,
    "interestExpense": 0,
    "depreciationAndAmortization": 198000000,
    "ebitda": 532000000,
    "ebitdaratio": 0.2517747279,
    "operatingIncome": 334000000,
    "operatingIncomeRatio": 0.1580690961,
    "totalOtherIncomeExpensesNet": -75000000,
    "incomeBeforeTax": 259000000,
    "incomeBeforeTaxRatio": 0.1225745386,
    "incomeTaxExpense": 133000000,
    "netIncome": 126000000,
    "netIncomeRatio": 0.0596308566,
    "eps": 0.18,
    "epsdiluted": 0.18,
    "weightedAverageShsOut": 720000000,
    "weightedAverageShsOutDil": 720000000,
    "link": "https://www.sec.gov/Archives/edgar/data/797468/000079746899000029/0000797468-99-000029-index.html",
    "finalLink": "https://www.sec.gov/Archives/edgar/data/797468/000079746899000029/0000797468-99-000029.txt"
  },
  {
    "date": "1999-06-30",
    "symbol": "OXY",
    "reportedCurrency": "USD",
    "cik": "0000797468",
    "fillingDate": "1999-08-13",
    "acceptedDate": "1999-08-13 00:00:00",
    "calendarYear": "1999",
    "period": "Q2",
    "revenue": 1647000000,
    "costOfRevenue": 1113000000,
    "grossProfit": 534000000,
    "grossProfitRatio": 0.3242258652,
    "researchAndDevelopmentExpenses": 0,
    "generalAndAdministrativeExpenses": 0,
    "sellingAndMarketingExpenses": 0,
    "sellingGeneralAndAdministrativeExpenses": 160000000,
    "otherExpenses": 203000000,
    "operatingExpenses": 363000000,
    "costAndExpenses": 1476000000,
    "interestIncome": 0,
    "interestExpense": 0,
    "depreciationAndAmortization": 203000000,
    "ebitda": 374000000,
    "ebitdaratio": 0.2270795386,
    "operatingIncome": 171000000,
    "operatingIncomeRatio": 0.1038251366,
    "totalOtherIncomeExpensesNet": -103000000,
    "incomeBeforeTax": 68000000,
    "incomeBeforeTaxRatio": 0.0412871888,
    "incomeTaxExpense": 56000000,
    "netIncome": 9000000,
    "netIncomeRatio": 0.0054644809,
    "eps": 0.01,
    "epsdiluted": 0.01,
    "weightedAverageShsOut": 600000000,
    "weightedAverageShsOutDil": 600000000,
    "link": "https://www.sec.gov/Archives/edgar/data/797468/000079746899000025/0000797468-99-000025-index.html",
    "finalLink": "https://www.sec.gov/Archives/edgar/data/797468/000079746899000025/0000797468-99-000025.txt"
  },
  {
    "date": "1999-03-31",
    "symbol": "OXY",
    "reportedCurrency": "USD",
    "cik": "0000797468",
    "fillingDate": "1999-05-14",
    "acceptedDate": "1999-05-14 00:00:00",
    "calendarYear": "1999",
    "period": "Q1",
    "revenue": 1344000000,
    "costOfRevenue": 894000000,
    "grossProfit": 450000000,
    "grossProfitRatio": 0.3348214286,
    "researchAndDevelopmentExpenses": 0,
    "generalAndAdministrativeExpenses": 0,
    "sellingAndMarketingExpenses": 0,
    "sellingGeneralAndAdministrativeExpenses": 172000000,
    "otherExpenses": 197000000,
    "operatingExpenses": 369000000,
    "costAndExpenses": 1263000000,
    "interestIncome": 0,
    "interestExpense": 0,
    "depreciationAndAmortization": 197000000,
    "ebitda": 278000000,
    "ebitdaratio": 0.2068452381,
    "operatingIncome": 81000000,
    "operatingIncomeRatio": 0.0602678571,
    "totalOtherIncomeExpensesNet": -97000000,
    "incomeBeforeTax": -16000000,
    "incomeBeforeTaxRatio": -0.0119047619,
    "incomeTaxExpense": 41000000,
    "netIncome": -70000000,
    "netIncomeRatio": -0.0520833333,
    "eps": -0.1,
    "epsdiluted": -0.1,
    "weightedAverageShsOut": 704761905,
    "weightedAverageShsOutDil": 704761905,
    "link": "https://www.sec.gov/Archives/edgar/data/797468/000079746899000018/0000797468-99-000018-index.html",
    "finalLink": "https://www.sec.gov/Archives/edgar/data/797468/0000797468-99-000018.txt"
  },
  {
    "date": "1998-12-31",
    "symbol": "OXY",
    "reportedCurrency": "USD",
    "cik": "0000797468",
    "fillingDate": "1999-03-12",
    "acceptedDate": "1999-03-12 00:00:00",
    "calendarYear": "1998",
    "period": "Q4",
    "revenue": 1692000000,
    "costOfRevenue": 1304000000,
    "grossProfit": 388000000,
    "grossProfitRatio": 0.2293144208,
    "researchAndDevelopmentExpenses": 0,
    "generalAndAdministrativeExpenses": 0,
    "sellingAndMarketingExpenses": 0,
    "sellingGeneralAndAdministrativeExpenses": 137000000,
    "otherExpenses": 204000000,
    "operatingExpenses": 341000000,
    "costAndExpenses": 1645000000,
    "interestIncome": 0,
    "interestExpense": 0,
    "depreciationAndAmortization": 204000000,
    "ebitda": 251000000,
    "ebitdaratio": 0.1483451537,
    "operatingIncome": 47000000,
    "operatingIncomeRatio": 0.0277777778,
    "totalOtherIncomeExpensesNet": -105000000,
    "incomeBeforeTax": -58000000,
    "incomeBeforeTaxRatio": -0.0342789598,
    "incomeTaxExpense": -20000000,
    "netIncome": -38000000,
    "netIncomeRatio": -0.0224586288,
    "eps": -0.0549,
    "epsdiluted": -0.0549,
    "weightedAverageShsOut": 691842000,
    "weightedAverageShsOutDil": 691842000,
    "link": "https://www.sec.gov/Archives/edgar/data/797468/000094420999000281/0000944209-99-000281-index.html",
    "finalLink": "https://www.sec.gov/Archives/edgar/data/797468/0000944209-99-000281.txt"
  },
  {
    "date": "1998-09-30",
    "symbol": "OXY",
    "reportedCurrency": "USD",
    "cik": "0000797468",
    "fillingDate": "1998-11-12",
    "acceptedDate": "1998-11-12 00:00:00",
    "calendarYear": "1998",
    "period": "Q3",
    "revenue": 1661000000,
    "costOfRevenue": 1198000000,
    "grossProfit": 463000000,
    "grossProfitRatio": 0.2787477423,
    "researchAndDevelopmentExpenses": 0,
    "generalAndAdministrativeExpenses": 0,
    "sellingAndMarketingExpenses": 0,
    "sellingGeneralAndAdministrativeExpenses": 181000000,
    "otherExpenses": 202000000,
    "operatingExpenses": 383000000,
    "costAndExpenses": 1581000000,
    "interestIncome": 0,
    "interestExpense": 0,
    "depreciationAndAmortization": 202000000,
    "ebitda": 282000000,
    "ebitdaratio": 0.1697772426,
    "operatingIncome": 80000000,
    "operatingIncomeRatio": 0.0481637568,
    "totalOtherIncomeExpensesNet": 38000000,
    "incomeBeforeTax": 118000000,
    "incomeBeforeTaxRatio": 0.0710415412,
    "incomeTaxExpense": 80000000,
    "netIncome": 38000000,
    "netIncomeRatio": 0.0228777845,
    "eps": 0.025,
    "epsdiluted": 0.025,
    "weightedAverageShsOut": 691842000,
    "weightedAverageShsOutDil": 691842000,
    "link": "https://www.sec.gov/Archives/edgar/data/797468/000079746898000035/0000797468-98-000035-index.html",
    "finalLink": "https://www.sec.gov/Archives/edgar/data/797468/0000797468-98-000035.txt"
  },
  {
    "date": "1998-06-30",
    "symbol": "OXY",
    "reportedCurrency": "USD",
    "cik": "0000797468",
    "fillingDate": "1998-08-14",
    "acceptedDate": "1998-08-14 00:00:00",
    "calendarYear": "1998",
    "period": "Q2",
    "revenue": 1543000000,
    "costOfRevenue": 979000000,
    "grossProfit": 564000000,
    "grossProfitRatio": 0.365521711,
    "researchAndDevelopmentExpenses": 0,
    "generalAndAdministrativeExpenses": 0,
    "sellingAndMarketingExpenses": 0,
    "sellingGeneralAndAdministrativeExpenses": 213000000,
    "otherExpenses": 250000000,
    "operatingExpenses": 463000000,
    "costAndExpenses": 1442000000,
    "interestIncome": 0,
    "interestExpense": 0,
    "depreciationAndAmortization": 221000000,
    "ebitda": 322000000,
    "ebitdaratio": 0.2086843811,
    "operatingIncome": 101000000,
    "operatingIncomeRatio": 0.0654569021,
    "totalOtherIncomeExpensesNet": 232000000,
    "incomeBeforeTax": 333000000,
    "incomeBeforeTaxRatio": 0.2158133506,
    "incomeTaxExpense": 147000000,
    "netIncome": 186000000,
    "netIncomeRatio": 0.120544394,
    "eps": 0.26,
    "epsdiluted": 0.25,
    "weightedAverageShsOut": 709803922,
    "weightedAverageShsOutDil": 738775510,
    "link": "https://www.sec.gov/Archives/edgar/data/797468/000095014898002016/0000950148-98-002016-index.html",
    "finalLink": "https://www.sec.gov/Archives/edgar/data/797468/0000950148-98-002016.txt"
  },
  {
    "date": "1998-03-31",
    "symbol": "OXY",
    "reportedCurrency": "USD",
    "cik": "0000797468",
    "fillingDate": "1998-05-15",
    "acceptedDate": "1998-05-15 00:00:00",
    "calendarYear": "1998",
    "period": "Q1",
    "revenue": 1700000000,
    "costOfRevenue": 1058000000,
    "grossProfit": 642000000,
    "grossProfitRatio": 0.3776470588,
    "researchAndDevelopmentExpenses": 0,
    "generalAndAdministrativeExpenses": 0,
    "sellingAndMarketingExpenses": 0,
    "sellingGeneralAndAdministrativeExpenses": 178000000,
    "otherExpenses": 230000000,
    "operatingExpenses": 408000000,
    "costAndExpenses": 1466000000,
    "interestIncome": 0,
    "interestExpense": 38000000,
    "depreciationAndAmortization": 230000000,
    "ebitda": 464000000,
    "ebitdaratio": 0.2729411765,
    "operatingIncome": 234000000,
    "operatingIncomeRatio": 0.1376470588,
    "totalOtherIncomeExpensesNet": 61000000,
    "incomeBeforeTax": 295000000,
    "incomeBeforeTaxRatio": 0.1735294118,
    "incomeTaxExpense": 156000000,
    "netIncome": 177000000,
    "netIncomeRatio": 0.1041176471,
    "eps": 0.13,
    "epsdiluted": 0.12,
    "weightedAverageShsOut": 697999184,
    "weightedAverageShsOutDil": 697999184,
    "link": "https://www.sec.gov/Archives/edgar/data/797468/000095014898001337/0000950148-98-001337-index.html",
    "finalLink": "https://www.sec.gov/Archives/edgar/data/797468/0000950148-98-001337.txt"
  },
  {
    "date": "1997-12-31",
    "symbol": "OXY",
    "reportedCurrency": "USD",
    "cik": "0000797468",
    "fillingDate": "1998-03-26",
    "acceptedDate": "1998-03-26 00:00:00",
    "calendarYear": "1997",
    "period": "Q4",
    "revenue": -106000000,
    "costOfRevenue": -326000000,
    "grossProfit": 220000000,
    "grossProfitRatio": -2.0754716981,
    "researchAndDevelopmentExpenses": 0,
    "generalAndAdministrativeExpenses": 0,
    "sellingAndMarketingExpenses": 0,
    "sellingGeneralAndAdministrativeExpenses": 362000000,
    "otherExpenses": 119000000,
    "operatingExpenses": 481000000,
    "costAndExpenses": 155000000,
    "interestIncome": 0,
    "interestExpense": 0,
    "depreciationAndAmortization": 119000000,
    "ebitda": -142000000,
    "ebitdaratio": 1.3396226415,
    "operatingIncome": -261000000,
    "operatingIncomeRatio": 2.4622641509,
    "totalOtherIncomeExpensesNet": -125000000,
    "incomeBeforeTax": -386000000,
    "incomeBeforeTaxRatio": 3.641509434,
    "incomeTaxExpense": -109000000,
    "netIncome": -884100000,
    "netIncomeRatio": 8.3405660377,
    "eps": -1.3,
    "epsdiluted": -1.3,
    "weightedAverageShsOut": 680000000,
    "weightedAverageShsOutDil": 680000000,
    "link": "https://www.sec.gov/Archives/edgar/data/797468/000095014898000611/0000950148-98-000611-index.html",
    "finalLink": "https://www.sec.gov/Archives/edgar/data/797468/0000950148-98-000611.txt"
  },
  {
    "date": "1997-09-30",
    "symbol": "OXY",
    "reportedCurrency": "USD",
    "cik": "0000797468",
    "fillingDate": "1997-11-10",
    "acceptedDate": "1997-11-10 00:00:00",
    "calendarYear": "1997",
    "period": "Q3",
    "revenue": 2007000000,
    "costOfRevenue": 1240000000,
    "grossProfit": 767000000,
    "grossProfitRatio": 0.3821624315,
    "researchAndDevelopmentExpenses": 0,
    "generalAndAdministrativeExpenses": 0,
    "sellingAndMarketingExpenses": 0,
    "sellingGeneralAndAdministrativeExpenses": 254000000,
    "otherExpenses": 226000000,
    "operatingExpenses": 520000000,
    "costAndExpenses": 1720000000,
    "interestIncome": 0,
    "interestExpense": 0,
    "depreciationAndAmortization": 226000000,
    "ebitda": 513000000,
    "ebitdaratio": 0.2556053812,
    "operatingIncome": 287000000,
    "operatingIncomeRatio": 0.1429995017,
    "totalOtherIncomeExpensesNet": -82000000,
    "incomeBeforeTax": 205000000,
    "incomeBeforeTaxRatio": 0.1021425012,
    "incomeTaxExpense": 75000000,
    "netIncome": 157000000,
    "netIncomeRatio": 0.0782262083,
    "eps": 0.2,
    "epsdiluted": 0.19,
    "weightedAverageShsOut": 680000000,
    "weightedAverageShsOutDil": 715789474,
    "link": "https://www.sec.gov/Archives/edgar/data/797468/000094420997001487/0000944209-97-001487-index.html",
    "finalLink": "https://www.sec.gov/Archives/edgar/data/797468/0000944209-97-001487.txt"
  },
  {
    "date": "1997-06-30",
    "symbol": "OXY",
    "reportedCurrency": "USD",
    "cik": "0000797468",
    "fillingDate": "1997-08-13",
    "acceptedDate": "1997-08-13 00:00:00",
    "calendarYear": "1997",
    "period": "Q2",
    "revenue": 2717000000,
    "costOfRevenue": 1864000000,
    "grossProfit": 853000000,
    "grossProfitRatio": 0.3139492087,
    "researchAndDevelopmentExpenses": 0,
    "generalAndAdministrativeExpenses": 0,
    "sellingAndMarketingExpenses": 0,
    "sellingGeneralAndAdministrativeExpenses": 237000000,
    "otherExpenses": 246000000,
    "operatingExpenses": 483000000,
    "costAndExpenses": 2347000000,
    "interestIncome": 0,
    "interestExpense": 0,
    "depreciationAndAmortization": 284000000,
    "ebitda": 654000000,
    "ebitdaratio": 0.2407066618,
    "operatingIncome": 370000000,
    "operatingIncomeRatio": 0.1361796099,
    "totalOtherIncomeExpensesNet": -75000000,
    "incomeBeforeTax": 295000000,
    "incomeBeforeTaxRatio": 0.1085756349,
    "incomeTaxExpense": 137000000,
    "netIncome": 158000000,
    "netIncomeRatio": 0.0581523739,
    "eps": 0.21,
    "epsdiluted": 0.2,
    "weightedAverageShsOut": 658536585,
    "weightedAverageShsOutDil": 692307692,
    "link": "https://www.sec.gov/Archives/edgar/data/797468/000094420997001058/0000944209-97-001058-index.html",
    "finalLink": "https://www.sec.gov/Archives/edgar/data/797468/0000944209-97-001058.txt"
  },
  {
    "date": "1997-03-31",
    "symbol": "OXY",
    "reportedCurrency": "USD",
    "cik": "0000797468",
    "fillingDate": "1997-05-14",
    "acceptedDate": "1997-05-14 00:00:00",
    "calendarYear": "1997",
    "period": "Q1",
    "revenue": 1917000000,
    "costOfRevenue": 1154000000,
    "grossProfit": 763000000,
    "grossProfitRatio": 0.398017736,
    "researchAndDevelopmentExpenses": 0,
    "generalAndAdministrativeExpenses": 0,
    "sellingAndMarketingExpenses": 0,
    "sellingGeneralAndAdministrativeExpenses": 196000000,
    "otherExpenses": 204000000,
    "operatingExpenses": 487000000,
    "costAndExpenses": 1554000000,
    "interestIncome": 0,
    "interestExpense": 0,
    "depreciationAndAmortization": 204000000,
    "ebitda": 567000000,
    "ebitdaratio": 0.2957746479,
    "operatingIncome": 363000000,
    "operatingIncomeRatio": 0.1893583725,
    "totalOtherIncomeExpensesNet": -75000000,
    "incomeBeforeTax": 288000000,
    "incomeBeforeTaxRatio": 0.1502347418,
    "incomeTaxExpense": 161000000,
    "netIncome": 179000000,
    "netIncomeRatio": 0.0933750652,
    "eps": 0.24,
    "epsdiluted": 0.23,
    "weightedAverageShsOut": 650000000,
    "weightedAverageShsOutDil": 678260870,
    "link": "https://www.sec.gov/Archives/edgar/data/797468/000094420997000625/0000944209-97-000625-index.html",
    "finalLink": "https://www.sec.gov/Archives/edgar/data/797468/0000944209-97-000625.txt"
  },
  {
    "date": "1996-12-31",
    "symbol": "OXY",
    "reportedCurrency": "USD",
    "cik": "0000797468",
    "fillingDate": "1997-03-20",
    "acceptedDate": "1997-03-20 00:00:00",
    "calendarYear": "1996",
    "period": "Q4",
    "revenue": 2792000000,
    "costOfRevenue": 1847000000,
    "grossProfit": 945000000,
    "grossProfitRatio": 0.3384670487,
    "researchAndDevelopmentExpenses": 0,
    "generalAndAdministrativeExpenses": 0,
    "sellingAndMarketingExpenses": 0,
    "sellingGeneralAndAdministrativeExpenses": 353000000,
    "otherExpenses": 241000000,
    "operatingExpenses": 594000000,
    "costAndExpenses": 2441000000,
    "interestIncome": 0,
    "interestExpense": 0,
    "depreciationAndAmortization": 241000000,
    "ebitda": 592000000,
    "ebitdaratio": 0.212034384,
    "operatingIncome": 351000000,
    "operatingIncomeRatio": 0.1257163324,
    "totalOtherIncomeExpensesNet": -70000000,
    "incomeBeforeTax": 281000000,
    "incomeBeforeTaxRatio": 0.1006446991,
    "incomeTaxExpense": 122000000,
    "netIncome": 159000000,
    "netIncomeRatio": 0.0569484241,
    "eps": 0.2,
    "epsdiluted": 0.2,
    "weightedAverageShsOut": 777272727,
    "weightedAverageShsOutDil": 777272727,
    "link": "https://www.sec.gov/Archives/edgar/data/797468/000094420997000324/0000944209-97-000324-index.html",
    "finalLink": "https://www.sec.gov/Archives/edgar/data/797468/0000944209-97-000324.txt"
  },
  {
    "date": "1996-09-30",
    "symbol": "OXY",
    "reportedCurrency": "USD",
    "cik": "0000797468",
    "fillingDate": "1996-11-13",
    "acceptedDate": "1996-11-13 00:00:00",
    "calendarYear": "1996",
    "period": "Q3",
    "revenue": 2786000000,
    "costOfRevenue": 1926000000,
    "grossProfit": 860000000,
    "grossProfitRatio": 0.3086862886,
    "researchAndDevelopmentExpenses": 0,
    "generalAndAdministrativeExpenses": 0,
    "sellingAndMarketingExpenses": 0,
    "sellingGeneralAndAdministrativeExpenses": 359000000,
    "otherExpenses": 236000000,
    "operatingExpenses": 595000000,
    "costAndExpenses": 2521000000,
    "interestIncome": 0,
    "interestExpense": 30000000,
    "depreciationAndAmortization": 236000000,
    "ebitda": 501000000,
    "ebitdaratio": 0.17982771,
    "operatingIncome": 265000000,
    "operatingIncomeRatio": 0.0951184494,
    "totalOtherIncomeExpensesNet": -30000000,
    "incomeBeforeTax": 235000000,
    "incomeBeforeTaxRatio": 0.084350323,
    "incomeTaxExpense": 41000000,
    "netIncome": 194000000,
    "netIncomeRatio": 0.0696338837,
    "eps": 0.22,
    "epsdiluted": 0.21,
    "weightedAverageShsOut": 777272727,
    "weightedAverageShsOutDil": 814285714,
    "link": "https://www.sec.gov/Archives/edgar/data/797468/000094420996000518/0000944209-96-000518-index.html",
    "finalLink": "https://www.sec.gov/Archives/edgar/data/797468/0000944209-96-000518.txt"
  },
  {
    "date": "1996-06-30",
    "symbol": "OXY",
    "reportedCurrency": "USD",
    "cik": "0000797468",
    "fillingDate": "1996-08-13",
    "acceptedDate": "1996-08-13 00:00:00",
    "calendarYear": "1996",
    "period": "Q2",
    "revenue": 2457000000,
    "costOfRevenue": 1638000000,
    "grossProfit": 819000000,
    "grossProfitRatio": 0.3333333333,
    "researchAndDevelopmentExpenses": 0,
    "generalAndAdministrativeExpenses": 0,
    "sellingAndMarketingExpenses": 0,
    "sellingGeneralAndAdministrativeExpenses": 311000000,
    "otherExpenses": 227000000,
    "operatingExpenses": 538000000,
    "costAndExpenses": 2176000000,
    "interestIncome": 0,
    "interestExpense": 0,
    "depreciationAndAmortization": 227000000,
    "ebitda": 508000000,
    "ebitdaratio": 0.2067562068,
    "operatingIncome": 281000000,
    "operatingIncomeRatio": 0.1143671144,
    "totalOtherIncomeExpensesNet": 47000000,
    "incomeBeforeTax": 328000000,
    "incomeBeforeTaxRatio": 0.1334961335,
    "incomeTaxExpense": 147000000,
    "netIncome": 181000000,
    "netIncomeRatio": 0.0736670737,
    "eps": 0.2,
    "epsdiluted": 0.2,
    "weightedAverageShsOut": 810256410,
    "weightedAverageShsOutDil": 810256410,
    "link": "https://www.sec.gov/Archives/edgar/data/797468/000094420996000217/0000944209-96-000217-index.html",
    "finalLink": "https://www.sec.gov/Archives/edgar/data/797468/0000944209-96-000217.txt"
  },
  {
    "date": "1996-03-31",
    "symbol": "OXY",
    "reportedCurrency": "USD",
    "cik": "0000797468",
    "fillingDate": "1996-05-15",
    "acceptedDate": "1996-05-15 00:00:00",
    "calendarYear": "1996",
    "period": "Q1",
    "revenue": 2524000000,
    "costOfRevenue": 1650000000,
    "grossProfit": 874000000,
    "grossProfitRatio": 0.3462757528,
    "researchAndDevelopmentExpenses": 0,
    "generalAndAdministrativeExpenses": 0,
    "sellingAndMarketingExpenses": 0,
    "sellingGeneralAndAdministrativeExpenses": 250000000,
    "otherExpenses": 224000000,
    "operatingExpenses": 474000000,
    "costAndExpenses": 2124000000,
    "interestIncome": 0,
    "interestExpense": 0,
    "depreciationAndAmortization": 224000000,
    "ebitda": 624000000,
    "ebitdaratio": 0.2472266244,
    "operatingIncome": 400000000,
    "operatingIncomeRatio": 0.1584786054,
    "totalOtherIncomeExpensesNet": -92000000,
    "incomeBeforeTax": 308000000,
    "incomeBeforeTaxRatio": 0.1220285261,
    "incomeTaxExpense": 144000000,
    "netIncome": 134000000,
    "netIncomeRatio": 0.0530903328,
    "eps": 0.055,
    "epsdiluted": 0.055,
    "weightedAverageShsOut": 638708000,
    "weightedAverageShsOutDil": 638708000,
    "link": "https://www.sec.gov/Archives/edgar/data/797468/000089843096002044/0000898430-96-002044-index.html",
    "finalLink": "https://www.sec.gov/Archives/edgar/data/797468/0000898430-96-002044.txt"
  },
  {
    "date": "1995-12-31",
    "symbol": "OXY",
    "reportedCurrency": "USD",
    "cik": "0000797468",
    "fillingDate": "1996-03-29",
    "acceptedDate": "1996-03-29 00:00:00",
    "calendarYear": "1995",
    "period": "Q4",
    "revenue": 2473000000,
    "costOfRevenue": 1818000000,
    "grossProfit": 655000000,
    "grossProfitRatio": 0.2648604933,
    "researchAndDevelopmentExpenses": 0,
    "generalAndAdministrativeExpenses": 0,
    "sellingAndMarketingExpenses": 0,
    "sellingGeneralAndAdministrativeExpenses": 292000000,
    "otherExpenses": 245000000,
    "operatingExpenses": 537000000,
    "costAndExpenses": 2355000000,
    "interestIncome": 0,
    "interestExpense": 0,
    "depreciationAndAmortization": 245000000,
    "ebitda": 363000000,
    "ebitdaratio": 0.146785281,
    "operatingIncome": 118000000,
    "operatingIncomeRatio": 0.0477153255,
    "totalOtherIncomeExpensesNet": -81000000,
    "incomeBeforeTax": 37000000,
    "incomeBeforeTaxRatio": 0.0149615851,
    "incomeTaxExpense": 30000000,
    "netIncome": 7000000,
    "netIncomeRatio": 0.0028305702,
    "eps": 0.011,
    "epsdiluted": 0.011,
    "weightedAverageShsOut": 638888889,
    "weightedAverageShsOutDil": 638888889,
    "link": "https://www.sec.gov/Archives/edgar/data/797468/000091205796005571/0000912057-96-005571-index.html",
    "finalLink": "https://www.sec.gov/Archives/edgar/data/797468/0000912057-96-005571.txt"
  },
  {
    "date": "1995-09-30",
    "symbol": "OXY",
    "reportedCurrency": "USD",
    "cik": "0000797468",
    "fillingDate": "1995-11-14",
    "acceptedDate": "1995-11-14 00:00:00",
    "calendarYear": "1995",
    "period": "Q3",
    "revenue": 2557000000,
    "costOfRevenue": 1728000000,
    "grossProfit": 829000000,
    "grossProfitRatio": 0.3242080563,
    "researchAndDevelopmentExpenses": 0,
    "generalAndAdministrativeExpenses": 0,
    "sellingAndMarketingExpenses": 0,
    "sellingGeneralAndAdministrativeExpenses": 254000000,
    "otherExpenses": 235000000,
    "operatingExpenses": 489000000,
    "costAndExpenses": 2217000000,
    "interestIncome": 0,
    "interestExpense": 0,
    "depreciationAndAmortization": 235000000,
    "ebitda": 575000000,
    "ebitdaratio": 0.2248728979,
    "operatingIncome": 340000000,
    "operatingIncomeRatio": 0.1329683223,
    "totalOtherIncomeExpensesNet": -89000000,
    "incomeBeforeTax": 251000000,
    "incomeBeforeTaxRatio": 0.0981619085,
    "incomeTaxExpense": 112000000,
    "netIncome": 139000000,
    "netIncomeRatio": 0.0543605788,
    "eps": 0.18,
    "epsdiluted": 0.18,
    "weightedAverageShsOut": 638888889,
    "weightedAverageShsOutDil": 638888889,
    "link": "https://www.sec.gov/Archives/edgar/data/797468/000095014895000789/0000950148-95-000789-index.html",
    "finalLink": "https://www.sec.gov/Archives/edgar/data/797468/0000950148-95-000789.txt"
  }
]