[
  {
    "date": "2024-12-31",
    "symbol": "OXY",
    "reportedCurrency": "USD",
    "cik": "0000797468",
    "fillingDate": "2025-02-18",
    "acceptedDate": "2025-02-18 16:22:05",
    "calendarYear": "2024",
    "period": "FY",
    "revenue": 27099000000,
    "costOfRevenue": 17450000000,
    "grossProfit": 9649000000,
    "grossProfitRatio": 0.3560647994,
    "researchAndDevelopmentExpenses": 0,
    "generalAndAdministrativeExpenses": 0,
    "sellingAndMarketingExpenses": 0,
    "sellingGeneralAndAdministrativeExpenses": 1062000000,
    "otherExpenses": 2620000000,
    "operatingExpenses": 3682000000,
    "costAndExpenses": 21132000000,
    "interestIncome": 171000000,
    "interestExpense": 1175000000,
    "depreciationAndAmortization": 7477000000,
    "ebitda": 12722000000,
    "ebitdaratio": 0.4694638179,
    "operatingIncome": 5967000000,
    "operatingIncomeRatio": 0.220192627,
    "totalOtherIncomeExpensesNet": -1897000000,
    "incomeBeforeTax": 4070000000,
    "incomeBeforeTaxRatio": 0.1501900439,
    "incomeTaxExpense": 1174000000,
    "netIncome": 3043000000,
    "netIncomeRatio": 0.1122919665,
    "eps": 2.5927,
    "epsdiluted": 2.4444,
    "weightedAverageShsOut": 911800000,
    "weightedAverageShsOutDil": 967100000,
    "link": "https://www.sec.gov/Archives/edgar/data/797468/000079746825000029/0000797468-25-000029-index.htm",
    "finalLink": "https://www.sec.gov/Archives/edgar/data/797468/000079746825000029/oxy-20241231.htm"
  },
  {
    "date": "2023-12-31",
    "symbol": "OXY",
    "reportedCurrency": "USD",
    "cik": "0000797468",
    "fillingDate": "2024-02-14",
    "acceptedDate": "2024-02-14 16:23:10",
    "calendarYear": "2023",
    "period": "FY",
    "revenue": 28331000000,
    "costOfRevenue": 18589000000,
    "grossProfit": 9742000000,
    "grossProfitRatio": 0.3438636123,
    "researchAndDevelopmentExpenses": 0,
    "generalAndAdministrativeExpenses": 0,
    "sellingAndMarketingExpenses": 0,
    "sellingGeneralAndAdministrativeExpenses": 1083000000,
    "otherExpenses": 2171000000,
    "operatingExpenses": 3254000000,
    "costAndExpenses": 21843000000,
    "interestIncome": 139000000,
    "interestExpense": 945000000,
    "depreciationAndAmortization": 7164000000,
    "ebitda": 14538000000,
    "ebitdaratio": 0.5131481416,
    "operatingIncome": 6488000000,
    "operatingIncomeRatio": 0.2290070947,
    "totalOtherIncomeExpensesNet": -59000000,
    "incomeBeforeTax": 6429000000,
    "incomeBeforeTaxRatio": 0.2269245703,
    "incomeTaxExpense": 1733000000,
    "netIncome": 4673000000,
    "netIncomeRatio": 0.1649429953,
    "eps": 4.2173,
    "epsdiluted": 3.9047,
    "weightedAverageShsOut": 889200000,
    "weightedAverageShsOutDil": 960900000,
    "link": "https://www.sec.gov/Archives/edgar/data/797468/000079746824000034/0000797468-24-000034-index.htm",
    "finalLink": "https://www.sec.gov/Archives/edgar/data/797468/000079746824000034/oxy-20231231.htm"
  },
  {
    "date": "2022-12-31",
    "symbol": "OXY",
    "reportedCurrency": "USD",
    "cik": "0000797468",
    "fillingDate": "2023-05-09",
    "acceptedDate": "2023-05-09 16:20:31",
    "calendarYear": "2022",
    "period": "FY",
    "revenue": 36253000000,
    "costOfRevenue": 19205000000,
    "grossProfit": 17048000000,
    "grossProfitRatio": 0.4702507379,
    "researchAndDevelopmentExpenses": 0,
    "generalAndAdministrativeExpenses": 0,
    "sellingAndMarketingExpenses": 0,
    "sellingGeneralAndAdministrativeExpenses": 945000000,
    "otherExpenses": 2819000000,
    "operatingExpenses": 3764000000,
    "costAndExpenses": 22969000000,
    "interestIncome": 153000000,
    "interestExpense": 1030000000,
    "depreciationAndAmortization": 7010000000,
    "ebitda": 22157000000,
    "ebitdaratio": 0.611177006,
    "operatingIncome": 13284000000,
    "operatingIncomeRatio": 0.3664248476,
    "totalOtherIncomeExpensesNet": 833000000,
    "incomeBeforeTax": 14117000000,
    "incomeBeforeTaxRatio": 0.3894022564,
    "incomeTaxExpense": 813000000,
    "netIncome": 13221000000,
    "netIncomeRatio": 0.3646870604,
    "eps": 13.4107,
    "epsdiluted": 12.4022,
    "weightedAverageShsOut": 926200000,
    "weightedAverageShsOutDil": 1002000000,
    "link": "https://www.sec.gov/Archives/edgar/data/797468/000079746823000031/0000797468-23-000031-index.htm",
    "finalLink": "https://www.sec.gov/Archives/edgar/data/797468/000079746823000031/oxy-20221231.htm"
  },
  {
    "date": "2021-12-31",
    "symbol": "OXY",
    "reportedCurrency": "USD",
    "cik": "0000797468",
    "fillingDate": "2022-02-24",
    "acceptedDate": "2022-02-24 16:21:50",
    "calendarYear": "2021",
    "period": "FY",
    "revenue": 25962000000,
    "costOfRevenue": 18358000000,
    "grossProfit": 7604000000,
    "grossProfitRatio": 0.2928896079,
    "researchAndDevelopmentExpenses": 0,
    "generalAndAdministrativeExpenses": 0,
    "sellingAndMarketingExpenses": 0,
    "sellingGeneralAndAdministrativeExpenses": 863000000,
    "otherExpenses": 2070000000,
    "operatingExpenses": 2933000000,
    "costAndExpenses": 21291000000,
    "interestIncome": 166000000,
    "interestExpense": 1614000000,
    "depreciationAndAmortization": 8572000000,
    "ebitda": 13891000000,
    "ebitdaratio": 0.5350512287,
    "operatingIncome": 4671000000,
    "operatingIncomeRatio": 0.1799168015,
    "totalOtherIncomeExpensesNet": -966000000,
    "incomeBeforeTax": 3705000000,
    "incomeBeforeTaxRatio": 0.1427085741,
    "incomeTaxExpense": 915000000,
    "netIncome": 2312000000,
    "netIncomeRatio": 0.0890532316,
    "eps": 1.6171,
    "epsdiluted": 1.577,
    "weightedAverageShsOut": 935000000,
    "weightedAverageShsOutDil": 958800000,
    "link": "https://www.sec.gov/Archives/edgar/data/797468/000079746822000008/0000797468-22-000008-index.htm",
    "finalLink": "https://www.sec.gov/Archives/edgar/data/797468/000079746822000008/oxy-20211231.htm"
  },
  {
    "date": "2020-12-31",
    "symbol": "OXY",
    "reportedCurrency": "USD",
    "cik": "0000797468",
    "fillingDate": "2021-02-26",
    "acceptedDate": "2021-02-26 16:20:04",
    "calendarYear": "2020",
    "period": "FY",
    "revenue": 17138000000,
    "costOfRevenue": 16697000000,
    "grossProfit": 441000000,
    "grossProfitRatio": 0.0257322908,
    "researchAndDevelopmentExpenses": 0,
    "generalAndAdministrativeExpenses": 0,
    "sellingAndMarketingExpenses": 0,
    "sellingGeneralAndAdministrativeExpenses": 864000000,
    "otherExpenses": 1506000000,
    "operatingExpenses": 2370000000,
    "costAndExpenses": 19067000000,
    "interestIncome": 118000000,
    "interestExpense": 1424000000,
    "depreciationAndAmortization": 8144000000,
    "ebitda": -6137000000,
    "ebitdaratio": -0.3580931264,
    "operatingIncome": -1929000000,
    "operatingIncomeRatio": -0.1125568911,
    "totalOtherIncomeExpensesNet": -13776000000,
    "incomeBeforeTax": -15705000000,
    "incomeBeforeTaxRatio": -0.9163846423,
    "incomeTaxExpense": -2172000000,
    "netIncome": -14831000000,
    "netIncomeRatio": -0.8653868596,
    "eps": -17.0622,
    "epsdiluted": -17.0622,
    "weightedAverageShsOut": 918700000,
    "weightedAverageShsOutDil": 918700000,
    "link": "https://www.sec.gov/Archives/edgar/data/797468/000079746821000009/0000797468-21-000009-index.htm",
    "finalLink": "https://www.sec.gov/Archives/edgar/data/797468/000079746821000009/oxy-20201231.htm"
  },
  {
    "date": "2019-12-31",
    "symbol": "OXY",
    "reportedCurrency": "USD",
    "cik": "0000797468",
    "fillingDate": "2020-02-28",
    "acceptedDate": "2020-02-27 21:59:03",
    "calendarYear": "2019",
    "period": "FY",
    "revenue": 19214000000,
    "costOfRevenue": 14774000000,
    "grossProfit": 4440000000,
    "grossProfitRatio": 0.2310815031,
    "researchAndDevelopmentExpenses": 0,
    "generalAndAdministrativeExpenses": 0,
    "sellingAndMarketingExpenses": 0,
    "sellingGeneralAndAdministrativeExpenses": 882000000,
    "otherExpenses": 2272000000,
    "operatingExpenses": 3154000000,
    "costAndExpenses": 17928000000,
    "interestIncome": 217000000,
    "interestExpense": 1066000000,
    "depreciationAndAmortization": 6229000000,
    "ebitda": 7649000000,
    "ebitdaratio": 0.398095139,
    "operatingIncome": 1286000000,
    "operatingIncomeRatio": 0.0669303633,
    "totalOtherIncomeExpensesNet": -932000000,
    "incomeBeforeTax": 354000000,
    "incomeBeforeTaxRatio": 0.0184240658,
    "incomeTaxExpense": 861000000,
    "netIncome": -667000000,
    "netIncomeRatio": -0.0347142708,
    "eps": -1.2168,
    "epsdiluted": -1.2168,
    "weightedAverageShsOut": 809500000,
    "weightedAverageShsOutDil": 809500000,
    "link": "https://www.sec.gov/Archives/edgar/data/797468/000079746820000004/0000797468-20-000004-index.htm",
    "finalLink": "https://www.sec.gov/Archives/edgar/data/797468/000079746820000004/oxy10k12-31x2019.htm"
  },
  {
    "date": "2018-12-31",
    "symbol": "OXY",
    "reportedCurrency": "USD",
    "cik": "0000797468",
    "fillingDate": "2019-02-21",
    "acceptedDate": "2019-02-21 17:29:15",
    "calendarYear": "2018",
    "period": "FY",
    "revenue": 15570000000,
    "costOfRevenue": 10655000000,
    "grossProfit": 4915000000,
    "grossProfitRatio": 0.3156711625,
    "researchAndDevelopmentExpenses": 0,
    "generalAndAdministrativeExpenses": 0,
    "sellingAndMarketingExpenses": 0,
    "sellingGeneralAndAdministrativeExpenses": 1613000000,
    "otherExpenses": 1467000000,
    "operatingExpenses": 2052000000,
    "costAndExpenses": 12707000000,
    "interestIncome": 136000000,
    "interestExpense": 389000000,
    "depreciationAndAmortization": 4033000000,
    "ebitda": 10030000000,
    "ebitdaratio": 0.6441875401,
    "operatingIncome": 2863000000,
    "operatingIncomeRatio": 0.183879255,
    "totalOtherIncomeExpensesNet": 3076000000,
    "incomeBeforeTax": 5939000000,
    "incomeBeforeTaxRatio": 0.3814386641,
    "incomeTaxExpense": 1477000000,
    "netIncome": 4114000000,
    "netIncomeRatio": 0.2642260758,
    "eps": 5.4011,
    "epsdiluted": 5.3898,
    "weightedAverageShsOut": 761700000,
    "weightedAverageShsOutDil": 763300000,
    "link": "https://www.sec.gov/Archives/edgar/data/797468/000079746819000004/0000797468-19-000004-index.htm",
    "finalLink": "https://www.sec.gov/Archives/edgar/data/797468/000079746819000004/oxy10k12-31x2018.htm"
  },
  {
    "date": "2017-12-31",
    "symbol": "OXY",
    "reportedCurrency": "USD",
    "cik": "0000797468",
    "fillingDate": "2018-02-23",
    "acceptedDate": "2018-02-23 17:19:51",
    "calendarYear": "2017",
    "period": "FY",
    "revenue": 12460000000,
    "costOfRevenue": 9678000000,
    "grossProfit": 2782000000,
    "grossProfitRatio": 0.2232744783,
    "researchAndDevelopmentExpenses": 0,
    "generalAndAdministrativeExpenses": 0,
    "sellingAndMarketingExpenses": 0,
    "sellingGeneralAndAdministrativeExpenses": 1424000000,
    "otherExpenses": 311000000,
    "operatingExpenses": 1735000000,
    "costAndExpenses": 11413000000,
    "interestIncome": 99000000,
    "interestExpense": 345000000,
    "depreciationAndAmortization": 4053000000,
    "ebitda": 5369000000,
    "ebitdaratio": 0.4308988764,
    "operatingIncome": 1047000000,
    "operatingIncomeRatio": 0.0840288925,
    "totalOtherIncomeExpensesNet": 281000000,
    "incomeBeforeTax": 1328000000,
    "incomeBeforeTaxRatio": 0.1065810594,
    "incomeTaxExpense": 17000000,
    "netIncome": 1305000000,
    "netIncomeRatio": 0.1047351525,
    "eps": 1.71,
    "epsdiluted": 1.7,
    "weightedAverageShsOut": 765100000,
    "weightedAverageShsOutDil": 765900000,
    "link": "https://www.sec.gov/Archives/edgar/data/797468/000079746818000005/0000797468-18-000005-index.htm",
    "finalLink": "https://www.sec.gov/Archives/edgar/data/797468/000079746818000005/oxy10k12-31x2017.htm"
  },
  {
    "date": "2016-12-31",
    "symbol": "OXY",
    "reportedCurrency": "USD",
    "cik": "0000797468",
    "fillingDate": "2017-02-23",
    "acceptedDate": "2017-02-23 09:54:15",
    "calendarYear": "2016",
    "period": "FY",
    "revenue": 10094000000,
    "costOfRevenue": 9519000000,
    "grossProfit": 575000000,
    "grossProfitRatio": 0.0569645334,
    "researchAndDevelopmentExpenses": 0,
    "generalAndAdministrativeExpenses": 0,
    "sellingAndMarketingExpenses": 0,
    "sellingGeneralAndAdministrativeExpenses": 1330000000,
    "otherExpenses": 277000000,
    "operatingExpenses": 1607000000,
    "costAndExpenses": 11126000000,
    "interestIncome": 106000000,
    "interestExpense": 292000000,
    "depreciationAndAmortization": 4301000000,
    "ebitda": 2748000000,
    "ebitdaratio": 0.2722409352,
    "operatingIncome": -1032000000,
    "operatingIncomeRatio": -0.1022389538,
    "totalOtherIncomeExpensesNet": -632000000,
    "incomeBeforeTax": -1664000000,
    "incomeBeforeTaxRatio": -0.1648504062,
    "incomeTaxExpense": -662000000,
    "netIncome": -574000000,
    "netIncomeRatio": -0.0568654646,
    "eps": -0.75,
    "epsdiluted": -0.75,
    "weightedAverageShsOut": 763800000,
    "weightedAverageShsOutDil": 763800000,
    "link": "https://www.sec.gov/Archives/edgar/data/797468/000079746817000003/0000797468-17-000003-index.htm",
    "finalLink": "https://www.sec.gov/Archives/edgar/data/797468/000079746817000003/oxy10k12-31x2016.htm"
  },
  {
    "date": "2015-12-31",
    "symbol": "OXY",
    "reportedCurrency": "USD",
    "cik": "0000797468",
    "fillingDate": "2016-02-26",
    "acceptedDate": "2016-02-26 12:08:12",
    "calendarYear": "2015",
    "period": "FY",
    "revenue": 12478000000,
    "costOfRevenue": 10384000000,
    "grossProfit": 2094000000,
    "grossProfitRatio": 0.167815355,
    "researchAndDevelopmentExpenses": 0,
    "generalAndAdministrativeExpenses": 0,
    "sellingAndMarketingExpenses": 0,
    "sellingGeneralAndAdministrativeExpenses": 1270000000,
    "otherExpenses": 343000000,
    "operatingExpenses": 1613000000,
    "costAndExpenses": 11997000000,
    "interestIncome": 118000000,
    "interestExpense": 147000000,
    "depreciationAndAmortization": 4554000000,
    "ebitda": -4983000000,
    "ebitdaratio": -0.3993428434,
    "operatingIncome": 481000000,
    "operatingIncomeRatio": 0.0385478442,
    "totalOtherIncomeExpensesNet": -9957000000,
    "incomeBeforeTax": -9476000000,
    "incomeBeforeTaxRatio": -0.7594165732,
    "incomeTaxExpense": -1330000000,
    "netIncome": -7829000000,
    "netIncomeRatio": -0.6274242667,
    "eps": -10.23,
    "epsdiluted": -10.23,
    "weightedAverageShsOut": 765600000,
    "weightedAverageShsOutDil": 765600000,
    "link": "https://www.sec.gov/Archives/edgar/data/797468/000079746816000017/0000797468-16-000017-index.htm",
    "finalLink": "https://www.sec.gov/Archives/edgar/data/797468/000079746816000017/oxy10k12-31x2015.htm"
  },
  {
    "date": "2014-12-31",
    "symbol": "OXY",
    "reportedCurrency": "USD",
    "cik": "0000797468",
    "fillingDate": "2015-02-23",
    "acceptedDate": "2015-02-23 16:23:58",
    "calendarYear": "2014",
    "period": "FY",
    "revenue": 19391000000,
    "costOfRevenue": 11214000000,
    "grossProfit": 8177000000,
    "grossProfitRatio": 0.421690475,
    "researchAndDevelopmentExpenses": 0,
    "generalAndAdministrativeExpenses": 0,
    "sellingAndMarketingExpenses": 0,
    "sellingGeneralAndAdministrativeExpenses": 1503000000,
    "otherExpenses": 550000000,
    "operatingExpenses": 2053000000,
    "costAndExpenses": 13267000000,
    "interestIncome": 130000000,
    "interestExpense": 77000000,
    "depreciationAndAmortization": 4360000000,
    "ebitda": 5661000000,
    "ebitdaratio": 0.2919395596,
    "operatingIncome": 6124000000,
    "operatingIncomeRatio": 0.315816616,
    "totalOtherIncomeExpensesNet": -4569000000,
    "incomeBeforeTax": 1555000000,
    "incomeBeforeTaxRatio": 0.0801918416,
    "incomeTaxExpense": 1685000000,
    "netIncome": 616000000,
    "netIncomeRatio": 0.0317673147,
    "eps": 0.79,
    "epsdiluted": 0.79,
    "weightedAverageShsOut": 781100000,
    "weightedAverageShsOutDil": 781100000,
    "link": "https://www.sec.gov/Archives/edgar/data/797468/000079746815000003/0000797468-15-000003-index.htm",
    "finalLink": "https://www.sec.gov/Archives/edgar/data/797468/000079746815000003/oxy10k12-31x2014.htm"
  },
  {
    "date": "2013-12-31",
    "symbol": "OXY",
    "reportedCurrency": "USD",
    "cik": "0000797468",
    "fillingDate": "2014-03-03",
    "acceptedDate": "2014-03-03 14:00:57",
    "calendarYear": "2013",
    "period": "FY",
    "revenue": 24440000000,
    "costOfRevenue": 13165000000,
    "grossProfit": 11275000000,
    "grossProfitRatio": 0.4613338789,
    "researchAndDevelopmentExpenses": 0,
    "generalAndAdministrativeExpenses": 0,
    "sellingAndMarketingExpenses": 0,
    "sellingGeneralAndAdministrativeExpenses": 1801000000,
    "otherExpenses": 749000000,
    "operatingExpenses": 2550000000,
    "costAndExpenses": 15715000000,
    "interestIncome": 107000000,
    "interestExpense": 132000000,
    "depreciationAndAmortization": 5489000000,
    "ebitda": 14889000000,
    "ebitdaratio": 0.6092062193,
    "operatingIncome": 8725000000,
    "operatingIncomeRatio": 0.3569967267,
    "totalOtherIncomeExpensesNet": 952000000,
    "incomeBeforeTax": 9677000000,
    "incomeBeforeTaxRatio": 0.3959492635,
    "incomeTaxExpense": 3755000000,
    "netIncome": 5890000000,
    "netIncomeRatio": 0.2409983633,
    "eps": 7.33,
    "epsdiluted": 7.32,
    "weightedAverageShsOut": 804100000,
    "weightedAverageShsOutDil": 804600000,
    "link": "https://www.sec.gov/Archives/edgar/data/797468/000079746814000011/0000797468-14-000011-index.htm",
    "finalLink": "https://www.sec.gov/Archives/edgar/data/797468/000079746814000011/oxy10k12-31x2013.htm"
  },
  {
    "date": "2012-12-31",
    "symbol": "OXY",
    "reportedCurrency": "USD",
    "cik": "0000797468",
    "fillingDate": "2013-02-26",
    "acceptedDate": "2013-02-26 14:26:18",
    "calendarYear": "2012",
    "period": "FY",
    "revenue": 24099000000,
    "costOfRevenue": 12700000000,
    "grossProfit": 11399000000,
    "grossProfitRatio": 0.4730071787,
    "researchAndDevelopmentExpenses": 0,
    "generalAndAdministrativeExpenses": 0,
    "sellingAndMarketingExpenses": 0,
    "sellingGeneralAndAdministrativeExpenses": 1366000000,
    "otherExpenses": 916000000,
    "operatingExpenses": 2282000000,
    "costAndExpenses": 14982000000,
    "interestIncome": 80000000,
    "interestExpense": 154000000,
    "depreciationAndAmortization": 4790000000,
    "ebitda": 12310000000,
    "ebitdaratio": 0.5108095772,
    "operatingIncome": 9117000000,
    "operatingIncomeRatio": 0.3783144529,
    "totalOtherIncomeExpensesNet": -1364000000,
    "incomeBeforeTax": 7753000000,
    "incomeBeforeTaxRatio": 0.321714594,
    "incomeTaxExpense": 3118000000,
    "netIncome": 4590000000,
    "netIncomeRatio": 0.1904643346,
    "eps": 5.67,
    "epsdiluted": 5.67,
    "weightedAverageShsOut": 809300000,
    "weightedAverageShsOutDil": 810000000,
    "link": "https://www.sec.gov/Archives/edgar/data/797468/000079746813000011/0000797468-13-000011-index.htm",
    "finalLink": "https://www.sec.gov/Archives/edgar/data/797468/000079746813000011/oxy10k12-31x2012.htm"
  },
  {
    "date": "2011-12-31",
    "symbol": "OXY",
    "reportedCurrency": "USD",
    "cik": "0000797468",
    "fillingDate": "2012-02-23",
    "acceptedDate": "2012-02-23 13:40:17",
    "calendarYear": "2011",
    "period": "FY",
    "revenue": 23744000000,
    "costOfRevenue": 11234000000,
    "grossProfit": 12510000000,
    "grossProfitRatio": 0.5268699461,
    "researchAndDevelopmentExpenses": 0,
    "generalAndAdministrativeExpenses": 0,
    "sellingAndMarketingExpenses": 0,
    "sellingGeneralAndAdministrativeExpenses": 1523000000,
    "otherExpenses": 605000000,
    "operatingExpenses": 2128000000,
    "costAndExpenses": 13362000000,
    "interestIncome": 180000000,
    "interestExpense": 298000000,
    "depreciationAndAmortization": 3591000000,
    "ebitda": 14348000000,
    "ebitdaratio": 0.6042789757,
    "operatingIncome": 10382000000,
    "operatingIncomeRatio": 0.4372473046,
    "totalOtherIncomeExpensesNet": 459000000,
    "incomeBeforeTax": 10841000000,
    "incomeBeforeTaxRatio": 0.456578504,
    "incomeTaxExpense": 4201000000,
    "netIncome": 6760000000,
    "netIncomeRatio": 0.284703504,
    "eps": 8.32,
    "epsdiluted": 8.32,
    "weightedAverageShsOut": 812100000,
    "weightedAverageShsOutDil": 812900000,
    "link": "https://www.sec.gov/Archives/edgar/data/797468/000079746812000016/0000797468-12-000016-index.htm",
    "finalLink": "https://www.sec.gov/Archives/edgar/data/797468/000079746812000016/form10k-2011.htm"
  },
  {
    "date": "2010-12-31",
    "symbol": "OXY",
    "reportedCurrency": "USD",
    "cik": "0000797468",
    "fillingDate": "2011-02-24",
    "acceptedDate": "2011-02-24 13:52:43",
    "calendarYear": "2010",
    "period": "FY",
    "revenue": 18873000000,
    "costOfRevenue": 9552000000,
    "grossProfit": 9321000000,
    "grossProfitRatio": 0.4938801462,
    "researchAndDevelopmentExpenses": 0,
    "generalAndAdministrativeExpenses": 0,
    "sellingAndMarketingExpenses": 0,
    "sellingGeneralAndAdministrativeExpenses": 1396000000,
    "otherExpenses": 459000000,
    "operatingExpenses": 1855000000,
    "costAndExpenses": 11407000000,
    "interestIncome": 112000000,
    "interestExpense": 116000000,
    "depreciationAndAmortization": 3178000000,
    "ebitda": 10653000000,
    "ebitdaratio": 0.564457161,
    "operatingIncome": 7466000000,
    "operatingIncomeRatio": 0.3955915859,
    "totalOtherIncomeExpensesNet": 170000000,
    "incomeBeforeTax": 7636000000,
    "incomeBeforeTaxRatio": 0.4045991628,
    "incomeTaxExpense": 2995000000,
    "netIncome": 4524000000,
    "netIncomeRatio": 0.2397075187,
    "eps": 5.57,
    "epsdiluted": 5.56,
    "weightedAverageShsOut": 812500000,
    "weightedAverageShsOutDil": 813800000,
    "link": "https://www.sec.gov/Archives/edgar/data/797468/000079746811000026/0000797468-11-000026-index.htm",
    "finalLink": "https://www.sec.gov/Archives/edgar/data/797468/000079746811000026/form10k-2010.htm"
  },
  {
    "date": "2009-12-31",
    "symbol": "OXY",
    "reportedCurrency": "USD",
    "cik": "0000797468",
    "fillingDate": "2010-02-25",
    "acceptedDate": "2010-02-25 14:53:37",
    "calendarYear": "2009",
    "period": "FY",
    "revenue": 15356000000,
    "costOfRevenue": 8769000000,
    "grossProfit": 6587000000,
    "grossProfitRatio": 0.4289528523,
    "researchAndDevelopmentExpenses": 0,
    "generalAndAdministrativeExpenses": 0,
    "sellingAndMarketingExpenses": 0,
    "sellingGeneralAndAdministrativeExpenses": 1350000000,
    "otherExpenses": 433000000,
    "operatingExpenses": 1783000000,
    "costAndExpenses": 10552000000,
    "interestIncome": 7000000,
    "interestExpense": 140000000,
    "depreciationAndAmortization": 3142000000,
    "ebitda": 7951000000,
    "ebitdaratio": 0.5177780672,
    "operatingIncome": 4804000000,
    "operatingIncomeRatio": 0.3128418859,
    "totalOtherIncomeExpensesNet": 92000000,
    "incomeBeforeTax": 4896000000,
    "incomeBeforeTaxRatio": 0.3188330294,
    "incomeTaxExpense": 1918000000,
    "netIncome": 2911000000,
    "netIncomeRatio": 0.1895675957,
    "eps": 3.59,
    "epsdiluted": 3.58,
    "weightedAverageShsOut": 811300000,
    "weightedAverageShsOutDil": 813800000,
    "link": "https://www.sec.gov/Archives/edgar/data/797468/000079746810000020/0000797468-10-000020-index.htm",
    "finalLink": "https://www.sec.gov/Archives/edgar/data/797468/000079746810000020/form10k-2009.htm"
  },
  {
    "date": "2008-12-31",
    "symbol": "OXY",
    "reportedCurrency": "USD",
    "cik": "0000797468",
    "fillingDate": "2009-02-24",
    "acceptedDate": "2009-02-24 14:29:18",
    "calendarYear": "2008",
    "period": "FY",
    "revenue": 24301000000,
    "costOfRevenue": 10488000000,
    "grossProfit": 13813000000,
    "grossProfitRatio": 0.5684128225,
    "researchAndDevelopmentExpenses": 0,
    "generalAndAdministrativeExpenses": 0,
    "sellingAndMarketingExpenses": 0,
    "sellingGeneralAndAdministrativeExpenses": 1285000000,
    "otherExpenses": 560000000,
    "operatingExpenses": 1845000000,
    "costAndExpenses": 12333000000,
    "interestIncome": 0,
    "interestExpense": 129000000,
    "depreciationAndAmortization": 2738000000,
    "ebitda": 14238000000,
    "ebitdaratio": 0.5859018147,
    "operatingIncome": 11968000000,
    "operatingIncomeRatio": 0.492490021,
    "totalOtherIncomeExpensesNet": -384000000,
    "incomeBeforeTax": 11584000000,
    "incomeBeforeTaxRatio": 0.4766882021,
    "incomeTaxExpense": 4629000000,
    "netIncome": 6857000000,
    "netIncomeRatio": 0.282169458,
    "eps": 8.39,
    "epsdiluted": 8.35,
    "weightedAverageShsOut": 817600000,
    "weightedAverageShsOutDil": 820800000,
    "link": "https://www.sec.gov/Archives/edgar/data/797468/000079746809000015/0000797468-09-000015-index.htm",
    "finalLink": "https://www.sec.gov/Archives/edgar/data/797468/000079746809000015/form10k-2008.htm"
  },
  {
    "date": "2007-12-31",
    "symbol": "OXY",
    "reportedCurrency": "USD",
    "cik": "0000797468",
    "fillingDate": "2008-02-22",
    "acceptedDate": "2008-02-22 14:14:36",
    "calendarYear": "2007",
    "period": "FY",
    "revenue": 18845000000,
    "costOfRevenue": 9535000000,
    "grossProfit": 9310000000,
    "grossProfitRatio": 0.4940302467,
    "researchAndDevelopmentExpenses": 0,
    "generalAndAdministrativeExpenses": 0,
    "sellingAndMarketingExpenses": 0,
    "sellingGeneralAndAdministrativeExpenses": 1561000000,
    "otherExpenses": 0,
    "operatingExpenses": 1561000000,
    "costAndExpenses": 11096000000,
    "interestIncome": 0,
    "interestExpense": 199000000,
    "depreciationAndAmortization": 2486000000,
    "ebitda": 11403000000,
    "ebitdaratio": 0.6050941894,
    "operatingIncome": 7749000000,
    "operatingIncomeRatio": 0.4111966039,
    "totalOtherIncomeExpensesNet": 911000000,
    "incomeBeforeTax": 8660000000,
    "incomeBeforeTaxRatio": 0.4595383391,
    "incomeTaxExpense": 3507000000,
    "netIncome": 5400000000,
    "netIncomeRatio": 0.286548156,
    "eps": 6.47,
    "epsdiluted": 6.44,
    "weightedAverageShsOut": 834900000,
    "weightedAverageShsOutDil": 839100000,
    "link": "https://www.sec.gov/Archives/edgar/data/797468/000079746808000026/0000797468-08-000026-index.htm",
    "finalLink": "https://www.sec.gov/Archives/edgar/data/797468/000079746808000026/form10k-2007.htm"
  },
  {
    "date": "2006-12-31",
    "symbol": "OXY",
    "reportedCurrency": "USD",
    "cik": "0000797468",
    "fillingDate": "2007-02-27",
    "acceptedDate": "2007-02-27 13:31:02",
    "calendarYear": "2006",
    "period": "FY",
    "revenue": 17175000000,
    "costOfRevenue": 8381000000,
    "grossProfit": 8794000000,
    "grossProfitRatio": 0.5120232897,
    "researchAndDevelopmentExpenses": 0,
    "generalAndAdministrativeExpenses": 0,
    "sellingAndMarketingExpenses": 0,
    "sellingGeneralAndAdministrativeExpenses": 1356000000,
    "otherExpenses": 47000000,
    "operatingExpenses": 1403000000,
    "costAndExpenses": 9784000000,
    "interestIncome": 381000000,
    "interestExpense": 291000000,
    "depreciationAndAmortization": 2008000000,
    "ebitda": 9783000000,
    "ebitdaratio": 0.5696069869,
    "operatingIncome": 7391000000,
    "operatingIncomeRatio": 0.4303347889,
    "totalOtherIncomeExpensesNet": 276000000,
    "incomeBeforeTax": 7667000000,
    "incomeBeforeTaxRatio": 0.4464046579,
    "incomeTaxExpense": 3354000000,
    "netIncome": 4191000000,
    "netIncomeRatio": 0.2440174672,
    "eps": 4.92,
    "epsdiluted": 4.87,
    "weightedAverageShsOut": 852600000,
    "weightedAverageShsOutDil": 860400000,
    "link": "https://www.sec.gov/Archives/edgar/data/797468/000079746807000027/0000797468-07-000027-index.htm",
    "finalLink": "https://www.sec.gov/Archives/edgar/data/797468/000079746807000027/form10k-2006.htm"
  },
  {
    "date": "2005-12-31",
    "symbol": "OXY",
    "reportedCurrency": "USD",
    "cik": "0000797468",
    "fillingDate": "2006-03-01",
    "acceptedDate": "2006-03-01 14:08:01",
    "calendarYear": "2005",
    "period": "FY",
    "revenue": 14597000000,
    "costOfRevenue": 6941000000,
    "grossProfit": 7656000000,
    "grossProfitRatio": 0.5244913338,
    "researchAndDevelopmentExpenses": 0,
    "generalAndAdministrativeExpenses": 0,
    "sellingAndMarketingExpenses": 0,
    "sellingGeneralAndAdministrativeExpenses": 1324000000,
    "otherExpenses": 62000000,
    "operatingExpenses": 1386000000,
    "costAndExpenses": 8327000000,
    "interestIncome": 181000000,
    "interestExpense": 293000000,
    "depreciationAndAmortization": 1422000000,
    "ebitda": 8523000000,
    "ebitdaratio": 0.5838871001,
    "operatingIncome": 6270000000,
    "operatingIncomeRatio": 0.4295403165,
    "totalOtherIncomeExpensesNet": 770000000,
    "incomeBeforeTax": 7040000000,
    "incomeBeforeTaxRatio": 0.4822908817,
    "incomeTaxExpense": 1927000000,
    "netIncome": 5278000000,
    "netIncomeRatio": 0.3615811468,
    "eps": 6.55,
    "epsdiluted": 6.45,
    "weightedAverageShsOut": 806600000,
    "weightedAverageShsOutDil": 818200000,
    "link": "https://www.sec.gov/Archives/edgar/data/797468/000079746806000031/0000797468-06-000031-index.htm",
    "finalLink": "https://www.sec.gov/Archives/edgar/data/797468/000079746806000031/form10k-2005.htm"
  },
  {
    "date": "2004-12-31",
    "symbol": "OXY",
    "reportedCurrency": "USD",
    "cik": "0000797468",
    "fillingDate": "2005-03-01",
    "acceptedDate": "2005-03-01 14:17:28",
    "calendarYear": "2004",
    "period": "FY",
    "revenue": 11368000000,
    "costOfRevenue": 5872000000,
    "grossProfit": 5496000000,
    "grossProfitRatio": 0.4834623505,
    "researchAndDevelopmentExpenses": 0,
    "generalAndAdministrativeExpenses": 0,
    "sellingAndMarketingExpenses": 0,
    "sellingGeneralAndAdministrativeExpenses": 1008000000,
    "otherExpenses": 59000000,
    "operatingExpenses": 1067000000,
    "costAndExpenses": 6939000000,
    "interestIncome": 0,
    "interestExpense": 0,
    "depreciationAndAmortization": 1303000000,
    "ebitda": 5941000000,
    "ebitdaratio": 0.5226073188,
    "operatingIncome": 4429000000,
    "operatingIncomeRatio": 0.3896023927,
    "totalOtherIncomeExpensesNet": -40000000,
    "incomeBeforeTax": 4389000000,
    "incomeBeforeTaxRatio": 0.3860837438,
    "incomeTaxExpense": 1708000000,
    "netIncome": 2568000000,
    "netIncomeRatio": 0.2258972555,
    "eps": 3.245,
    "epsdiluted": 3.2,
    "weightedAverageShsOut": 791200000,
    "weightedAverageShsOutDil": 802254428,
    "link": "https://www.sec.gov/Archives/edgar/data/797468/000079746805000041/0000797468-05-000041-index.htm",
    "finalLink": "https://www.sec.gov/Archives/edgar/data/797468/000079746805000041/form10k-20041231.txt"
  },
  {
    "date": "2003-12-31",
    "symbol": "OXY",
    "reportedCurrency": "USD",
    "cik": "0000797468",
    "fillingDate": "2004-03-01",
    "acceptedDate": "2004-03-01 15:41:49",
    "calendarYear": "2003",
    "period": "FY",
    "revenue": 9326000000,
    "costOfRevenue": 4127000000,
    "grossProfit": 5199000000,
    "grossProfitRatio": 0.5574737294,
    "researchAndDevelopmentExpenses": 0,
    "generalAndAdministrativeExpenses": 0,
    "sellingAndMarketingExpenses": 0,
    "sellingGeneralAndAdministrativeExpenses": 915000000,
    "otherExpenses": 1180000000,
    "operatingExpenses": 2095000000,
    "costAndExpenses": 6222000000,
    "interestIncome": 89000000,
    "interestExpense": 332000000,
    "depreciationAndAmortization": 1175000000,
    "ebitda": 4410000000,
    "ebitdaratio": 0.4728715419,
    "operatingIncome": 3104000000,
    "operatingIncomeRatio": 0.3328329402,
    "totalOtherIncomeExpensesNet": -211000000,
    "incomeBeforeTax": 2893000000,
    "incomeBeforeTaxRatio": 0.3102080206,
    "incomeTaxExpense": 1231000000,
    "netIncome": 1527000000,
    "netIncomeRatio": 0.1637357924,
    "eps": 2,
    "epsdiluted": 1.98,
    "weightedAverageShsOut": 763500000,
    "weightedAverageShsOutDil": 771212121,
    "link": "https://www.sec.gov/Archives/edgar/data/797468/000079746804000033/0000797468-04-000033-index.htm",
    "finalLink": "https://www.sec.gov/Archives/edgar/data/797468/000079746804000033/form10k-20031231.txt"
  },
  {
    "date": "2002-12-31",
    "symbol": "OXY",
    "reportedCurrency": "USD",
    "cik": "0000797468",
    "fillingDate": "2003-03-04",
    "acceptedDate": "2003-03-04 16:51:59",
    "calendarYear": "2002",
    "period": "FY",
    "revenue": 7338000000,
    "costOfRevenue": 3561000000,
    "grossProfit": 3777000000,
    "grossProfitRatio": 0.5147179068,
    "researchAndDevelopmentExpenses": 0,
    "generalAndAdministrativeExpenses": 0,
    "sellingAndMarketingExpenses": 0,
    "sellingGeneralAndAdministrativeExpenses": 700000000,
    "otherExpenses": 1012000000,
    "operatingExpenses": 1712000000,
    "costAndExpenses": 5273000000,
    "interestIncome": 0,
    "interestExpense": 0,
    "depreciationAndAmortization": 1019000000,
    "ebitda": 3084000000,
    "ebitdaratio": 0.4202780049,
    "operatingIncome": 2065000000,
    "operatingIncomeRatio": 0.2814118288,
    "totalOtherIncomeExpensesNet": -480000000,
    "incomeBeforeTax": 1585000000,
    "incomeBeforeTaxRatio": 0.2159989098,
    "incomeTaxExpense": 422000000,
    "netIncome": 989000000,
    "netIncomeRatio": 0.1347778686,
    "eps": 1.32,
    "epsdiluted": 1.31,
    "weightedAverageShsOut": 752091255,
    "weightedAverageShsOutDil": 757854406,
    "link": "https://www.sec.gov/Archives/edgar/data/797468/000079746803000111/0000797468-03-000111-index.htm",
    "finalLink": "https://www.sec.gov/Archives/edgar/data/797468/000079746803000111/form10k-20021231.txt"
  },
  {
    "date": "2001-12-31",
    "symbol": "OXY",
    "reportedCurrency": "USD",
    "cik": "0000797468",
    "fillingDate": "2002-03-13",
    "acceptedDate": "2002-03-13 00:00:00",
    "calendarYear": "2001",
    "period": "FY",
    "revenue": 13985000000,
    "costOfRevenue": 3810000000,
    "grossProfit": 10175000000,
    "grossProfitRatio": 0.7275652485,
    "researchAndDevelopmentExpenses": 0,
    "generalAndAdministrativeExpenses": 0,
    "sellingAndMarketingExpenses": 0,
    "sellingGeneralAndAdministrativeExpenses": 675000000,
    "otherExpenses": 3617000000,
    "operatingExpenses": 1646000000,
    "costAndExpenses": 11318000000,
    "interestIncome": 0,
    "interestExpense": 0,
    "depreciationAndAmortization": 970000000,
    "ebitda": 3520000000,
    "ebitdaratio": 0.2516982481,
    "operatingIncome": 2550000000,
    "operatingIncomeRatio": 0.1823382195,
    "totalOtherIncomeExpensesNet": -801000000,
    "incomeBeforeTax": 1749000000,
    "incomeBeforeTaxRatio": 0.125062567,
    "incomeTaxExpense": 566000000,
    "netIncome": 1154000000,
    "netIncomeRatio": 0.0825169825,
    "eps": 1.55,
    "epsdiluted": 1.55,
    "weightedAverageShsOut": 744516129,
    "weightedAverageShsOutDil": 746925566,
    "link": "https://www.sec.gov/Archives/edgar/data/797468/000079746802000010/0000797468-02-000010-index.htm",
    "finalLink": "https://www.sec.gov/Archives/edgar/data/797468/000079746802000010/form10k-20020313.txt"
  },
  {
    "date": "2000-12-31",
    "symbol": "OXY",
    "reportedCurrency": "USD",
    "cik": "0000797468",
    "fillingDate": "2001-03-09",
    "acceptedDate": "2001-03-09 00:00:00",
    "calendarYear": "2000",
    "period": "FY",
    "revenue": 13574000000,
    "costOfRevenue": 9057000000,
    "grossProfit": 4517000000,
    "grossProfitRatio": 0.3327685281,
    "researchAndDevelopmentExpenses": 0,
    "generalAndAdministrativeExpenses": 0,
    "sellingAndMarketingExpenses": 0,
    "sellingGeneralAndAdministrativeExpenses": 691000000,
    "otherExpenses": 1088000000,
    "operatingExpenses": 1592000000,
    "costAndExpenses": 10829000000,
    "interestIncome": 263000000,
    "interestExpense": 518000000,
    "depreciationAndAmortization": 908000000,
    "ebitda": 3487000000,
    "ebitdaratio": 0.2568881686,
    "operatingIncome": 2745000000,
    "operatingIncomeRatio": 0.2022248416,
    "totalOtherIncomeExpensesNet": 266000000,
    "incomeBeforeTax": 3011000000,
    "incomeBeforeTaxRatio": 0.2218211286,
    "incomeTaxExpense": 1442000000,
    "netIncome": 1570000000,
    "netIncomeRatio": 0.1156622956,
    "eps": 2.13,
    "epsdiluted": 2.13,
    "weightedAverageShsOut": 737089202,
    "weightedAverageShsOutDil": 737089202,
    "link": "https://www.sec.gov/Archives/edgar/data/797468/000079746801500004/0000797468-01-500004-index.htm",
    "finalLink": "https://www.sec.gov/Archives/edgar/data/797468/000079746801500004/form-10k2000.txt"
  },
  {
    "date": "1999-12-31",
    "symbol": "OXY",
    "reportedCurrency": "USD",
    "cik": "0000797468",
    "fillingDate": "2000-03-15",
    "acceptedDate": "2000-03-15 00:00:00",
    "calendarYear": "1999",
    "period": "FY",
    "revenue": 7820000000,
    "costOfRevenue": 5122000000,
    "grossProfit": 2698000000,
    "grossProfitRatio": 0.3450127877,
    "researchAndDevelopmentExpenses": 0,
    "generalAndAdministrativeExpenses": 0,
    "sellingAndMarketingExpenses": 0,
    "sellingGeneralAndAdministrativeExpenses": 645000000,
    "otherExpenses": 817000000,
    "operatingExpenses": 1462000000,
    "costAndExpenses": 6584000000,
    "interestIncome": 0,
    "interestExpense": 0,
    "depreciationAndAmortization": 817000000,
    "ebitda": 1843000000,
    "ebitdaratio": 0.2356777494,
    "operatingIncome": 1026000000,
    "operatingIncomeRatio": 0.131202046,
    "totalOtherIncomeExpensesNet": 173000000,
    "incomeBeforeTax": 1199000000,
    "incomeBeforeTaxRatio": 0.1533248082,
    "incomeTaxExpense": 631000000,
    "netIncome": 448000000,
    "netIncomeRatio": 0.0572890026,
    "eps": 0.62,
    "epsdiluted": 0.62,
    "weightedAverageShsOut": 711290323,
    "weightedAverageShsOutDil": 711290323,
    "link": "https://www.sec.gov/Archives/edgar/data/797468/000095014800000407/0000950148-00-000407-index.htm",
    "finalLink": "https://www.sec.gov/Archives/edgar/data/797468/000095014800000407/0000950148-00-000407-d10.pdf"
  },
  {
    "date": "1998-12-31",
    "symbol": "OXY",
    "reportedCurrency": "USD",
    "cik": "0000797468",
    "fillingDate": "1999-03-12",
    "acceptedDate": "1999-03-12 00:00:00",
    "calendarYear": "1998",
    "period": "FY",
    "revenue": 6805000000,
    "costOfRevenue": 4568000000,
    "grossProfit": 2237000000,
    "grossProfitRatio": 0.3287288758,
    "researchAndDevelopmentExpenses": 0,
    "generalAndAdministrativeExpenses": 0,
    "sellingAndMarketingExpenses": 0,
    "sellingGeneralAndAdministrativeExpenses": 678000000,
    "otherExpenses": 888000000,
    "operatingExpenses": 1566000000,
    "costAndExpenses": 6134000000,
    "interestIncome": 0,
    "interestExpense": 0,
    "depreciationAndAmortization": 857000000,
    "ebitda": 1350000000,
    "ebitdaratio": 0.1983835415,
    "operatingIncome": 493000000,
    "operatingIncomeRatio": 0.0724467303,
    "totalOtherIncomeExpensesNet": 195000000,
    "incomeBeforeTax": 688000000,
    "incomeBeforeTaxRatio": 0.1011021308,
    "incomeTaxExpense": 363000000,
    "netIncome": 363000000,
    "netIncomeRatio": 0.0533431301,
    "eps": 0.5,
    "epsdiluted": 0.5,
    "weightedAverageShsOut": 698989899,
    "weightedAverageShsOutDil": 698989899,
    "link": "https://www.sec.gov/Archives/edgar/data/797468/000094420999000281/0000944209-99-000281-index.html",
    "finalLink": "https://www.sec.gov/Archives/edgar/data/797468/0000944209-99-000281.txt"
  },
  {
    "date": "1997-12-31",
    "symbol": "OXY",
    "reportedCurrency": "USD",
    "cik": "0000797468",
    "fillingDate": "1998-03-26",
    "acceptedDate": "1998-03-26 00:00:00",
    "calendarYear": "1997",
    "period": "FY",
    "revenue": 8016000000,
    "costOfRevenue": 5168000000,
    "grossProfit": 2848000000,
    "grossProfitRatio": 0.3552894212,
    "researchAndDevelopmentExpenses": 0,
    "generalAndAdministrativeExpenses": 0,
    "sellingAndMarketingExpenses": 0,
    "sellingGeneralAndAdministrativeExpenses": 797000000,
    "otherExpenses": 2051000000,
    "operatingExpenses": 1971000000,
    "costAndExpenses": 7139000000,
    "interestIncome": 0,
    "interestExpense": 0,
    "depreciationAndAmortization": 833000000,
    "ebitda": 2051000000,
    "ebitdaratio": 0.2558632735,
    "operatingIncome": 1218000000,
    "operatingIncomeRatio": 0.1519461078,
    "totalOtherIncomeExpensesNet": -690000000,
    "incomeBeforeTax": 528000000,
    "incomeBeforeTaxRatio": 0.0658682635,
    "incomeTaxExpense": 311000000,
    "netIncome": -390000000,
    "netIncomeRatio": -0.0486526946,
    "eps": -0.71,
    "epsdiluted": -0.71,
    "weightedAverageShsOut": 668531469,
    "weightedAverageShsOutDil": 668531469,
    "link": "https://www.sec.gov/Archives/edgar/data/797468/000095014898000611/0000950148-98-000611-index.html",
    "finalLink": "https://www.sec.gov/Archives/edgar/data/797468/0000950148-98-000611.txt"
  },
  {
    "date": "1996-12-31",
    "symbol": "OXY",
    "reportedCurrency": "USD",
    "cik": "0000797468",
    "fillingDate": "1997-03-20",
    "acceptedDate": "1997-03-20 00:00:00",
    "calendarYear": "1996",
    "period": "FY",
    "revenue": 10557000000,
    "costOfRevenue": 5173000000,
    "grossProfit": 5384000000,
    "grossProfitRatio": 0.5099933693,
    "researchAndDevelopmentExpenses": 0,
    "generalAndAdministrativeExpenses": 0,
    "sellingAndMarketingExpenses": 0,
    "sellingGeneralAndAdministrativeExpenses": 1033000000,
    "otherExpenses": 1781000000,
    "operatingExpenses": 2232000000,
    "costAndExpenses": 7987000000,
    "interestIncome": 0,
    "interestExpense": 0,
    "depreciationAndAmortization": 768000000,
    "ebitda": 1781000000,
    "ebitdaratio": 0.1687032301,
    "operatingIncome": 1013000000,
    "operatingIncomeRatio": 0.0959552903,
    "totalOtherIncomeExpensesNet": -157000000,
    "incomeBeforeTax": 856000000,
    "incomeBeforeTaxRatio": 0.0810836412,
    "incomeTaxExpense": 342000000,
    "netIncome": 668000000,
    "netIncomeRatio": 0.0632755518,
    "eps": 0.89,
    "epsdiluted": 0.87,
    "weightedAverageShsOut": 649717514,
    "weightedAverageShsOutDil": 664739884,
    "link": "https://www.sec.gov/Archives/edgar/data/797468/000094420997000324/0000944209-97-000324-index.html",
    "finalLink": "https://www.sec.gov/Archives/edgar/data/797468/0000944209-97-000324.txt"
  },
  {
    "date": "1995-12-31",
    "symbol": "OXY",
    "reportedCurrency": "USD",
    "cik": "0000797468",
    "fillingDate": "1996-03-29",
    "acceptedDate": "1996-03-29 00:00:00",
    "calendarYear": "1995",
    "period": "FY",
    "revenue": 10423000000,
    "costOfRevenue": 5566000000,
    "grossProfit": 4857000000,
    "grossProfitRatio": 0.4659886789,
    "researchAndDevelopmentExpenses": 0,
    "generalAndAdministrativeExpenses": 0,
    "sellingAndMarketingExpenses": 0,
    "sellingGeneralAndAdministrativeExpenses": 1017000000,
    "otherExpenses": 1806000000,
    "operatingExpenses": 2147000000,
    "costAndExpenses": 8389000000,
    "interestIncome": 0,
    "interestExpense": 0,
    "depreciationAndAmortization": 800000000,
    "ebitda": 1806000000,
    "ebitdaratio": 0.1732706514,
    "operatingIncome": 1006000000,
    "operatingIncomeRatio": 0.0965173175,
    "totalOtherIncomeExpensesNet": -335000000,
    "incomeBeforeTax": 671000000,
    "incomeBeforeTaxRatio": 0.0643768589,
    "incomeTaxExpense": 313000000,
    "netIncome": 511000000,
    "netIncomeRatio": 0.0490261921,
    "eps": 0.66,
    "epsdiluted": 0.65,
    "weightedAverageShsOut": 638167939,
    "weightedAverageShsOutDil": 638167939,
    "link": "https://www.sec.gov/Archives/edgar/data/797468/000091205796005571/0000912057-96-005571-index.html",
    "finalLink": "https://www.sec.gov/Archives/edgar/data/797468/0000912057-96-005571.txt"
  },
  {
    "date": "1994-12-31",
    "symbol": "OXY",
    "reportedCurrency": "USD",
    "cik": "0000797468",
    "fillingDate": "1995-03-17",
    "acceptedDate": "1995-03-17 00:00:00",
    "calendarYear": "1994",
    "period": "FY",
    "revenue": 9236000000,
    "costOfRevenue": 6838000000,
    "grossProfit": 2398000000,
    "grossProfitRatio": 0.2596362061,
    "researchAndDevelopmentExpenses": 0,
    "generalAndAdministrativeExpenses": 0,
    "sellingAndMarketingExpenses": 0,
    "sellingGeneralAndAdministrativeExpenses": 988000000,
    "otherExpenses": 897000000,
    "operatingExpenses": 1885000000,
    "costAndExpenses": 8723000000,
    "interestIncome": 0,
    "interestExpense": 0,
    "depreciationAndAmortization": 897000000,
    "ebitda": 1410000000,
    "ebitdaratio": 0.1526634907,
    "operatingIncome": 513000000,
    "operatingIncomeRatio": 0.0555435253,
    "totalOtherIncomeExpensesNet": -406000000,
    "incomeBeforeTax": 107000000,
    "incomeBeforeTaxRatio": 0.0115851018,
    "incomeTaxExpense": 143000000,
    "netIncome": -36000000,
    "netIncomeRatio": -0.0038977913,
    "eps": -0.18,
    "epsdiluted": -0.18,
    "weightedAverageShsOut": 622222222,
    "weightedAverageShsOutDil": 622222222,
    "link": "https://www.sec.gov/Archives/edgar/data/797468/000095014895000114/0000950148-95-000114-index.html",
    "finalLink": "https://www.sec.gov/Archives/edgar/data/797468/0000950148-95-000114.txt"
  },
  {
    "date": "1993-12-31",
    "symbol": "OXY",
    "reportedCurrency": "USD",
    "cik": "0000797468",
    "fillingDate": "1993-12-31",
    "acceptedDate": "1993-12-31 00:00:00",
    "calendarYear": "1993",
    "period": "FY",
    "revenue": 8116000000,
    "costOfRevenue": 6058000000,
    "grossProfit": 2058000000,
    "grossProfitRatio": 0.2535731888,
    "researchAndDevelopmentExpenses": 0,
    "generalAndAdministrativeExpenses": 0,
    "sellingAndMarketingExpenses": 0,
    "sellingGeneralAndAdministrativeExpenses": 781000000,
    "otherExpenses": 907000000,
    "operatingExpenses": 1688000000,
    "costAndExpenses": 7746000000,
    "interestIncome": 0,
    "interestExpense": 209000000,
    "depreciationAndAmortization": 907000000,
    "ebitda": 1277000000,
    "ebitdaratio": 0.157343519,
    "operatingIncome": 370000000,
    "operatingIncomeRatio": 0.0455889601,
    "totalOtherIncomeExpensesNet": -153000000,
    "incomeBeforeTax": 217000000,
    "incomeBeforeTaxRatio": 0.026737309,
    "incomeTaxExpense": 143000000,
    "netIncome": 283000000,
    "netIncomeRatio": 0.0348693938,
    "eps": 0.38,
    "epsdiluted": 0.38,
    "weightedAverageShsOut": 644736842,
    "weightedAverageShsOutDil": 644736842,
    "link": null,
    "finalLink": null
  },
  {
    "date": "1992-12-31",
    "symbol": "OXY",
    "reportedCurrency": "USD",
    "cik": "0000797468",
    "fillingDate": "1992-12-31",
    "acceptedDate": "1992-12-31 00:00:00",
    "calendarYear": "1992",
    "period": "FY",
    "revenue": 8494000000,
    "costOfRevenue": 6334000000,
    "grossProfit": 2160000000,
    "grossProfitRatio": 0.2542971509,
    "researchAndDevelopmentExpenses": 0,
    "generalAndAdministrativeExpenses": 0,
    "sellingAndMarketingExpenses": 0,
    "sellingGeneralAndAdministrativeExpenses": 991000000,
    "otherExpenses": 887000000,
    "operatingExpenses": 1878000000,
    "costAndExpenses": 8212000000,
    "interestIncome": 0,
    "interestExpense": 0,
    "depreciationAndAmortization": 887000000,
    "ebitda": 1169000000,
    "ebitdaratio": 0.1376265599,
    "operatingIncome": 282000000,
    "operatingIncomeRatio": 0.0331999058,
    "totalOtherIncomeExpensesNet": 39000000,
    "incomeBeforeTax": 321000000,
    "incomeBeforeTaxRatio": 0.0377913822,
    "incomeTaxExpense": 195000000,
    "netIncome": -591000000,
    "netIncomeRatio": -0.069578526,
    "eps": -0.98,
    "epsdiluted": -0.98,
    "weightedAverageShsOut": 603045685,
    "weightedAverageShsOutDil": 603045685,
    "link": null,
    "finalLink": null
  },
  {
    "date": "1991-12-31",
    "symbol": "OXY",
    "reportedCurrency": "USD",
    "cik": "0000797468",
    "fillingDate": "1991-12-31",
    "acceptedDate": "1991-12-31 00:00:00",
    "calendarYear": "1991",
    "period": "FY",
    "revenue": 10096000000,
    "costOfRevenue": 7474000000,
    "grossProfit": 2622000000,
    "grossProfitRatio": 0.2597068146,
    "researchAndDevelopmentExpenses": 0,
    "generalAndAdministrativeExpenses": 0,
    "sellingAndMarketingExpenses": 0,
    "sellingGeneralAndAdministrativeExpenses": 954000000,
    "otherExpenses": 955000000,
    "operatingExpenses": 1909000000,
    "costAndExpenses": 9383000000,
    "interestIncome": 0,
    "interestExpense": 0,
    "depreciationAndAmortization": 955000000,
    "ebitda": 1668000000,
    "ebitdaratio": 0.1652139461,
    "operatingIncome": 713000000,
    "operatingIncomeRatio": 0.0706220285,
    "totalOtherIncomeExpensesNet": 267000000,
    "incomeBeforeTax": 980000000,
    "incomeBeforeTaxRatio": 0.0970681458,
    "incomeTaxExpense": 601000000,
    "netIncome": 460000000,
    "netIncomeRatio": 0.045562599,
    "eps": 0.38,
    "epsdiluted": 0.38,
    "weightedAverageShsOut": 593617021,
    "weightedAverageShsOutDil": 593617021,
    "link": null,
    "finalLink": null
  },
  {
    "date": "1990-12-31",
    "symbol": "OXY",
    "reportedCurrency": "USD",
    "cik": "0000797468",
    "fillingDate": "1990-12-31",
    "acceptedDate": "1990-12-31 00:00:00",
    "calendarYear": "1990",
    "period": "FY",
    "revenue": 21694000000,
    "costOfRevenue": 18224000000,
    "grossProfit": 3470000000,
    "grossProfitRatio": 0.1599520605,
    "researchAndDevelopmentExpenses": 0,
    "generalAndAdministrativeExpenses": 0,
    "sellingAndMarketingExpenses": 0,
    "sellingGeneralAndAdministrativeExpenses": 1195000000,
    "otherExpenses": 1106000000,
    "operatingExpenses": 2301000000,
    "costAndExpenses": 20525000000,
    "interestIncome": 0,
    "interestExpense": 0,
    "depreciationAndAmortization": 1106000000,
    "ebitda": 2275000000,
    "ebitdaratio": 0.1048677054,
    "operatingIncome": 1169000000,
    "operatingIncomeRatio": 0.0538858671,
    "totalOtherIncomeExpensesNet": -2792000000,
    "incomeBeforeTax": -1623000000,
    "incomeBeforeTaxRatio": -0.0748133124,
    "incomeTaxExpense": 65000000,
    "netIncome": -1688000000,
    "netIncomeRatio": -0.0778095326,
    "eps": -2.9,
    "epsdiluted": -2.9,
    "weightedAverageShsOut": 584482759,
    "weightedAverageShsOutDil": 584482759,
    "link": null,
    "finalLink": null
  },
  {
    "date": "1989-12-31",
    "symbol": "OXY",
    "reportedCurrency": "USD",
    "cik": "0000797468",
    "fillingDate": "1989-12-31",
    "acceptedDate": "1989-12-31 00:00:00",
    "calendarYear": "1989",
    "period": "FY",
    "revenue": 20068000000,
    "costOfRevenue": 16413000000,
    "grossProfit": 3655000000,
    "grossProfitRatio": 0.1821307554,
    "researchAndDevelopmentExpenses": 0,
    "generalAndAdministrativeExpenses": 0,
    "sellingAndMarketingExpenses": 0,
    "sellingGeneralAndAdministrativeExpenses": 1358000000,
    "otherExpenses": 1126000000,
    "operatingExpenses": 2484000000,
    "costAndExpenses": 18897000000,
    "interestIncome": 0,
    "interestExpense": 0,
    "depreciationAndAmortization": 1126000000,
    "ebitda": 2297000000,
    "ebitdaratio": 0.1144608332,
    "operatingIncome": 1171000000,
    "operatingIncomeRatio": 0.0583516045,
    "totalOtherIncomeExpensesNet": -696000000,
    "incomeBeforeTax": 475000000,
    "incomeBeforeTaxRatio": 0.0236695236,
    "incomeTaxExpense": 219000000,
    "netIncome": 256000000,
    "netIncomeRatio": 0.0127566275,
    "eps": 0.46,
    "epsdiluted": 0.46,
    "weightedAverageShsOut": 541304348,
    "weightedAverageShsOutDil": 541304348,
    "link": null,
    "finalLink": null
  },
  {
    "date": "1988-12-31",
    "symbol": "OXY",
    "reportedCurrency": "USD",
    "cik": "0000797468",
    "fillingDate": "1988-12-31",
    "acceptedDate": "1988-12-30 19:00:00",
    "calendarYear": "1988",
    "period": "FY",
    "revenue": 19417000000,
    "costOfRevenue": 15782000000,
    "grossProfit": 3635000000,
    "grossProfitRatio": 0.1872070866,
    "researchAndDevelopmentExpenses": 0,
    "generalAndAdministrativeExpenses": 0,
    "sellingAndMarketingExpenses": 0,
    "sellingGeneralAndAdministrativeExpenses": 1604000000,
    "otherExpenses": 990000000,
    "operatingExpenses": 2594000000,
    "costAndExpenses": 18376000000,
    "interestIncome": 0,
    "interestExpense": 0,
    "depreciationAndAmortization": 990000000,
    "ebitda": 2031000000,
    "ebitdaratio": 0.1045990627,
    "operatingIncome": 1041000000,
    "operatingIncomeRatio": 0.0536128135,
    "totalOtherIncomeExpensesNet": -467000000,
    "incomeBeforeTax": 574000000,
    "incomeBeforeTaxRatio": 0.0295617243,
    "incomeTaxExpense": 261000000,
    "netIncome": 313000000,
    "netIncomeRatio": 0.0161198949,
    "eps": 0.63,
    "epsdiluted": 0.63,
    "weightedAverageShsOut": 496825397,
    "weightedAverageShsOutDil": 496825397,
    "link": "",
    "finalLink": ""
  },
  {
    "date": "1987-12-31",
    "symbol": "OXY",
    "reportedCurrency": "USD",
    "cik": "0000797468",
    "fillingDate": "1987-12-31",
    "acceptedDate": "1987-12-30 19:00:00",
    "calendarYear": "1987",
    "period": "FY",
    "revenue": 17096000000,
    "costOfRevenue": 13792000000,
    "grossProfit": 3304000000,
    "grossProfitRatio": 0.1932615817,
    "researchAndDevelopmentExpenses": 0,
    "generalAndAdministrativeExpenses": 0,
    "sellingAndMarketingExpenses": 0,
    "sellingGeneralAndAdministrativeExpenses": 1246000000,
    "otherExpenses": 1029000000,
    "operatingExpenses": 2275000000,
    "costAndExpenses": 16067000000,
    "interestIncome": 0,
    "interestExpense": 0,
    "depreciationAndAmortization": 995000000,
    "ebitda": 2024000000,
    "ebitdaratio": 0.1183902667,
    "operatingIncome": 1029000000,
    "operatingIncomeRatio": 0.060189518,
    "totalOtherIncomeExpensesNet": -282000000,
    "incomeBeforeTax": 747000000,
    "incomeBeforeTaxRatio": 0.0436944314,
    "incomeTaxExpense": 563000000,
    "netIncome": 184000000,
    "netIncomeRatio": 0.0107627515,
    "eps": 0.39,
    "epsdiluted": 0.39,
    "weightedAverageShsOut": 402564103,
    "weightedAverageShsOutDil": 402564103,
    "link": "",
    "finalLink": ""
  },
  {
    "date": "1986-12-31",
    "symbol": "OXY",
    "reportedCurrency": "USD",
    "cik": "0000797468",
    "fillingDate": "1986-12-31",
    "acceptedDate": "1986-12-30 19:00:00",
    "calendarYear": "1986",
    "period": "FY",
    "revenue": 15344100000,
    "costOfRevenue": 12815700000,
    "grossProfit": 2528400000,
    "grossProfitRatio": 0.164779948,
    "researchAndDevelopmentExpenses": 0,
    "generalAndAdministrativeExpenses": 0,
    "sellingAndMarketingExpenses": 0,
    "sellingGeneralAndAdministrativeExpenses": 759100000,
    "otherExpenses": 955400000,
    "operatingExpenses": 1714500000,
    "costAndExpenses": 14530200000,
    "interestIncome": 0,
    "interestExpense": 0,
    "depreciationAndAmortization": 906000000,
    "ebitda": 1719900000,
    "ebitdaratio": 0.1120886856,
    "operatingIncome": 813900000,
    "operatingIncomeRatio": 0.0530431892,
    "totalOtherIncomeExpensesNet": -285600000,
    "incomeBeforeTax": 528300000,
    "incomeBeforeTaxRatio": 0.0344301719,
    "incomeTaxExpense": 356200000,
    "netIncome": 172100000,
    "netIncomeRatio": 0.0112160374,
    "eps": 0.33,
    "epsdiluted": 0.33,
    "weightedAverageShsOut": 297575758,
    "weightedAverageShsOutDil": 297575758,
    "link": "",
    "finalLink": ""
  },
  {
    "date": "1985-12-31",
    "symbol": "OXY",
    "reportedCurrency": "USD",
    "cik": "0000797468",
    "fillingDate": "1985-12-31",
    "acceptedDate": "1985-12-30 19:00:00",
    "calendarYear": "1985",
    "period": "FY",
    "revenue": 14534400000,
    "costOfRevenue": 11673700000,
    "grossProfit": 2860700000,
    "grossProfitRatio": 0.1968227103,
    "researchAndDevelopmentExpenses": 0,
    "generalAndAdministrativeExpenses": 0,
    "sellingAndMarketingExpenses": 0,
    "sellingGeneralAndAdministrativeExpenses": 786300000,
    "otherExpenses": 1036300000,
    "operatingExpenses": 1822600000,
    "costAndExpenses": 13496300000,
    "interestIncome": 0,
    "interestExpense": 0,
    "depreciationAndAmortization": 880200000,
    "ebitda": 1918300000,
    "ebitdaratio": 0.1319834324,
    "operatingIncome": 1038100000,
    "operatingIncomeRatio": 0.071423657,
    "totalOtherIncomeExpensesNet": 538500000,
    "incomeBeforeTax": 1576600000,
    "incomeBeforeTaxRatio": 0.10847369,
    "incomeTaxExpense": 1121600000,
    "netIncome": 455000000,
    "netIncomeRatio": 0.0313050418,
    "eps": 1.1,
    "epsdiluted": 1.1,
    "weightedAverageShsOut": 212090909,
    "weightedAverageShsOutDil": 212090909,
    "link": "",
    "finalLink": ""
  }
]