[
  {
    "date": "2025-07-31",
    "symbol": "PANW",
    "reportedCurrency": "USD",
    "cik": "0001327567",
    "fillingDate": "2025-08-29",
    "acceptedDate": "2025-08-29 16:05:40",
    "calendarYear": "2025",
    "period": "Q4",
    "revenue": 2536300000,
    "costOfRevenue": 679000000,
    "grossProfit": 1857300000,
    "grossProfitRatio": 0.73228719,
    "researchAndDevelopmentExpenses": 503500000,
    "generalAndAdministrativeExpenses": 27300000,
    "sellingAndMarketingExpenses": 829300000,
    "sellingGeneralAndAdministrativeExpenses": 856600000,
    "otherExpenses": 0,
    "operatingExpenses": 1360100000,
    "costAndExpenses": 2039100000,
    "interestIncome": 98100000,
    "interestExpense": 200000,
    "depreciationAndAmortization": 83800000,
    "ebitda": 675700000,
    "ebitdaratio": 0.2664117021,
    "operatingIncome": 497200000,
    "operatingIncomeRatio": 0.1960335922,
    "totalOtherIncomeExpensesNet": 94600000,
    "incomeBeforeTax": 591800000,
    "incomeBeforeTaxRatio": 0.2333320191,
    "incomeTaxExpense": 338000000,
    "netIncome": 253800000,
    "netIncomeRatio": 0.1000670268,
    "eps": 0.38,
    "epsdiluted": 0.36,
    "weightedAverageShsOut": 669400000,
    "weightedAverageShsOutDil": 709000000,
    "link": "https://www.sec.gov/Archives/edgar/data/1327567/000132756725000027/0001327567-25-000027-index.htm",
    "finalLink": "https://www.sec.gov/Archives/edgar/data/1327567/000132756725000027/panw-20250731.htm"
  },
  {
    "date": "2025-04-30",
    "symbol": "PANW",
    "reportedCurrency": "USD",
    "cik": "0001327567",
    "fillingDate": "2025-05-21",
    "acceptedDate": "2025-05-20 19:01:33",
    "calendarYear": "2025",
    "period": "Q3",
    "revenue": 2289000000,
    "costOfRevenue": 619300000,
    "grossProfit": 1669700000,
    "grossProfitRatio": 0.7294451726,
    "researchAndDevelopmentExpenses": 494500000,
    "generalAndAdministrativeExpenses": 163900000,
    "sellingAndMarketingExpenses": 792500000,
    "sellingGeneralAndAdministrativeExpenses": 956400000,
    "otherExpenses": 0,
    "operatingExpenses": 1450900000,
    "costAndExpenses": 2070200000,
    "interestIncome": 92800000,
    "interestExpense": 700000,
    "depreciationAndAmortization": 88100000,
    "ebitda": 399100000,
    "ebitdaratio": 0.1743556138,
    "operatingIncome": 218800000,
    "operatingIncomeRatio": 0.0955875928,
    "totalOtherIncomeExpensesNet": 91700000,
    "incomeBeforeTax": 310500000,
    "incomeBeforeTaxRatio": 0.1356487549,
    "incomeTaxExpense": 48400000,
    "netIncome": 262100000,
    "netIncomeRatio": 0.1145041503,
    "eps": 0.39,
    "epsdiluted": 0.37,
    "weightedAverageShsOut": 665100000,
    "weightedAverageShsOutDil": 707400000,
    "link": "https://www.sec.gov/Archives/edgar/data/1327567/000132756725000017/0001327567-25-000017-index.htm",
    "finalLink": "https://www.sec.gov/Archives/edgar/data/1327567/000132756725000017/panw-20250430.htm"
  },
  {
    "date": "2025-01-31",
    "symbol": "PANW",
    "reportedCurrency": "USD",
    "cik": "0001327567",
    "fillingDate": "2025-02-14",
    "acceptedDate": "2025-02-14 16:07:43",
    "calendarYear": "2025",
    "period": "Q2",
    "revenue": 2257400000,
    "costOfRevenue": 599200000,
    "grossProfit": 1658200000,
    "grossProfitRatio": 0.7345618854,
    "researchAndDevelopmentExpenses": 505700000,
    "generalAndAdministrativeExpenses": 153800000,
    "sellingAndMarketingExpenses": 758300000,
    "sellingGeneralAndAdministrativeExpenses": 912100000,
    "otherExpenses": 0,
    "operatingExpenses": 1417800000,
    "costAndExpenses": 2017000000,
    "interestIncome": 86900000,
    "interestExpense": 900000,
    "depreciationAndAmortization": 87600000,
    "ebitda": 413000000,
    "ebitdaratio": 0.1829538407,
    "operatingIncome": 240400000,
    "operatingIncomeRatio": 0.1064941969,
    "totalOtherIncomeExpensesNet": 84400000,
    "incomeBeforeTax": 324800000,
    "incomeBeforeTaxRatio": 0.1438823425,
    "incomeTaxExpense": 57500000,
    "netIncome": 267300000,
    "netIncomeRatio": 0.1184105608,
    "eps": 0.41,
    "epsdiluted": 0.38,
    "weightedAverageShsOut": 659300000,
    "weightedAverageShsOutDil": 709000000,
    "link": "https://www.sec.gov/Archives/edgar/data/1327567/000132756725000010/0001327567-25-000010-index.htm",
    "finalLink": "https://www.sec.gov/Archives/edgar/data/1327567/000132756725000010/panw-20250131.htm"
  },
  {
    "date": "2024-10-31",
    "symbol": "PANW",
    "reportedCurrency": "USD",
    "cik": "0001327567",
    "fillingDate": "2024-11-21",
    "acceptedDate": "2024-11-20 18:41:24",
    "calendarYear": "2025",
    "period": "Q1",
    "revenue": 2138800000,
    "costOfRevenue": 554100000,
    "grossProfit": 1584700000,
    "grossProfitRatio": 0.7409294932,
    "researchAndDevelopmentExpenses": 480400000,
    "generalAndAdministrativeExpenses": 97700000,
    "sellingAndMarketingExpenses": 720100000,
    "sellingGeneralAndAdministrativeExpenses": 817800000,
    "otherExpenses": 0,
    "operatingExpenses": 1298200000,
    "costAndExpenses": 1852300000,
    "interestIncome": 85700000,
    "interestExpense": 1200000,
    "depreciationAndAmortization": 83900000,
    "ebitda": 453200000,
    "ebitdaratio": 0.2118945203,
    "operatingIncome": 286500000,
    "operatingIncomeRatio": 0.1339536189,
    "totalOtherIncomeExpensesNet": 82100000,
    "incomeBeforeTax": 368600000,
    "incomeBeforeTaxRatio": 0.1723396297,
    "incomeTaxExpense": 17900000,
    "netIncome": 350700000,
    "netIncomeRatio": 0.1639704507,
    "eps": 0.54,
    "epsdiluted": 0.49,
    "weightedAverageShsOut": 653600000,
    "weightedAverageShsOutDil": 709000000,
    "link": "https://www.sec.gov/Archives/edgar/data/1327567/000132756724000040/0001327567-24-000040-index.htm",
    "finalLink": "https://www.sec.gov/Archives/edgar/data/1327567/000132756724000040/panw-20241031.htm"
  },
  {
    "date": "2024-07-31",
    "symbol": "PANW",
    "reportedCurrency": "USD",
    "cik": "0001327567",
    "fillingDate": "2024-09-06",
    "acceptedDate": "2024-09-06 16:14:01",
    "calendarYear": "2024",
    "period": "Q4",
    "revenue": 2189500000,
    "costOfRevenue": 573700000,
    "grossProfit": 1615800000,
    "grossProfitRatio": 0.737976707,
    "researchAndDevelopmentExpenses": 494800000,
    "generalAndAdministrativeExpenses": 140300000,
    "sellingAndMarketingExpenses": 742300000,
    "sellingGeneralAndAdministrativeExpenses": 882600000,
    "otherExpenses": 0,
    "operatingExpenses": 1377400000,
    "costAndExpenses": 1951100000,
    "interestIncome": 83100000,
    "interestExpense": 300000,
    "depreciationAndAmortization": 76100000,
    "ebitda": 391900000,
    "ebitdaratio": 0.1789906371,
    "operatingIncome": 238400000,
    "operatingIncomeRatio": 0.1088833067,
    "totalOtherIncomeExpensesNet": 80600000,
    "incomeBeforeTax": 319000000,
    "incomeBeforeTaxRatio": 0.1456953642,
    "incomeTaxExpense": -38700000,
    "netIncome": 357700000,
    "netIncomeRatio": 0.1633706326,
    "eps": 0.51,
    "epsdiluted": 0.51,
    "weightedAverageShsOut": 707800000,
    "weightedAverageShsOutDil": 707800000,
    "link": "https://www.sec.gov/Archives/edgar/data/1327567/000132756724000029/0001327567-24-000029-index.htm",
    "finalLink": "https://www.sec.gov/Archives/edgar/data/1327567/000132756724000029/panw-20240731.htm"
  },
  {
    "date": "2024-04-30",
    "symbol": "PANW",
    "reportedCurrency": "USD",
    "cik": "0001327567",
    "fillingDate": "2024-05-21",
    "acceptedDate": "2024-05-20 19:53:04",
    "calendarYear": "2024",
    "period": "Q3",
    "revenue": 1984800000,
    "costOfRevenue": 513600000,
    "grossProfit": 1471200000,
    "grossProfitRatio": 0.7412333736,
    "researchAndDevelopmentExpenses": 457200000,
    "generalAndAdministrativeExpenses": 118600000,
    "sellingAndMarketingExpenses": 718700000,
    "sellingGeneralAndAdministrativeExpenses": 837300000,
    "otherExpenses": 0,
    "operatingExpenses": 1294500000,
    "costAndExpenses": 1808100000,
    "interestIncome": 76000000,
    "interestExpense": 0,
    "depreciationAndAmortization": 74300000,
    "ebitda": 327000000,
    "ebitdaratio": 0.1647521161,
    "operatingIncome": 176700000,
    "operatingIncomeRatio": 0.0890266022,
    "totalOtherIncomeExpensesNet": 74500000,
    "incomeBeforeTax": 251200000,
    "incomeBeforeTaxRatio": 0.1265618702,
    "incomeTaxExpense": -27600000,
    "netIncome": 278800000,
    "netIncomeRatio": 0.1404675534,
    "eps": 0.43,
    "epsdiluted": 0.39,
    "weightedAverageShsOut": 645800000,
    "weightedAverageShsOutDil": 709200000,
    "link": "https://www.sec.gov/Archives/edgar/data/1327567/000132756724000017/0001327567-24-000017-index.htm",
    "finalLink": "https://www.sec.gov/Archives/edgar/data/1327567/000132756724000017/panw-20240430.htm"
  },
  {
    "date": "2024-01-31",
    "symbol": "PANW",
    "reportedCurrency": "USD",
    "cik": "0001327567",
    "fillingDate": "2024-02-21",
    "acceptedDate": "2024-02-20 19:35:29",
    "calendarYear": "2024",
    "period": "Q2",
    "revenue": 1975100000,
    "costOfRevenue": 499100000,
    "grossProfit": 1476000000,
    "grossProfitRatio": 0.747303934,
    "researchAndDevelopmentExpenses": 447900000,
    "generalAndAdministrativeExpenses": 301500000,
    "sellingAndMarketingExpenses": 673000000,
    "sellingGeneralAndAdministrativeExpenses": 974500000,
    "otherExpenses": 0,
    "operatingExpenses": 1422400000,
    "costAndExpenses": 1921500000,
    "interestIncome": 82500000,
    "interestExpense": 0,
    "depreciationAndAmortization": 68600000,
    "ebitda": 205800000,
    "ebitdaratio": 0.1041972558,
    "operatingIncome": 53600000,
    "operatingIncomeRatio": 0.0271378664,
    "totalOtherIncomeExpensesNet": 81900000,
    "incomeBeforeTax": 135500000,
    "incomeBeforeTaxRatio": 0.0686041213,
    "incomeTaxExpense": -1611400000,
    "netIncome": 1746900000,
    "netIncomeRatio": 0.8844615463,
    "eps": 2.74,
    "epsdiluted": 2.44,
    "weightedAverageShsOut": 639200000,
    "weightedAverageShsOutDil": 715000000,
    "link": "https://www.sec.gov/Archives/edgar/data/1327567/000132756724000005/0001327567-24-000005-index.htm",
    "finalLink": "https://www.sec.gov/Archives/edgar/data/1327567/000132756724000005/panw-20240131.htm"
  },
  {
    "date": "2023-10-31",
    "symbol": "PANW",
    "reportedCurrency": "USD",
    "cik": "0001327567",
    "fillingDate": "2023-11-17",
    "acceptedDate": "2023-11-17 16:26:55",
    "calendarYear": "2024",
    "period": "Q1",
    "revenue": 1878100000,
    "costOfRevenue": 472800000,
    "grossProfit": 1405300000,
    "grossProfitRatio": 0.7482562164,
    "researchAndDevelopmentExpenses": 409500000,
    "generalAndAdministrativeExpenses": 120100000,
    "sellingAndMarketingExpenses": 660500000,
    "sellingGeneralAndAdministrativeExpenses": 780600000,
    "otherExpenses": 0,
    "operatingExpenses": 1190100000,
    "costAndExpenses": 1662900000,
    "interestIncome": 68300000,
    "interestExpense": 0,
    "depreciationAndAmortization": 64300000,
    "ebitda": 348800000,
    "ebitdaratio": 0.1857196102,
    "operatingIncome": 215200000,
    "operatingIncomeRatio": 0.114583888,
    "totalOtherIncomeExpensesNet": 67400000,
    "incomeBeforeTax": 282600000,
    "incomeBeforeTaxRatio": 0.1504712209,
    "incomeTaxExpense": 88400000,
    "netIncome": 194200000,
    "netIncomeRatio": 0.1034023747,
    "eps": 0.31,
    "epsdiluted": 0.28,
    "weightedAverageShsOut": 620200000,
    "weightedAverageShsOutDil": 699600000,
    "link": "https://www.sec.gov/Archives/edgar/data/1327567/000132756723000032/0001327567-23-000032-index.htm",
    "finalLink": "https://www.sec.gov/Archives/edgar/data/1327567/000132756723000032/panw-20231031.htm"
  },
  {
    "date": "2023-07-31",
    "symbol": "PANW",
    "reportedCurrency": "USD",
    "cik": "0001327567",
    "fillingDate": "2023-09-01",
    "acceptedDate": "2023-09-01 16:15:43",
    "calendarYear": "2023",
    "period": "Q4",
    "revenue": 1953300000,
    "costOfRevenue": 506800000,
    "grossProfit": 1446500000,
    "grossProfitRatio": 0.7405416475,
    "researchAndDevelopmentExpenses": 414400000,
    "generalAndAdministrativeExpenses": 114600000,
    "sellingAndMarketingExpenses": 664000000,
    "sellingGeneralAndAdministrativeExpenses": 778600000,
    "otherExpenses": 0,
    "operatingExpenses": 1193000000,
    "costAndExpenses": 1699800000,
    "interestIncome": 72500000,
    "interestExpense": 5700000,
    "depreciationAndAmortization": 69300000,
    "ebitda": 384800000,
    "ebitdaratio": 0.1969999488,
    "operatingIncome": 253500000,
    "operatingIncomeRatio": 0.1297803717,
    "totalOtherIncomeExpensesNet": 63000000,
    "incomeBeforeTax": 316500000,
    "incomeBeforeTaxRatio": 0.1620334818,
    "incomeTaxExpense": 88800000,
    "netIncome": 227700000,
    "netIncomeRatio": 0.1165719552,
    "eps": 0.37,
    "epsdiluted": 0.32,
    "weightedAverageShsOut": 613800000,
    "weightedAverageShsOutDil": 709000000,
    "link": "https://www.sec.gov/Archives/edgar/data/1327567/000132756723000024/0001327567-23-000024-index.htm",
    "finalLink": "https://www.sec.gov/Archives/edgar/data/1327567/000132756723000024/panw-20230731.htm"
  },
  {
    "date": "2023-04-30",
    "symbol": "PANW",
    "reportedCurrency": "USD",
    "cik": "0001327567",
    "fillingDate": "2023-05-24",
    "acceptedDate": "2023-05-23 19:05:16",
    "calendarYear": "2023",
    "period": "Q3",
    "revenue": 1720900000,
    "costOfRevenue": 474800000,
    "grossProfit": 1246100000,
    "grossProfitRatio": 0.7240978558,
    "researchAndDevelopmentExpenses": 413700000,
    "generalAndAdministrativeExpenses": 114200000,
    "sellingAndMarketingExpenses": 639500000,
    "sellingGeneralAndAdministrativeExpenses": 753700000,
    "otherExpenses": 0,
    "operatingExpenses": 1167400000,
    "costAndExpenses": 1642200000,
    "interestIncome": 65900000,
    "interestExpense": 7800000,
    "depreciationAndAmortization": 72300000,
    "ebitda": 211100000,
    "ebitdaratio": 0.1226683712,
    "operatingIncome": 78700000,
    "operatingIncomeRatio": 0.0457318845,
    "totalOtherIncomeExpensesNet": 52300000,
    "incomeBeforeTax": 131000000,
    "incomeBeforeTaxRatio": 0.0761229589,
    "incomeTaxExpense": 23200000,
    "netIncome": 107800000,
    "netIncomeRatio": 0.062641641,
    "eps": 0.175,
    "epsdiluted": 0.155,
    "weightedAverageShsOut": 607800000,
    "weightedAverageShsOutDil": 689400000,
    "link": "https://www.sec.gov/Archives/edgar/data/1327567/000132756723000014/0001327567-23-000014-index.htm",
    "finalLink": "https://www.sec.gov/Archives/edgar/data/1327567/000132756723000014/panw-20230430.htm"
  },
  {
    "date": "2023-01-31",
    "symbol": "PANW",
    "reportedCurrency": "USD",
    "cik": "0001327567",
    "fillingDate": "2023-02-22",
    "acceptedDate": "2023-02-21 18:50:31",
    "calendarYear": "2023",
    "period": "Q2",
    "revenue": 1655100000,
    "costOfRevenue": 466200000,
    "grossProfit": 1188900000,
    "grossProfitRatio": 0.7183251767,
    "researchAndDevelopmentExpenses": 404100000,
    "generalAndAdministrativeExpenses": 119400000,
    "sellingAndMarketingExpenses": 625500000,
    "sellingGeneralAndAdministrativeExpenses": 744900000,
    "otherExpenses": 0,
    "operatingExpenses": 1149000000,
    "costAndExpenses": 1615200000,
    "interestIncome": 56600000,
    "interestExpense": 6900000,
    "depreciationAndAmortization": 69900000,
    "ebitda": 159500000,
    "ebitdaratio": 0.0963687995,
    "operatingIncome": 39900000,
    "operatingIncomeRatio": 0.0241073047,
    "totalOtherIncomeExpensesNet": 44500000,
    "incomeBeforeTax": 84400000,
    "incomeBeforeTaxRatio": 0.0509938976,
    "incomeTaxExpense": 200000,
    "netIncome": 84200000,
    "netIncomeRatio": 0.050873059,
    "eps": 0.14,
    "epsdiluted": 0.125,
    "weightedAverageShsOut": 604600000,
    "weightedAverageShsOutDil": 663200000,
    "link": "https://www.sec.gov/Archives/edgar/data/1327567/000132756723000006/0001327567-23-000006-index.htm",
    "finalLink": "https://www.sec.gov/Archives/edgar/data/1327567/000132756723000006/panw-20230131.htm"
  },
  {
    "date": "2022-10-31",
    "symbol": "PANW",
    "reportedCurrency": "USD",
    "cik": "0001327567",
    "fillingDate": "2022-11-18",
    "acceptedDate": "2022-11-17 18:50:35",
    "calendarYear": "2023",
    "period": "Q1",
    "revenue": 1563400000,
    "costOfRevenue": 461900000,
    "grossProfit": 1101500000,
    "grossProfitRatio": 0.7045541768,
    "researchAndDevelopmentExpenses": 371800000,
    "generalAndAdministrativeExpenses": 99500000,
    "sellingAndMarketingExpenses": 615000000,
    "sellingGeneralAndAdministrativeExpenses": 714500000,
    "otherExpenses": 0,
    "operatingExpenses": 1086300000,
    "costAndExpenses": 1548200000,
    "interestIncome": 29400000,
    "interestExpense": 6800000,
    "depreciationAndAmortization": 70700000,
    "ebitda": 110100000,
    "ebitdaratio": 0.0704234361,
    "operatingIncome": 15200000,
    "operatingIncomeRatio": 0.0097223999,
    "totalOtherIncomeExpensesNet": 19200000,
    "incomeBeforeTax": 34400000,
    "incomeBeforeTaxRatio": 0.0220033261,
    "incomeTaxExpense": 14400000,
    "netIncome": 20000000,
    "netIncomeRatio": 0.0127926314,
    "eps": 0.035,
    "epsdiluted": 0.03,
    "weightedAverageShsOut": 599600000,
    "weightedAverageShsOutDil": 676800000,
    "link": "https://www.sec.gov/Archives/edgar/data/1327567/000132756722000038/0001327567-22-000038-index.htm",
    "finalLink": "https://www.sec.gov/Archives/edgar/data/1327567/000132756722000038/panw-20221031.htm"
  },
  {
    "date": "2022-07-31",
    "symbol": "PANW",
    "reportedCurrency": "USD",
    "cik": "0001327567",
    "fillingDate": "2022-09-06",
    "acceptedDate": "2022-09-06 16:07:52",
    "calendarYear": "2022",
    "period": "Q4",
    "revenue": 1550500000,
    "costOfRevenue": 492300000,
    "grossProfit": 1058200000,
    "grossProfitRatio": 0.6824895195,
    "researchAndDevelopmentExpenses": 363800000,
    "generalAndAdministrativeExpenses": 108400000,
    "sellingAndMarketingExpenses": 570600000,
    "sellingGeneralAndAdministrativeExpenses": 679000000,
    "otherExpenses": 0,
    "operatingExpenses": 1042800000,
    "costAndExpenses": 1535100000,
    "interestIncome": 0,
    "interestExpense": 6900000,
    "depreciationAndAmortization": 35000000,
    "ebitda": 57400000,
    "ebitdaratio": 0.037020316,
    "operatingIncome": 15400000,
    "operatingIncomeRatio": 0.0099322799,
    "totalOtherIncomeExpensesNet": 1900000,
    "incomeBeforeTax": 17300000,
    "incomeBeforeTaxRatio": 0.0111576911,
    "incomeTaxExpense": 14000000,
    "netIncome": 3300000,
    "netIncomeRatio": 0.0021283457,
    "eps": 0.0049,
    "epsdiluted": 0.0049,
    "weightedAverageShsOut": 672600000,
    "weightedAverageShsOutDil": 672600000,
    "link": "https://www.sec.gov/Archives/edgar/data/1327567/000132756722000028/0001327567-22-000028-index.htm",
    "finalLink": "https://www.sec.gov/Archives/edgar/data/1327567/000132756722000028/panw-20220731.htm"
  },
  {
    "date": "2022-04-30",
    "symbol": "PANW",
    "reportedCurrency": "USD",
    "cik": "0001327567",
    "fillingDate": "2022-05-20",
    "acceptedDate": "2022-05-19 19:23:21",
    "calendarYear": "2022",
    "period": "Q3",
    "revenue": 1386700000,
    "costOfRevenue": 440500000,
    "grossProfit": 946200000,
    "grossProfitRatio": 0.6823393668,
    "researchAndDevelopmentExpenses": 355400000,
    "generalAndAdministrativeExpenses": 94800000,
    "sellingAndMarketingExpenses": 543600000,
    "sellingGeneralAndAdministrativeExpenses": 638400000,
    "otherExpenses": 0,
    "operatingExpenses": 993800000,
    "costAndExpenses": 1434300000,
    "interestIncome": 0,
    "interestExpense": 6800000,
    "depreciationAndAmortization": 71400000,
    "ebitda": 25700000,
    "ebitdaratio": 0.0185332083,
    "operatingIncome": -47600000,
    "operatingIncomeRatio": -0.0343260979,
    "totalOtherIncomeExpensesNet": -4900000,
    "incomeBeforeTax": -52500000,
    "incomeBeforeTaxRatio": -0.0378596668,
    "incomeTaxExpense": 20700000,
    "netIncome": -73200000,
    "netIncomeRatio": -0.0527871926,
    "eps": -0.125,
    "epsdiluted": -0.125,
    "weightedAverageShsOut": 593399988,
    "weightedAverageShsOutDil": 593400000,
    "link": "https://www.sec.gov/Archives/edgar/data/1327567/000132756722000016/0001327567-22-000016-index.htm",
    "finalLink": "https://www.sec.gov/Archives/edgar/data/1327567/000132756722000016/panw-20220430.htm"
  },
  {
    "date": "2022-01-31",
    "symbol": "PANW",
    "reportedCurrency": "USD",
    "cik": "0001327567",
    "fillingDate": "2022-02-23",
    "acceptedDate": "2022-02-22 19:41:07",
    "calendarYear": "2022",
    "period": "Q2",
    "revenue": 1316900000,
    "costOfRevenue": 405300000,
    "grossProfit": 911600000,
    "grossProfitRatio": 0.6922317564,
    "researchAndDevelopmentExpenses": 359000000,
    "generalAndAdministrativeExpenses": 97700000,
    "sellingAndMarketingExpenses": 528800000,
    "sellingGeneralAndAdministrativeExpenses": 626500000,
    "otherExpenses": 0,
    "operatingExpenses": 985500000,
    "costAndExpenses": 1390800000,
    "interestIncome": 0,
    "interestExpense": 6800000,
    "depreciationAndAmortization": 69700000,
    "ebitda": -6100000,
    "ebitdaratio": -0.0046320905,
    "operatingIncome": -73900000,
    "operatingIncomeRatio": -0.0561166376,
    "totalOtherIncomeExpensesNet": -6900000,
    "incomeBeforeTax": -80800000,
    "incomeBeforeTaxRatio": -0.0613562154,
    "incomeTaxExpense": 12700000,
    "netIncome": -93500000,
    "netIncomeRatio": -0.0710000759,
    "eps": -0.16,
    "epsdiluted": -0.16,
    "weightedAverageShsOut": 584375000,
    "weightedAverageShsOutDil": 589000000,
    "link": "https://www.sec.gov/Archives/edgar/data/1327567/000132756722000008/0001327567-22-000008-index.htm",
    "finalLink": "https://www.sec.gov/Archives/edgar/data/1327567/000132756722000008/panw-20220131.htm"
  },
  {
    "date": "2021-10-31",
    "symbol": "PANW",
    "reportedCurrency": "USD",
    "cik": "0001327567",
    "fillingDate": "2021-11-19",
    "acceptedDate": "2021-11-18 19:55:48",
    "calendarYear": "2022",
    "period": "Q1",
    "revenue": 1247400000,
    "costOfRevenue": 380600000,
    "grossProfit": 866800000,
    "grossProfitRatio": 0.6948853616,
    "researchAndDevelopmentExpenses": 339500000,
    "generalAndAdministrativeExpenses": 104100000,
    "sellingAndMarketingExpenses": 505900000,
    "sellingGeneralAndAdministrativeExpenses": 610000000,
    "otherExpenses": 0,
    "operatingExpenses": 949500000,
    "costAndExpenses": 1330100000,
    "interestIncome": 0,
    "interestExpense": 6900000,
    "depreciationAndAmortization": 69000000,
    "ebitda": -17100000,
    "ebitdaratio": -0.0137085137,
    "operatingIncome": -82700000,
    "operatingIncomeRatio": -0.0662978996,
    "totalOtherIncomeExpensesNet": -8500000,
    "incomeBeforeTax": -91200000,
    "incomeBeforeTaxRatio": -0.0731120731,
    "incomeTaxExpense": 12400000,
    "netIncome": -103600000,
    "netIncomeRatio": -0.0830527497,
    "eps": -0.175,
    "epsdiluted": -0.175,
    "weightedAverageShsOut": 585599988,
    "weightedAverageShsOutDil": 585800000,
    "link": "https://www.sec.gov/Archives/edgar/data/1327567/000132756721000040/0001327567-21-000040-index.htm",
    "finalLink": "https://www.sec.gov/Archives/edgar/data/1327567/000132756721000040/panw-20211031.htm"
  },
  {
    "date": "2021-07-31",
    "symbol": "PANW",
    "reportedCurrency": "USD",
    "cik": "0001327567",
    "fillingDate": "2021-09-03",
    "acceptedDate": "2021-09-03 16:42:39",
    "calendarYear": "2021",
    "period": "Q4",
    "revenue": 1219300000,
    "costOfRevenue": 358900000,
    "grossProfit": 860400000,
    "grossProfitRatio": 0.7056507832,
    "researchAndDevelopmentExpenses": 325300000,
    "generalAndAdministrativeExpenses": 105700000,
    "sellingAndMarketingExpenses": 489800000,
    "sellingGeneralAndAdministrativeExpenses": 595500000,
    "otherExpenses": 0,
    "operatingExpenses": 920800000,
    "costAndExpenses": 1279700000,
    "interestIncome": 1500000,
    "interestExpense": 41400000,
    "depreciationAndAmortization": 80700000,
    "ebitda": 19800000,
    "ebitdaratio": 0.0162388256,
    "operatingIncome": -60400000,
    "operatingIncomeRatio": -0.0495366194,
    "totalOtherIncomeExpensesNet": -41900000,
    "incomeBeforeTax": -102300000,
    "incomeBeforeTaxRatio": -0.0839005987,
    "incomeTaxExpense": 17000000,
    "netIncome": -119300000,
    "netIncomeRatio": -0.0978430247,
    "eps": -0.205,
    "epsdiluted": -0.205,
    "weightedAverageShsOut": 583199988,
    "weightedAverageShsOutDil": 583200000,
    "link": "https://www.sec.gov/Archives/edgar/data/1327567/000132756721000029/0001327567-21-000029-index.htm",
    "finalLink": "https://www.sec.gov/Archives/edgar/data/1327567/000132756721000029/panw-20210731.htm"
  },
  {
    "date": "2021-04-30",
    "symbol": "PANW",
    "reportedCurrency": "USD",
    "cik": "0001327567",
    "fillingDate": "2021-05-21",
    "acceptedDate": "2021-05-20 19:39:36",
    "calendarYear": "2021",
    "period": "Q3",
    "revenue": 1073900000,
    "costOfRevenue": 330600000,
    "grossProfit": 743300000,
    "grossProfitRatio": 0.6921501071,
    "researchAndDevelopmentExpenses": 311000000,
    "generalAndAdministrativeExpenses": 94700000,
    "sellingAndMarketingExpenses": 448000000,
    "sellingGeneralAndAdministrativeExpenses": 542700000,
    "otherExpenses": 0,
    "operatingExpenses": 853700000,
    "costAndExpenses": 1184300000,
    "interestIncome": 1800000,
    "interestExpense": 41000000,
    "depreciationAndAmortization": 80600000,
    "ebitda": -30200000,
    "ebitdaratio": -0.0281217991,
    "operatingIncome": -110400000,
    "operatingIncomeRatio": -0.1028028681,
    "totalOtherIncomeExpensesNet": -40000000,
    "incomeBeforeTax": -150400000,
    "incomeBeforeTaxRatio": -0.140050284,
    "incomeTaxExpense": -5300000,
    "netIncome": -145100000,
    "netIncomeRatio": -0.1351150014,
    "eps": -0.25,
    "epsdiluted": -0.25,
    "weightedAverageShsOut": 581399988,
    "weightedAverageShsOutDil": 581400000,
    "link": "https://www.sec.gov/Archives/edgar/data/1327567/000132756721000014/0001327567-21-000014-index.htm",
    "finalLink": "https://www.sec.gov/Archives/edgar/data/1327567/000132756721000014/panw-20210430.htm"
  },
  {
    "date": "2021-01-31",
    "symbol": "PANW",
    "reportedCurrency": "USD",
    "cik": "0001327567",
    "fillingDate": "2021-02-23",
    "acceptedDate": "2021-02-22 19:56:44",
    "calendarYear": "2021",
    "period": "Q2",
    "revenue": 1016900000,
    "costOfRevenue": 307600000,
    "grossProfit": 709300000,
    "grossProfitRatio": 0.6975120464,
    "researchAndDevelopmentExpenses": 266700000,
    "generalAndAdministrativeExpenses": 104000000,
    "sellingAndMarketingExpenses": 427400000,
    "sellingGeneralAndAdministrativeExpenses": 531400000,
    "otherExpenses": 0,
    "operatingExpenses": 798100000,
    "costAndExpenses": 1105700000,
    "interestIncome": 2300000,
    "interestExpense": 40700000,
    "depreciationAndAmortization": 75600000,
    "ebitda": -15200000,
    "ebitdaratio": -0.0149473891,
    "operatingIncome": -88800000,
    "operatingIncomeRatio": -0.0873242207,
    "totalOtherIncomeExpensesNet": -41200000,
    "incomeBeforeTax": -130000000,
    "incomeBeforeTaxRatio": -0.1278395122,
    "incomeTaxExpense": 12300000,
    "netIncome": -142300000,
    "netIncomeRatio": -0.1399350969,
    "eps": -0.245,
    "epsdiluted": -0.245,
    "weightedAverageShsOut": 575400000,
    "weightedAverageShsOutDil": 575400000,
    "link": "https://www.sec.gov/Archives/edgar/data/1327567/000132756721000004/0001327567-21-000004-index.htm",
    "finalLink": "https://www.sec.gov/Archives/edgar/data/1327567/000132756721000004/panw-20210131.htm"
  },
  {
    "date": "2020-10-31",
    "symbol": "PANW",
    "reportedCurrency": "USD",
    "cik": "0001327567",
    "fillingDate": "2020-11-19",
    "acceptedDate": "2020-11-19 17:00:59",
    "calendarYear": "2021",
    "period": "Q1",
    "revenue": 946000000,
    "costOfRevenue": 277800000,
    "grossProfit": 668200000,
    "grossProfitRatio": 0.7063424947,
    "researchAndDevelopmentExpenses": 237400000,
    "generalAndAdministrativeExpenses": 86700000,
    "sellingAndMarketingExpenses": 388600000,
    "sellingGeneralAndAdministrativeExpenses": 475300000,
    "otherExpenses": 0,
    "operatingExpenses": 712700000,
    "costAndExpenses": 990500000,
    "interestIncome": 2900000,
    "interestExpense": 40200000,
    "depreciationAndAmortization": 68000000,
    "ebitda": 24700000,
    "ebitdaratio": 0.0261099366,
    "operatingIncome": -44500000,
    "operatingIncomeRatio": -0.0470401691,
    "totalOtherIncomeExpensesNet": -37800000,
    "incomeBeforeTax": -82300000,
    "incomeBeforeTaxRatio": -0.0869978858,
    "incomeTaxExpense": 9900000,
    "netIncome": -92200000,
    "netIncomeRatio": -0.0974630021,
    "eps": -0.16,
    "epsdiluted": -0.16,
    "weightedAverageShsOut": 573000000,
    "weightedAverageShsOutDil": 573000000,
    "link": "https://www.sec.gov/Archives/edgar/data/1327567/000132756720000041/0001327567-20-000041-index.htm",
    "finalLink": "https://www.sec.gov/Archives/edgar/data/1327567/000132756720000041/panw-20201031.htm"
  },
  {
    "date": "2020-07-31",
    "symbol": "PANW",
    "reportedCurrency": "USD",
    "cik": "0001327567",
    "fillingDate": "2020-09-04",
    "acceptedDate": "2020-09-04 16:27:32",
    "calendarYear": "2020",
    "period": "Q4",
    "revenue": 950400000,
    "costOfRevenue": 290400000,
    "grossProfit": 660000000,
    "grossProfitRatio": 0.6944444444,
    "researchAndDevelopmentExpenses": 215900000,
    "generalAndAdministrativeExpenses": 70700000,
    "sellingAndMarketingExpenses": 391200000,
    "sellingGeneralAndAdministrativeExpenses": 461900000,
    "otherExpenses": 0,
    "operatingExpenses": 677800000,
    "costAndExpenses": 968200000,
    "interestIncome": 3400000,
    "interestExpense": 31400000,
    "depreciationAndAmortization": 73700000,
    "ebitda": 56700000,
    "ebitdaratio": 0.0596590909,
    "operatingIncome": -17800000,
    "operatingIncomeRatio": -0.0187289562,
    "totalOtherIncomeExpensesNet": -30600000,
    "incomeBeforeTax": -48400000,
    "incomeBeforeTaxRatio": -0.0509259259,
    "incomeTaxExpense": 10500000,
    "netIncome": -58900000,
    "netIncomeRatio": -0.0619739057,
    "eps": -0.1,
    "epsdiluted": -0.1,
    "weightedAverageShsOut": 576000000,
    "weightedAverageShsOutDil": 576000000,
    "link": "https://www.sec.gov/Archives/edgar/data/1327567/000132756720000032/0001327567-20-000032-index.htm",
    "finalLink": "https://www.sec.gov/Archives/edgar/data/1327567/000132756720000032/panw-20200731.htm"
  },
  {
    "date": "2020-04-30",
    "symbol": "PANW",
    "reportedCurrency": "USD",
    "cik": "0001327567",
    "fillingDate": "2020-05-22",
    "acceptedDate": "2020-05-21 19:12:35",
    "calendarYear": "2020",
    "period": "Q3",
    "revenue": 869400000,
    "costOfRevenue": 258300000,
    "grossProfit": 611100000,
    "grossProfitRatio": 0.7028985507,
    "researchAndDevelopmentExpenses": 196300000,
    "generalAndAdministrativeExpenses": 82900000,
    "sellingAndMarketingExpenses": 388400000,
    "sellingGeneralAndAdministrativeExpenses": 471300000,
    "otherExpenses": 0,
    "operatingExpenses": 667600000,
    "costAndExpenses": 925900000,
    "interestIncome": 8300000,
    "interestExpense": 19400000,
    "depreciationAndAmortization": 66300000,
    "ebitda": 17900000,
    "ebitdaratio": 0.0205889119,
    "operatingIncome": -56500000,
    "operatingIncomeRatio": -0.0649873476,
    "totalOtherIncomeExpensesNet": -11300000,
    "incomeBeforeTax": -67800000,
    "incomeBeforeTaxRatio": -0.0779848171,
    "incomeTaxExpense": 7000000,
    "netIncome": -74800000,
    "netIncomeRatio": -0.0860363469,
    "eps": -0.13,
    "epsdiluted": -0.13,
    "weightedAverageShsOut": 580200000,
    "weightedAverageShsOutDil": 580200000,
    "link": "https://www.sec.gov/Archives/edgar/data/1327567/000132756720000017/0001327567-20-000017-index.htm",
    "finalLink": "https://www.sec.gov/Archives/edgar/data/1327567/000132756720000017/panw-20200430.htm"
  },
  {
    "date": "2020-01-31",
    "symbol": "PANW",
    "reportedCurrency": "USD",
    "cik": "0001327567",
    "fillingDate": "2020-02-25",
    "acceptedDate": "2020-02-24 19:40:29",
    "calendarYear": "2020",
    "period": "Q2",
    "revenue": 816700000,
    "costOfRevenue": 233100000,
    "grossProfit": 583600000,
    "grossProfitRatio": 0.7145830782,
    "researchAndDevelopmentExpenses": 185400000,
    "generalAndAdministrativeExpenses": 76200000,
    "sellingAndMarketingExpenses": 374900000,
    "sellingGeneralAndAdministrativeExpenses": 451100000,
    "otherExpenses": 0,
    "operatingExpenses": 636500000,
    "costAndExpenses": 869600000,
    "interestIncome": 13900000,
    "interestExpense": 19000000,
    "depreciationAndAmortization": 59100000,
    "ebitda": 17000000,
    "ebitdaratio": 0.0208154769,
    "operatingIncome": -52900000,
    "operatingIncomeRatio": -0.0647728664,
    "totalOtherIncomeExpensesNet": -8200000,
    "incomeBeforeTax": -61100000,
    "incomeBeforeTaxRatio": -0.0748132729,
    "incomeTaxExpense": 12600000,
    "netIncome": -73700000,
    "netIncomeRatio": -0.0902412146,
    "eps": -0.125,
    "epsdiluted": -0.125,
    "weightedAverageShsOut": 589800000,
    "weightedAverageShsOutDil": 589800000,
    "link": "https://www.sec.gov/Archives/edgar/data/1327567/000132756720000007/0001327567-20-000007-index.htm",
    "finalLink": "https://www.sec.gov/Archives/edgar/data/1327567/000132756720000007/panw-1312020x10qq220.htm"
  },
  {
    "date": "2019-10-31",
    "symbol": "PANW",
    "reportedCurrency": "USD",
    "cik": "0001327567",
    "fillingDate": "2019-11-26",
    "acceptedDate": "2019-11-25 19:15:52",
    "calendarYear": "2020",
    "period": "Q1",
    "revenue": 771900000,
    "costOfRevenue": 217700000,
    "grossProfit": 554200000,
    "grossProfitRatio": 0.7179686488,
    "researchAndDevelopmentExpenses": 170500000,
    "generalAndAdministrativeExpenses": 69800000,
    "sellingAndMarketingExpenses": 365700000,
    "sellingGeneralAndAdministrativeExpenses": 435500000,
    "otherExpenses": 0,
    "operatingExpenses": 606000000,
    "costAndExpenses": 823700000,
    "interestIncome": 15800000,
    "interestExpense": 18900000,
    "depreciationAndAmortization": 54400000,
    "ebitda": 18800000,
    "ebitdaratio": 0.0243554865,
    "operatingIncome": -51800000,
    "operatingIncomeRatio": -0.0671071382,
    "totalOtherIncomeExpensesNet": -2700000,
    "incomeBeforeTax": -54500000,
    "incomeBeforeTaxRatio": -0.0706050006,
    "incomeTaxExpense": 5100000,
    "netIncome": -59600000,
    "netIncomeRatio": -0.0772120741,
    "eps": -0.105,
    "epsdiluted": -0.105,
    "weightedAverageShsOut": 579600000,
    "weightedAverageShsOutDil": 579600000,
    "link": "https://www.sec.gov/Archives/edgar/data/1327567/000132756719000038/0001327567-19-000038-index.htm",
    "finalLink": "https://www.sec.gov/Archives/edgar/data/1327567/000132756719000038/panw-10312019x10qq120.htm"
  },
  {
    "date": "2019-07-31",
    "symbol": "PANW",
    "reportedCurrency": "USD",
    "cik": "0001327567",
    "fillingDate": "2019-09-09",
    "acceptedDate": "2019-09-09 17:23:18",
    "calendarYear": "2019",
    "period": "Q4",
    "revenue": 805800000,
    "costOfRevenue": 217400000,
    "grossProfit": 588400000,
    "grossProfitRatio": 0.7302060065,
    "researchAndDevelopmentExpenses": 158700000,
    "generalAndAdministrativeExpenses": 69200000,
    "sellingAndMarketingExpenses": 370400000,
    "sellingGeneralAndAdministrativeExpenses": 439600000,
    "otherExpenses": 0,
    "operatingExpenses": 598300000,
    "costAndExpenses": 815700000,
    "interestIncome": 18100000,
    "interestExpense": 20000000,
    "depreciationAndAmortization": 42200000,
    "ebitda": 48500000,
    "ebitdaratio": 0.0601886324,
    "operatingIncome": -9900000,
    "operatingIncomeRatio": -0.012285927,
    "totalOtherIncomeExpensesNet": -3800000,
    "incomeBeforeTax": -13700000,
    "incomeBeforeTaxRatio": -0.0170017374,
    "incomeTaxExpense": 7100000,
    "netIncome": -20800000,
    "netIncomeRatio": -0.0258128568,
    "eps": -0.0362,
    "epsdiluted": -0.0362,
    "weightedAverageShsOut": 574200000,
    "weightedAverageShsOutDil": 574800000,
    "link": "https://www.sec.gov/Archives/edgar/data/1327567/000132756719000032/0001327567-19-000032-index.htm",
    "finalLink": "https://www.sec.gov/Archives/edgar/data/1327567/000132756719000032/panw-7312019x10k.htm"
  },
  {
    "date": "2019-04-30",
    "symbol": "PANW",
    "reportedCurrency": "USD",
    "cik": "0001327567",
    "fillingDate": "2019-05-30",
    "acceptedDate": "2019-05-29 21:56:26",
    "calendarYear": "2019",
    "period": "Q3",
    "revenue": 726600000,
    "costOfRevenue": 204900000,
    "grossProfit": 521700000,
    "grossProfitRatio": 0.7180016515,
    "researchAndDevelopmentExpenses": 139100000,
    "generalAndAdministrativeExpenses": 62300000,
    "sellingAndMarketingExpenses": 339000000,
    "sellingGeneralAndAdministrativeExpenses": 401300000,
    "otherExpenses": 0,
    "operatingExpenses": 540400000,
    "costAndExpenses": 745300000,
    "interestIncome": 18300000,
    "interestExpense": 20600000,
    "depreciationAndAmortization": 40300000,
    "ebitda": 39800000,
    "ebitdaratio": 0.0547756675,
    "operatingIncome": -18700000,
    "operatingIncomeRatio": -0.0257363061,
    "totalOtherIncomeExpensesNet": -2400000,
    "incomeBeforeTax": -21100000,
    "incomeBeforeTaxRatio": -0.0290393614,
    "incomeTaxExpense": -900000,
    "netIncome": -20200000,
    "netIncomeRatio": -0.0278007157,
    "eps": -0.03565,
    "epsdiluted": -0.03565,
    "weightedAverageShsOut": 566400000,
    "weightedAverageShsOutDil": 566400000,
    "link": "https://www.sec.gov/Archives/edgar/data/1327567/000132756719000016/0001327567-19-000016-index.htm",
    "finalLink": "https://www.sec.gov/Archives/edgar/data/1327567/000132756719000016/panw-4302019x10qq319.htm"
  },
  {
    "date": "2019-01-31",
    "symbol": "PANW",
    "reportedCurrency": "USD",
    "cik": "0001327567",
    "fillingDate": "2019-02-27",
    "acceptedDate": "2019-02-26 21:42:31",
    "calendarYear": "2019",
    "period": "Q2",
    "revenue": 711200000,
    "costOfRevenue": 202600000,
    "grossProfit": 508600000,
    "grossProfitRatio": 0.7151293588,
    "researchAndDevelopmentExpenses": 128300000,
    "generalAndAdministrativeExpenses": 53700000,
    "sellingAndMarketingExpenses": 320000000,
    "sellingGeneralAndAdministrativeExpenses": 373700000,
    "otherExpenses": 0,
    "operatingExpenses": 502000000,
    "costAndExpenses": 704600000,
    "interestIncome": 18000000,
    "interestExpense": 20600000,
    "depreciationAndAmortization": 38800000,
    "ebitda": 61400000,
    "ebitdaratio": 0.0863329584,
    "operatingIncome": 6600000,
    "operatingIncomeRatio": 0.00928009,
    "totalOtherIncomeExpensesNet": -4600000,
    "incomeBeforeTax": 2000000,
    "incomeBeforeTaxRatio": 0.0028121485,
    "incomeTaxExpense": 4600000,
    "netIncome": -2600000,
    "netIncomeRatio": -0.003655793,
    "eps": -0.0046,
    "epsdiluted": -0.0046,
    "weightedAverageShsOut": 564000000,
    "weightedAverageShsOutDil": 564000000,
    "link": "https://www.sec.gov/Archives/edgar/data/1327567/000132756719000008/0001327567-19-000008-index.htm",
    "finalLink": "https://www.sec.gov/Archives/edgar/data/1327567/000132756719000008/panw-1312019x10qq219.htm"
  },
  {
    "date": "2018-10-31",
    "symbol": "PANW",
    "reportedCurrency": "USD",
    "cik": "0001327567",
    "fillingDate": "2018-11-30",
    "acceptedDate": "2018-11-30 17:21:30",
    "calendarYear": "2019",
    "period": "Q1",
    "revenue": 656000000,
    "costOfRevenue": 183500000,
    "grossProfit": 472500000,
    "grossProfitRatio": 0.7202743902,
    "researchAndDevelopmentExpenses": 113400000,
    "generalAndAdministrativeExpenses": 76600000,
    "sellingAndMarketingExpenses": 314600000,
    "sellingGeneralAndAdministrativeExpenses": 391200000,
    "otherExpenses": 0,
    "operatingExpenses": 504600000,
    "costAndExpenses": 688100000,
    "interestIncome": 15400000,
    "interestExpense": 22700000,
    "depreciationAndAmortization": 32500000,
    "ebitda": 13400000,
    "ebitdaratio": 0.0204268293,
    "operatingIncome": -32100000,
    "operatingIncomeRatio": -0.0489329268,
    "totalOtherIncomeExpensesNet": -9700000,
    "incomeBeforeTax": -41800000,
    "incomeBeforeTaxRatio": -0.0637195122,
    "incomeTaxExpense": -3500000,
    "netIncome": -38300000,
    "netIncomeRatio": -0.0583841463,
    "eps": -0.07,
    "epsdiluted": -0.07,
    "weightedAverageShsOut": 562800000,
    "weightedAverageShsOutDil": 562800000,
    "link": "https://www.sec.gov/Archives/edgar/data/1327567/000132756718000031/0001327567-18-000031-index.htm",
    "finalLink": "https://www.sec.gov/Archives/edgar/data/1327567/000132756718000031/panw-10312018x10qq119.htm"
  },
  {
    "date": "2018-07-31",
    "symbol": "PANW",
    "reportedCurrency": "USD",
    "cik": "0001327567",
    "fillingDate": "2018-09-13",
    "acceptedDate": "2018-09-13 16:30:18",
    "calendarYear": "2018",
    "period": "Q4",
    "revenue": 658100000,
    "costOfRevenue": 184700000,
    "grossProfit": 473400000,
    "grossProfitRatio": 0.7193435648,
    "researchAndDevelopmentExpenses": 110300000,
    "generalAndAdministrativeExpenses": 56700000,
    "sellingAndMarketingExpenses": 297800000,
    "sellingGeneralAndAdministrativeExpenses": 354500000,
    "otherExpenses": 0,
    "operatingExpenses": 464800000,
    "costAndExpenses": 649500000,
    "interestIncome": 27100000,
    "interestExpense": 10400000,
    "depreciationAndAmortization": 28400000,
    "ebitda": 47200000,
    "ebitdaratio": 0.0717216229,
    "operatingIncome": 8600000,
    "operatingIncomeRatio": 0.0130679228,
    "totalOtherIncomeExpensesNet": -200000,
    "incomeBeforeTax": 8400000,
    "incomeBeforeTaxRatio": 0.0127640176,
    "incomeTaxExpense": 10700000,
    "netIncome": -2300000,
    "netIncomeRatio": -0.0034949096,
    "eps": -0.00415,
    "epsdiluted": -0.00415,
    "weightedAverageShsOut": 556800000,
    "weightedAverageShsOutDil": 556800000,
    "link": "https://www.sec.gov/Archives/edgar/data/1327567/000132756718000024/0001327567-18-000024-index.htm",
    "finalLink": "https://www.sec.gov/Archives/edgar/data/1327567/000132756718000024/panw-7312018x10k.htm"
  },
  {
    "date": "2018-04-30",
    "symbol": "PANW",
    "reportedCurrency": "USD",
    "cik": "0001327567",
    "fillingDate": "2018-06-05",
    "acceptedDate": "2018-06-04 20:31:02",
    "calendarYear": "2018",
    "period": "Q3",
    "revenue": 567100000,
    "costOfRevenue": 159900000,
    "grossProfit": 407200000,
    "grossProfitRatio": 0.7180391465,
    "researchAndDevelopmentExpenses": 99600000,
    "generalAndAdministrativeExpenses": 82100000,
    "sellingAndMarketingExpenses": 277100000,
    "sellingGeneralAndAdministrativeExpenses": 353500000,
    "otherExpenses": 0,
    "operatingExpenses": 453100000,
    "costAndExpenses": 613000000,
    "interestIncome": 6700000,
    "interestExpense": 6500000,
    "depreciationAndAmortization": 24600000,
    "ebitda": -12100000,
    "ebitdaratio": -0.0213366249,
    "operatingIncome": -45300000,
    "operatingIncomeRatio": -0.0798800917,
    "totalOtherIncomeExpensesNet": -4200000,
    "incomeBeforeTax": -49500000,
    "incomeBeforeTaxRatio": -0.0872861929,
    "incomeTaxExpense": -2800000,
    "netIncome": -46700000,
    "netIncomeRatio": -0.0823487921,
    "eps": -0.085,
    "epsdiluted": -0.085,
    "weightedAverageShsOut": 551400000,
    "weightedAverageShsOutDil": 551400000,
    "link": "https://www.sec.gov/Archives/edgar/data/1327567/000132756718000014/0001327567-18-000014-index.htm",
    "finalLink": "https://www.sec.gov/Archives/edgar/data/1327567/000132756718000014/panw-4302018x10qq318.htm"
  },
  {
    "date": "2018-01-31",
    "symbol": "PANW",
    "reportedCurrency": "USD",
    "cik": "0001327567",
    "fillingDate": "2018-02-27",
    "acceptedDate": "2018-02-26 21:24:59",
    "calendarYear": "2018",
    "period": "Q2",
    "revenue": 542400000,
    "costOfRevenue": 159300000,
    "grossProfit": 383100000,
    "grossProfitRatio": 0.7063053097,
    "researchAndDevelopmentExpenses": 96600000,
    "generalAndAdministrativeExpenses": 53300000,
    "sellingAndMarketingExpenses": 265000000,
    "sellingGeneralAndAdministrativeExpenses": 312100000,
    "otherExpenses": 0,
    "operatingExpenses": 408700000,
    "costAndExpenses": 568100000,
    "interestIncome": 5900000,
    "interestExpense": 6400000,
    "depreciationAndAmortization": 22100000,
    "ebitda": 4500000,
    "ebitdaratio": 0.0082964602,
    "operatingIncome": -22500000,
    "operatingIncomeRatio": -0.0414823009,
    "totalOtherIncomeExpensesNet": -1500000,
    "incomeBeforeTax": -33300000,
    "incomeBeforeTaxRatio": -0.0613938053,
    "incomeTaxExpense": 1600000,
    "netIncome": -34900000,
    "netIncomeRatio": -0.0643436578,
    "eps": -0.065,
    "epsdiluted": -0.065,
    "weightedAverageShsOut": 546600000,
    "weightedAverageShsOutDil": 546600000,
    "link": "https://www.sec.gov/Archives/edgar/data/1327567/000132756718000006/0001327567-18-000006-index.htm",
    "finalLink": "https://www.sec.gov/Archives/edgar/data/1327567/000132756718000006/panw-1312018x10qq218.htm"
  },
  {
    "date": "2017-10-31",
    "symbol": "PANW",
    "reportedCurrency": "USD",
    "cik": "0001327567",
    "fillingDate": "2017-11-21",
    "acceptedDate": "2017-11-20 21:28:55",
    "calendarYear": "2018",
    "period": "Q1",
    "revenue": 505500000,
    "costOfRevenue": 141400000,
    "grossProfit": 364100000,
    "grossProfitRatio": 0.7202769535,
    "researchAndDevelopmentExpenses": 94200000,
    "generalAndAdministrativeExpenses": 65700000,
    "sellingAndMarketingExpenses": 258500000,
    "sellingGeneralAndAdministrativeExpenses": 319800000,
    "otherExpenses": 0,
    "operatingExpenses": 414000000,
    "costAndExpenses": 555300000,
    "interestIncome": 5100000,
    "interestExpense": 6300000,
    "depreciationAndAmortization": 21300000,
    "ebitda": -27400000,
    "ebitdaratio": -0.0542037587,
    "operatingIncome": -53500000,
    "operatingIncomeRatio": -0.1058358061,
    "totalOtherIncomeExpensesNet": -1500000,
    "incomeBeforeTax": -55800000,
    "incomeBeforeTaxRatio": -0.1103857567,
    "incomeTaxExpense": 8200000,
    "netIncome": -64000000,
    "netIncomeRatio": -0.1266073195,
    "eps": -0.115,
    "epsdiluted": -0.115,
    "weightedAverageShsOut": 545400000,
    "weightedAverageShsOutDil": 545400000,
    "link": "https://www.sec.gov/Archives/edgar/data/1327567/000132756717000035/0001327567-17-000035-index.htm",
    "finalLink": "https://www.sec.gov/Archives/edgar/data/1327567/000132756717000035/panw-10312017x10qq118.htm"
  },
  {
    "date": "2017-07-31",
    "symbol": "PANW",
    "reportedCurrency": "USD",
    "cik": "0001327567",
    "fillingDate": "2017-09-07",
    "acceptedDate": "2017-09-07 17:19:13",
    "calendarYear": "2017",
    "period": "Q4",
    "revenue": 509100000,
    "costOfRevenue": 138500000,
    "grossProfit": 370600000,
    "grossProfitRatio": 0.7279512866,
    "researchAndDevelopmentExpenses": 87300000,
    "generalAndAdministrativeExpenses": 65200000,
    "sellingAndMarketingExpenses": 245400000,
    "sellingGeneralAndAdministrativeExpenses": 310600000,
    "otherExpenses": 0,
    "operatingExpenses": 397900000,
    "costAndExpenses": 536400000,
    "interestIncome": 14700000,
    "interestExpense": 6200000,
    "depreciationAndAmortization": 16700000,
    "ebitda": -7700000,
    "ebitdaratio": -0.0151247299,
    "operatingIncome": -27300000,
    "operatingIncomeRatio": -0.0536240424,
    "totalOtherIncomeExpensesNet": -3300000,
    "incomeBeforeTax": -30600000,
    "incomeBeforeTaxRatio": -0.0601060695,
    "incomeTaxExpense": 7600000,
    "netIncome": -38200000,
    "netIncomeRatio": -0.0750343744,
    "eps": -0.07,
    "epsdiluted": -0.07,
    "weightedAverageShsOut": 545400000,
    "weightedAverageShsOutDil": 545400000,
    "link": "https://www.sec.gov/Archives/edgar/data/1327567/000132756717000027/0001327567-17-000027-index.htm",
    "finalLink": "https://www.sec.gov/Archives/edgar/data/1327567/000132756717000027/panw-7312017x10k.htm"
  },
  {
    "date": "2017-04-30",
    "symbol": "PANW",
    "reportedCurrency": "USD",
    "cik": "0001327567",
    "fillingDate": "2017-06-01",
    "acceptedDate": "2017-05-31 21:17:29",
    "calendarYear": "2017",
    "period": "Q3",
    "revenue": 431800000,
    "costOfRevenue": 123700000,
    "grossProfit": 308100000,
    "grossProfitRatio": 0.71352478,
    "researchAndDevelopmentExpenses": 86000000,
    "generalAndAdministrativeExpenses": 44300000,
    "sellingAndMarketingExpenses": 226900000,
    "sellingGeneralAndAdministrativeExpenses": 271200000,
    "otherExpenses": 0,
    "operatingExpenses": 357200000,
    "costAndExpenses": 480900000,
    "interestIncome": 0,
    "interestExpense": 6200000,
    "depreciationAndAmortization": 15100000,
    "ebitda": -31900000,
    "ebitdaratio": -0.0738767948,
    "operatingIncome": -49100000,
    "operatingIncomeRatio": -0.1137100509,
    "totalOtherIncomeExpensesNet": -4100000,
    "incomeBeforeTax": -53200000,
    "incomeBeforeTaxRatio": -0.1232051876,
    "incomeTaxExpense": 7700000,
    "netIncome": -60900000,
    "netIncomeRatio": -0.1410375174,
    "eps": -0.11,
    "epsdiluted": -0.11,
    "weightedAverageShsOut": 546000000,
    "weightedAverageShsOutDil": 546000000,
    "link": "https://www.sec.gov/Archives/edgar/data/1327567/000132756717000018/0001327567-17-000018-index.htm",
    "finalLink": "https://www.sec.gov/Archives/edgar/data/1327567/000132756717000018/panw-4302017x10qq317.htm"
  },
  {
    "date": "2017-01-31",
    "symbol": "PANW",
    "reportedCurrency": "USD",
    "cik": "0001327567",
    "fillingDate": "2017-03-01",
    "acceptedDate": "2017-02-28 21:28:48",
    "calendarYear": "2017",
    "period": "Q2",
    "revenue": 422600000,
    "costOfRevenue": 113200000,
    "grossProfit": 309400000,
    "grossProfitRatio": 0.7321344061,
    "researchAndDevelopmentExpenses": 89900000,
    "generalAndAdministrativeExpenses": 47200000,
    "sellingAndMarketingExpenses": 226700000,
    "sellingGeneralAndAdministrativeExpenses": 273900000,
    "otherExpenses": 0,
    "operatingExpenses": 363800000,
    "costAndExpenses": 477000000,
    "interestIncome": 0,
    "interestExpense": 6100000,
    "depreciationAndAmortization": 14400000,
    "ebitda": -37300000,
    "ebitdaratio": -0.088263133,
    "operatingIncome": -54400000,
    "operatingIncomeRatio": -0.1287269285,
    "totalOtherIncomeExpensesNet": -3400000,
    "incomeBeforeTax": -57800000,
    "incomeBeforeTaxRatio": -0.1367723616,
    "incomeTaxExpense": 2800000,
    "netIncome": -60600000,
    "netIncomeRatio": -0.1433980123,
    "eps": -0.11,
    "epsdiluted": -0.11,
    "weightedAverageShsOut": 544200000,
    "weightedAverageShsOutDil": 544200000,
    "link": "https://www.sec.gov/Archives/edgar/data/1327567/000132756717000007/0001327567-17-000007-index.htm",
    "finalLink": "https://www.sec.gov/Archives/edgar/data/1327567/000132756717000007/panw-1312017x10qq217.htm"
  },
  {
    "date": "2016-10-31",
    "symbol": "PANW",
    "reportedCurrency": "USD",
    "cik": "0001327567",
    "fillingDate": "2016-11-22",
    "acceptedDate": "2016-11-21 21:15:31",
    "calendarYear": "2017",
    "period": "Q1",
    "revenue": 398100000,
    "costOfRevenue": 101300000,
    "grossProfit": 296800000,
    "grossProfitRatio": 0.7455413213,
    "researchAndDevelopmentExpenses": 84600000,
    "generalAndAdministrativeExpenses": 41600000,
    "sellingAndMarketingExpenses": 220300000,
    "sellingGeneralAndAdministrativeExpenses": 261700000,
    "otherExpenses": 0,
    "operatingExpenses": 345900000,
    "costAndExpenses": 447100000,
    "interestIncome": 0,
    "interestExpense": 6000000,
    "depreciationAndAmortization": 13600000,
    "ebitda": -32900000,
    "ebitdaratio": -0.0826425521,
    "operatingIncome": -49000000,
    "operatingIncomeRatio": -0.1230846521,
    "totalOtherIncomeExpensesNet": -3500000,
    "incomeBeforeTax": -53400000,
    "incomeBeforeTaxRatio": -0.1341371515,
    "incomeTaxExpense": 8400000,
    "netIncome": -61800000,
    "netIncomeRatio": -0.1552373775,
    "eps": -0.115,
    "epsdiluted": -0.115,
    "weightedAverageShsOut": 538800000,
    "weightedAverageShsOutDil": 538800000,
    "link": "https://www.sec.gov/Archives/edgar/data/1327567/000132756716000073/0001327567-16-000073-index.htm",
    "finalLink": "https://www.sec.gov/Archives/edgar/data/1327567/000132756716000073/panw-10312016x10qq117.htm"
  },
  {
    "date": "2016-07-31",
    "symbol": "PANW",
    "reportedCurrency": "USD",
    "cik": "0001327567",
    "fillingDate": "2016-09-08",
    "acceptedDate": "2016-09-08 17:10:31",
    "calendarYear": "2016",
    "period": "Q4",
    "revenue": 400800000,
    "costOfRevenue": 101700000,
    "grossProfit": 299100000,
    "grossProfitRatio": 0.746257485,
    "researchAndDevelopmentExpenses": 76500000,
    "generalAndAdministrativeExpenses": 39900000,
    "sellingAndMarketingExpenses": 228100000,
    "sellingGeneralAndAdministrativeExpenses": 268000000,
    "otherExpenses": 0,
    "operatingExpenses": 344500000,
    "costAndExpenses": 446200000,
    "interestIncome": 0,
    "interestExpense": 6000000,
    "depreciationAndAmortization": 12100000,
    "ebitda": -30600000,
    "ebitdaratio": -0.0763473054,
    "operatingIncome": -45400000,
    "operatingIncomeRatio": -0.1132734531,
    "totalOtherIncomeExpensesNet": -3300000,
    "incomeBeforeTax": -48700000,
    "incomeBeforeTaxRatio": -0.121506986,
    "incomeTaxExpense": 5800000,
    "netIncome": -54500000,
    "netIncomeRatio": -0.1359780439,
    "eps": -0.1,
    "epsdiluted": -0.1,
    "weightedAverageShsOut": 533400000,
    "weightedAverageShsOutDil": 533400000,
    "link": "https://www.sec.gov/Archives/edgar/data/1327567/000132756716000064/0001327567-16-000064-index.htm",
    "finalLink": "https://www.sec.gov/Archives/edgar/data/1327567/000132756716000064/panw-7312016x10k.htm"
  },
  {
    "date": "2016-04-30",
    "symbol": "PANW",
    "reportedCurrency": "USD",
    "cik": "0001327567",
    "fillingDate": "2016-05-27",
    "acceptedDate": "2016-05-26 20:59:52",
    "calendarYear": "2016",
    "period": "Q3",
    "revenue": 345800000,
    "costOfRevenue": 94900000,
    "grossProfit": 250900000,
    "grossProfitRatio": 0.7255639098,
    "researchAndDevelopmentExpenses": 74000000,
    "generalAndAdministrativeExpenses": 33500000,
    "sellingAndMarketingExpenses": 202000000,
    "sellingGeneralAndAdministrativeExpenses": 229400000,
    "otherExpenses": 0,
    "operatingExpenses": 303400000,
    "costAndExpenses": 398300000,
    "interestIncome": 0,
    "interestExpense": 5800000,
    "depreciationAndAmortization": 11200000,
    "ebitda": -40300000,
    "ebitdaratio": -0.1165413534,
    "operatingIncome": -52500000,
    "operatingIncomeRatio": -0.1518218623,
    "totalOtherIncomeExpensesNet": -4800000,
    "incomeBeforeTax": -63400000,
    "incomeBeforeTaxRatio": -0.1833429728,
    "incomeTaxExpense": 6800000,
    "netIncome": -70200000,
    "netIncomeRatio": -0.2030075188,
    "eps": -0.135,
    "epsdiluted": -0.135,
    "weightedAverageShsOut": 526800000,
    "weightedAverageShsOutDil": 526800000,
    "link": "https://www.sec.gov/Archives/edgar/data/1327567/000132756716000053/0001327567-16-000053-index.htm",
    "finalLink": "https://www.sec.gov/Archives/edgar/data/1327567/000132756716000053/panw-4302016x10qq316.htm"
  },
  {
    "date": "2016-01-31",
    "symbol": "PANW",
    "reportedCurrency": "USD",
    "cik": "0001327567",
    "fillingDate": "2016-02-26",
    "acceptedDate": "2016-02-25 21:22:52",
    "calendarYear": "2016",
    "period": "Q2",
    "revenue": 334700000,
    "costOfRevenue": 94200000,
    "grossProfit": 240500000,
    "grossProfitRatio": 0.7185539289,
    "researchAndDevelopmentExpenses": 74000000,
    "generalAndAdministrativeExpenses": 34200000,
    "sellingAndMarketingExpenses": 187600000,
    "sellingGeneralAndAdministrativeExpenses": 216600000,
    "otherExpenses": 0,
    "operatingExpenses": 290600000,
    "costAndExpenses": 384800000,
    "interestIncome": 0,
    "interestExpense": 5800000,
    "depreciationAndAmortization": 10300000,
    "ebitda": -37300000,
    "ebitdaratio": -0.1114430834,
    "operatingIncome": -50100000,
    "operatingIncomeRatio": -0.1496862862,
    "totalOtherIncomeExpensesNet": -3300000,
    "incomeBeforeTax": -58600000,
    "incomeBeforeTaxRatio": -0.1750821631,
    "incomeTaxExpense": 3900000,
    "netIncome": -62500000,
    "netIncomeRatio": -0.186734389,
    "eps": -0.12,
    "epsdiluted": -0.12,
    "weightedAverageShsOut": 519600000,
    "weightedAverageShsOutDil": 519600000,
    "link": "https://www.sec.gov/Archives/edgar/data/1327567/000132756716000048/0001327567-16-000048-index.htm",
    "finalLink": "https://www.sec.gov/Archives/edgar/data/1327567/000132756716000048/panw-1312016x10qq216.htm"
  },
  {
    "date": "2015-10-31",
    "symbol": "PANW",
    "reportedCurrency": "USD",
    "cik": "0001327567",
    "fillingDate": "2015-11-24",
    "acceptedDate": "2015-11-23 21:19:24",
    "calendarYear": "2016",
    "period": "Q1",
    "revenue": 297200000,
    "costOfRevenue": 79200000,
    "grossProfit": 218000000,
    "grossProfitRatio": 0.733512786,
    "researchAndDevelopmentExpenses": 59700000,
    "generalAndAdministrativeExpenses": 30800000,
    "sellingAndMarketingExpenses": 158300000,
    "sellingGeneralAndAdministrativeExpenses": 190300000,
    "otherExpenses": 0,
    "operatingExpenses": 250000000,
    "costAndExpenses": 329200000,
    "interestIncome": 0,
    "interestExpense": 5800000,
    "depreciationAndAmortization": 9200000,
    "ebitda": -20600000,
    "ebitdaratio": -0.0693135935,
    "operatingIncome": -32000000,
    "operatingIncomeRatio": -0.1076716016,
    "totalOtherIncomeExpensesNet": -4800000,
    "incomeBeforeTax": -34400000,
    "incomeBeforeTaxRatio": -0.1157469717,
    "incomeTaxExpense": 4300000,
    "netIncome": -38700000,
    "netIncomeRatio": -0.1302153432,
    "eps": -0.075,
    "epsdiluted": -0.075,
    "weightedAverageShsOut": 510600000,
    "weightedAverageShsOutDil": 510600000,
    "link": "https://www.sec.gov/Archives/edgar/data/1327567/000132756715000036/0001327567-15-000036-index.htm",
    "finalLink": "https://www.sec.gov/Archives/edgar/data/1327567/000132756715000036/panw-10312015x10qq116.htm"
  },
  {
    "date": "2015-07-31",
    "symbol": "PANW",
    "reportedCurrency": "USD",
    "cik": "0001327567",
    "fillingDate": "2015-09-17",
    "acceptedDate": "2015-09-17 16:58:53",
    "calendarYear": "2015",
    "period": "Q4",
    "revenue": 283879000,
    "costOfRevenue": 74318000,
    "grossProfit": 209561000,
    "grossProfitRatio": 0.7382053621,
    "researchAndDevelopmentExpenses": 53089000,
    "generalAndAdministrativeExpenses": 28576000,
    "sellingAndMarketingExpenses": 162429000,
    "sellingGeneralAndAdministrativeExpenses": 191005000,
    "otherExpenses": 0,
    "operatingExpenses": 244094000,
    "costAndExpenses": 318412000,
    "interestIncome": 0,
    "interestExpense": 5666000,
    "depreciationAndAmortization": 8608000,
    "ebitda": -26271000,
    "ebitdaratio": -0.0925429496,
    "operatingIncome": -34533000,
    "operatingIncomeRatio": -0.1216468989,
    "totalOtherIncomeExpensesNet": -6012000,
    "incomeBeforeTax": -40545000,
    "incomeBeforeTaxRatio": -0.142824936,
    "incomeTaxExpense": 5426000,
    "netIncome": -45971000,
    "netIncomeRatio": -0.1619387133,
    "eps": -0.09,
    "epsdiluted": -0.09,
    "weightedAverageShsOut": 503808000,
    "weightedAverageShsOutDil": 503808000,
    "link": "https://www.sec.gov/Archives/edgar/data/1327567/000132756715000027/0001327567-15-000027-index.htm",
    "finalLink": "https://www.sec.gov/Archives/edgar/data/1327567/000132756715000027/panw-7312015x10k.htm"
  },
  {
    "date": "2015-04-30",
    "symbol": "PANW",
    "reportedCurrency": "USD",
    "cik": "0001327567",
    "fillingDate": "2015-05-28",
    "acceptedDate": "2015-05-27 20:46:39",
    "calendarYear": "2015",
    "period": "Q3",
    "revenue": 234172000,
    "costOfRevenue": 64395000,
    "grossProfit": 169777000,
    "grossProfitRatio": 0.7250098218,
    "researchAndDevelopmentExpenses": 48486000,
    "generalAndAdministrativeExpenses": 27000000,
    "sellingAndMarketingExpenses": 131026000,
    "sellingGeneralAndAdministrativeExpenses": 158100000,
    "otherExpenses": 0,
    "operatingExpenses": 206500000,
    "costAndExpenses": 270900000,
    "interestIncome": 0,
    "interestExpense": 5631000,
    "depreciationAndAmortization": 7400000,
    "ebitda": -29300000,
    "ebitdaratio": -0.1251217054,
    "operatingIncome": -36700000,
    "operatingIncomeRatio": -0.1567224092,
    "totalOtherIncomeExpensesNet": -5710000,
    "incomeBeforeTax": -42410000,
    "incomeBeforeTaxRatio": -0.1811061954,
    "incomeTaxExpense": 3525000,
    "netIncome": -45935000,
    "netIncomeRatio": -0.1961592334,
    "eps": -0.095,
    "epsdiluted": -0.095,
    "weightedAverageShsOut": 493800000,
    "weightedAverageShsOutDil": 493800000,
    "link": "https://www.sec.gov/Archives/edgar/data/1327567/000132756715000018/0001327567-15-000018-index.htm",
    "finalLink": "https://www.sec.gov/Archives/edgar/data/1327567/000132756715000018/panw-04302015x10qq315.htm"
  },
  {
    "date": "2015-01-31",
    "symbol": "PANW",
    "reportedCurrency": "USD",
    "cik": "0001327567",
    "fillingDate": "2015-03-03",
    "acceptedDate": "2015-03-02 20:27:26",
    "calendarYear": "2015",
    "period": "Q2",
    "revenue": 217655000,
    "costOfRevenue": 59325000,
    "grossProfit": 158330000,
    "grossProfitRatio": 0.7274356206,
    "researchAndDevelopmentExpenses": 46948000,
    "generalAndAdministrativeExpenses": 27000000,
    "sellingAndMarketingExpenses": 122875000,
    "sellingGeneralAndAdministrativeExpenses": 149800000,
    "otherExpenses": 0,
    "operatingExpenses": 196800000,
    "costAndExpenses": 256200000,
    "interestIncome": 0,
    "interestExpense": 5539000,
    "depreciationAndAmortization": 6800000,
    "ebitda": -31400000,
    "ebitdaratio": -0.1442650065,
    "operatingIncome": -38500000,
    "operatingIncomeRatio": -0.176885438,
    "totalOtherIncomeExpensesNet": -5211000,
    "incomeBeforeTax": -43711000,
    "incomeBeforeTaxRatio": -0.2008269969,
    "incomeTaxExpense": -703000,
    "netIncome": -43008000,
    "netIncomeRatio": -0.1975971147,
    "eps": -0.09,
    "epsdiluted": -0.09,
    "weightedAverageShsOut": 484800000,
    "weightedAverageShsOutDil": 484800000,
    "link": "https://www.sec.gov/Archives/edgar/data/1327567/000132756715000008/0001327567-15-000008-index.htm",
    "finalLink": "https://www.sec.gov/Archives/edgar/data/1327567/000132756715000008/panw-01312015x10qq215.htm"
  },
  {
    "date": "2014-10-31",
    "symbol": "PANW",
    "reportedCurrency": "USD",
    "cik": "0001327567",
    "fillingDate": "2014-11-25",
    "acceptedDate": "2014-11-24 21:02:47",
    "calendarYear": "2015",
    "period": "Q1",
    "revenue": 192346000,
    "costOfRevenue": 53461000,
    "grossProfit": 138885000,
    "grossProfitRatio": 0.722058166,
    "researchAndDevelopmentExpenses": 37305000,
    "generalAndAdministrativeExpenses": 19000000,
    "sellingAndMarketingExpenses": 106366000,
    "sellingGeneralAndAdministrativeExpenses": 125400000,
    "otherExpenses": 0,
    "operatingExpenses": 162700000,
    "costAndExpenses": 216100000,
    "interestIncome": 0,
    "interestExpense": 5489000,
    "depreciationAndAmortization": 6100000,
    "ebitda": -17300000,
    "ebitdaratio": -0.0899420835,
    "operatingIncome": -23800000,
    "operatingIncomeRatio": -0.1237353519,
    "totalOtherIncomeExpensesNet": -5100000,
    "incomeBeforeTax": -28911000,
    "incomeBeforeTaxRatio": -0.1503072588,
    "incomeTaxExpense": 1157000,
    "netIncome": -30068000,
    "netIncomeRatio": -0.1563224606,
    "eps": -0.065,
    "epsdiluted": -0.065,
    "weightedAverageShsOut": 476400000,
    "weightedAverageShsOutDil": 476400000,
    "link": "https://www.sec.gov/Archives/edgar/data/1327567/000132756714000043/0001327567-14-000043-index.htm",
    "finalLink": "https://www.sec.gov/Archives/edgar/data/1327567/000132756714000043/panw-10312014x10qq115.htm"
  },
  {
    "date": "2014-07-31",
    "symbol": "PANW",
    "reportedCurrency": "USD",
    "cik": "0001327567",
    "fillingDate": "2014-09-18",
    "acceptedDate": "2014-09-18 17:05:16",
    "calendarYear": "2014",
    "period": "Q4",
    "revenue": 178231000,
    "costOfRevenue": 48607000,
    "grossProfit": 129624000,
    "grossProfitRatio": 0.7272808883,
    "researchAndDevelopmentExpenses": 32830000,
    "generalAndAdministrativeExpenses": 15574000,
    "sellingAndMarketingExpenses": 106668000,
    "sellingGeneralAndAdministrativeExpenses": 122242000,
    "otherExpenses": 0,
    "operatingExpenses": 155072000,
    "costAndExpenses": 203679000,
    "interestIncome": 0,
    "interestExpense": 0,
    "depreciationAndAmortization": 7781000,
    "ebitda": -163770000,
    "ebitdaratio": -0.9188637218,
    "operatingIncome": -25448000,
    "operatingIncomeRatio": -0.1427809977,
    "totalOtherIncomeExpensesNet": -7443000,
    "incomeBeforeTax": -32891000,
    "incomeBeforeTaxRatio": -0.1845414097,
    "incomeTaxExpense": -833000,
    "netIncome": -32058000,
    "netIncomeRatio": -0.1798676998,
    "eps": -0.07,
    "epsdiluted": -0.07,
    "weightedAverageShsOut": 466914000,
    "weightedAverageShsOutDil": 467154000,
    "link": "https://www.sec.gov/Archives/edgar/data/1327567/000132756714000028/0001327567-14-000028-index.htm",
    "finalLink": "https://www.sec.gov/Archives/edgar/data/1327567/000132756714000028/panw-7312014x10k.htm"
  },
  {
    "date": "2014-04-30",
    "symbol": "PANW",
    "reportedCurrency": "USD",
    "cik": "0001327567",
    "fillingDate": "2014-06-03",
    "acceptedDate": "2014-06-02 21:31:24",
    "calendarYear": "2014",
    "period": "Q3",
    "revenue": 150700000,
    "costOfRevenue": 39710000,
    "grossProfit": 110990000,
    "grossProfitRatio": 0.7364963504,
    "researchAndDevelopmentExpenses": 27837000,
    "generalAndAdministrativeExpenses": 23717000,
    "sellingAndMarketingExpenses": 83995000,
    "sellingGeneralAndAdministrativeExpenses": 107712000,
    "otherExpenses": 121173000,
    "operatingExpenses": 256722000,
    "costAndExpenses": 296432000,
    "interestIncome": 272000,
    "interestExpense": 120756000,
    "depreciationAndAmortization": 4556000,
    "ebitda": -140746000,
    "ebitdaratio": -0.9339482415,
    "operatingIncome": -145732000,
    "operatingIncomeRatio": -0.9670338421,
    "totalOtherIncomeExpensesNet": 417000,
    "incomeBeforeTax": -137843000,
    "incomeBeforeTaxRatio": -0.9146848042,
    "incomeTaxExpense": 1272000,
    "netIncome": -139115000,
    "netIncomeRatio": -0.9231254147,
    "eps": -0.31,
    "epsdiluted": -0.31,
    "weightedAverageShsOut": 449802000,
    "weightedAverageShsOutDil": 449802000,
    "link": "https://www.sec.gov/Archives/edgar/data/1327567/000132756714000013/0001327567-14-000013-index.htm",
    "finalLink": "https://www.sec.gov/Archives/edgar/data/1327567/000132756714000013/panw-4302014x10q.htm"
  },
  {
    "date": "2014-01-31",
    "symbol": "PANW",
    "reportedCurrency": "USD",
    "cik": "0001327567",
    "fillingDate": "2014-02-24",
    "acceptedDate": "2014-02-24 17:12:23",
    "calendarYear": "2014",
    "period": "Q2",
    "revenue": 141068000,
    "costOfRevenue": 37504000,
    "grossProfit": 103564000,
    "grossProfitRatio": 0.7341423994,
    "researchAndDevelopmentExpenses": 24253000,
    "generalAndAdministrativeExpenses": 19733000,
    "sellingAndMarketingExpenses": 76734000,
    "sellingGeneralAndAdministrativeExpenses": 96467000,
    "otherExpenses": 20000000,
    "operatingExpenses": 140720000,
    "costAndExpenses": 178224000,
    "interestIncome": 187000,
    "interestExpense": 184000,
    "depreciationAndAmortization": 3936000,
    "ebitda": -33390000,
    "ebitdaratio": -0.2366943602,
    "operatingIncome": -37156000,
    "operatingIncomeRatio": -0.2633907052,
    "totalOtherIncomeExpensesNet": -184000,
    "incomeBeforeTax": -37340000,
    "incomeBeforeTaxRatio": -0.2646950407,
    "incomeTaxExpense": 2606000,
    "netIncome": -39946000,
    "netIncomeRatio": -0.2831684011,
    "eps": -0.09,
    "epsdiluted": -0.09,
    "weightedAverageShsOut": 437124000,
    "weightedAverageShsOutDil": 437124000,
    "link": "https://www.sec.gov/Archives/edgar/data/1327567/000132756714000005/0001327567-14-000005-index.htm",
    "finalLink": "https://www.sec.gov/Archives/edgar/data/1327567/000132756714000005/panw-1312014x10q.htm"
  },
  {
    "date": "2013-10-31",
    "symbol": "PANW",
    "reportedCurrency": "USD",
    "cik": "0001327567",
    "fillingDate": "2013-12-05",
    "acceptedDate": "2013-12-04 21:36:03",
    "calendarYear": "2014",
    "period": "Q1",
    "revenue": 128180000,
    "costOfRevenue": 33807000,
    "grossProfit": 94373000,
    "grossProfitRatio": 0.7362537057,
    "researchAndDevelopmentExpenses": 19893000,
    "generalAndAdministrativeExpenses": 14125000,
    "sellingAndMarketingExpenses": 67366000,
    "sellingGeneralAndAdministrativeExpenses": 81491000,
    "otherExpenses": 0,
    "operatingExpenses": 101384000,
    "costAndExpenses": 135191000,
    "interestIncome": 160000,
    "interestExpense": 8000,
    "depreciationAndAmortization": 3146000,
    "ebitda": -3460000,
    "ebitdaratio": -0.0269932907,
    "operatingIncome": -7011000,
    "operatingIncomeRatio": -0.0546965205,
    "totalOtherIncomeExpensesNet": 397000,
    "incomeBeforeTax": -6614000,
    "incomeBeforeTaxRatio": -0.0515993135,
    "incomeTaxExpense": 1247000,
    "netIncome": -7861000,
    "netIncomeRatio": -0.0613278203,
    "eps": -0.0183,
    "epsdiluted": -0.0183,
    "weightedAverageShsOut": 430086000,
    "weightedAverageShsOutDil": 430086000,
    "link": "https://www.sec.gov/Archives/edgar/data/1327567/000132756713000036/0001327567-13-000036-index.htm",
    "finalLink": "https://www.sec.gov/Archives/edgar/data/1327567/000132756713000036/panw-10312013x10q.htm"
  },
  {
    "date": "2013-07-31",
    "symbol": "PANW",
    "reportedCurrency": "USD",
    "cik": "0001327567",
    "fillingDate": "2013-09-25",
    "acceptedDate": "2013-09-24 20:17:55",
    "calendarYear": "2013",
    "period": "Q4",
    "revenue": 112385000,
    "costOfRevenue": 30258000,
    "grossProfit": 82127000,
    "grossProfitRatio": 0.7307647818,
    "researchAndDevelopmentExpenses": 17627000,
    "generalAndAdministrativeExpenses": 11748000,
    "sellingAndMarketingExpenses": 59635000,
    "sellingGeneralAndAdministrativeExpenses": 71383000,
    "otherExpenses": 0,
    "operatingExpenses": 89010000,
    "costAndExpenses": 119268000,
    "interestIncome": 137000,
    "interestExpense": 0,
    "depreciationAndAmortization": 2671000,
    "ebitda": -4212000,
    "ebitdaratio": -0.0374783112,
    "operatingIncome": -6883000,
    "operatingIncomeRatio": -0.061244828,
    "totalOtherIncomeExpensesNet": 5000,
    "incomeBeforeTax": -6878000,
    "incomeBeforeTaxRatio": -0.0612003381,
    "incomeTaxExpense": 8958000,
    "netIncome": -15836000,
    "netIncomeRatio": -0.1409084842,
    "eps": -0.0373,
    "epsdiluted": -0.0372,
    "weightedAverageShsOut": 424728000,
    "weightedAverageShsOutDil": 425616000,
    "link": "https://www.sec.gov/Archives/edgar/data/1327567/000132756713000026/0001327567-13-000026-index.htm",
    "finalLink": "https://www.sec.gov/Archives/edgar/data/1327567/000132756713000026/panw-7312013x10k.htm"
  },
  {
    "date": "2013-04-30",
    "symbol": "PANW",
    "reportedCurrency": "USD",
    "cik": "0001327567",
    "fillingDate": "2013-06-04",
    "acceptedDate": "2013-06-03 21:40:46",
    "calendarYear": "2013",
    "period": "Q3",
    "revenue": 101289000,
    "costOfRevenue": 27690000,
    "grossProfit": 73599000,
    "grossProfitRatio": 0.726623819,
    "researchAndDevelopmentExpenses": 16048000,
    "generalAndAdministrativeExpenses": 12268000,
    "sellingAndMarketingExpenses": 51733000,
    "sellingGeneralAndAdministrativeExpenses": 64001000,
    "otherExpenses": 0,
    "operatingExpenses": 80049000,
    "costAndExpenses": 107739000,
    "interestIncome": 133000,
    "interestExpense": 24000,
    "depreciationAndAmortization": 2753000,
    "ebitda": -3697000,
    "ebitdaratio": -0.0364995212,
    "operatingIncome": -6450000,
    "operatingIncomeRatio": -0.0636791754,
    "totalOtherIncomeExpensesNet": -24000,
    "incomeBeforeTax": -6474000,
    "incomeBeforeTaxRatio": -0.0639161212,
    "incomeTaxExpense": 808000,
    "netIncome": -7282000,
    "netIncomeRatio": -0.0718932954,
    "eps": -0.01745,
    "epsdiluted": -0.01745,
    "weightedAverageShsOut": 417450000,
    "weightedAverageShsOutDil": 417450000,
    "link": "https://www.sec.gov/Archives/edgar/data/1327567/000132756713000016/0001327567-13-000016-index.htm",
    "finalLink": "https://www.sec.gov/Archives/edgar/data/1327567/000132756713000016/panw-4302013x10q.htm"
  },
  {
    "date": "2013-01-31",
    "symbol": "PANW",
    "reportedCurrency": "USD",
    "cik": "0001327567",
    "fillingDate": "2013-03-05",
    "acceptedDate": "2013-03-05 16:48:05",
    "calendarYear": "2013",
    "period": "Q2",
    "revenue": 96499000,
    "costOfRevenue": 27618000,
    "grossProfit": 68881000,
    "grossProfitRatio": 0.713800143,
    "researchAndDevelopmentExpenses": 15495000,
    "generalAndAdministrativeExpenses": 9747000,
    "sellingAndMarketingExpenses": 45796000,
    "sellingGeneralAndAdministrativeExpenses": 55543000,
    "otherExpenses": 0,
    "operatingExpenses": 71038000,
    "costAndExpenses": 98656000,
    "interestIncome": 116000,
    "interestExpense": 0,
    "depreciationAndAmortization": 2415000,
    "ebitda": 258000,
    "ebitdaratio": 0.0026736028,
    "operatingIncome": -2157000,
    "operatingIncomeRatio": -0.0223525632,
    "totalOtherIncomeExpensesNet": 56000,
    "incomeBeforeTax": -2101000,
    "incomeBeforeTaxRatio": -0.0217722463,
    "incomeTaxExpense": 512000,
    "netIncome": -2613000,
    "netIncomeRatio": -0.0270780008,
    "eps": -0.00645,
    "epsdiluted": -0.00645,
    "weightedAverageShsOut": 405906000,
    "weightedAverageShsOutDil": 405906000,
    "link": "https://www.sec.gov/Archives/edgar/data/1327567/000132756713000010/0001327567-13-000010-index.htm",
    "finalLink": "https://www.sec.gov/Archives/edgar/data/1327567/000132756713000010/panw-1312013x10q.htm"
  },
  {
    "date": "2012-10-31",
    "symbol": "PANW",
    "reportedCurrency": "USD",
    "cik": "0001327567",
    "fillingDate": "2012-12-10",
    "acceptedDate": "2012-12-10 17:24:47",
    "calendarYear": "2013",
    "period": "Q1",
    "revenue": 85934000,
    "costOfRevenue": 24190000,
    "grossProfit": 61744000,
    "grossProfitRatio": 0.7185048991,
    "researchAndDevelopmentExpenses": 13312000,
    "generalAndAdministrativeExpenses": 8956000,
    "sellingAndMarketingExpenses": 42607000,
    "sellingGeneralAndAdministrativeExpenses": 51563000,
    "otherExpenses": 0,
    "operatingExpenses": 64875000,
    "costAndExpenses": 89065000,
    "interestIncome": 98000,
    "interestExpense": 72000,
    "depreciationAndAmortization": 2053000,
    "ebitda": -1078000,
    "ebitdaratio": -0.0125445109,
    "operatingIncome": -3131000,
    "operatingIncomeRatio": -0.0364349384,
    "totalOtherIncomeExpensesNet": -72000,
    "incomeBeforeTax": -3203000,
    "incomeBeforeTaxRatio": -0.0372727907,
    "incomeTaxExpense": 312000,
    "netIncome": -3515000,
    "netIncomeRatio": -0.0409034841,
    "eps": -0.00875,
    "epsdiluted": -0.00875,
    "weightedAverageShsOut": 400878000,
    "weightedAverageShsOutDil": 400878000,
    "link": "https://www.sec.gov/Archives/edgar/data/1327567/000132756712000006/0001327567-12-000006-index.htm",
    "finalLink": "https://www.sec.gov/Archives/edgar/data/1327567/000132756712000006/panw-10312012x10q.htm"
  },
  {
    "date": "2012-07-31",
    "symbol": "PANW",
    "reportedCurrency": "USD",
    "cik": "0001327567",
    "fillingDate": "2012-10-04",
    "acceptedDate": "2012-10-04 17:04:11",
    "calendarYear": "2012",
    "period": "Q4",
    "revenue": 75642000,
    "costOfRevenue": 21567000,
    "grossProfit": 54075000,
    "grossProfitRatio": 0.7148806219,
    "researchAndDevelopmentExpenses": 11746000,
    "generalAndAdministrativeExpenses": 8852000,
    "sellingAndMarketingExpenses": 37721000,
    "sellingGeneralAndAdministrativeExpenses": 46573000,
    "otherExpenses": 0,
    "operatingExpenses": 58319000,
    "costAndExpenses": 79886000,
    "interestIncome": 11000,
    "interestExpense": 66000,
    "depreciationAndAmortization": 1941000,
    "ebitda": -2303000,
    "ebitdaratio": -0.0304460485,
    "operatingIncome": -4244000,
    "operatingIncomeRatio": -0.0561063959,
    "totalOtherIncomeExpensesNet": -66000,
    "incomeBeforeTax": -4310000,
    "incomeBeforeTaxRatio": -0.0569789271,
    "incomeTaxExpense": 289000,
    "netIncome": -4599000,
    "netIncomeRatio": -0.0607995558,
    "eps": -0.0115,
    "epsdiluted": -0.0115,
    "weightedAverageShsOut": 400243332,
    "weightedAverageShsOutDil": 400243332,
    "link": "https://www.sec.gov/Archives/edgar/data/1327567/000119312512415530/0001193125-12-415530-index.htm",
    "finalLink": "https://www.sec.gov/Archives/edgar/data/1327567/000119312512415530/d405168d10k.htm"
  },
  {
    "date": "2012-04-30",
    "symbol": "PANW",
    "reportedCurrency": "USD",
    "cik": "0001327567",
    "fillingDate": "2012-04-30",
    "acceptedDate": "2012-04-29 20:00:00",
    "calendarYear": "2012",
    "period": "Q3",
    "revenue": 65700000,
    "costOfRevenue": 18633000,
    "grossProfit": 47067000,
    "grossProfitRatio": 0.7163926941,
    "researchAndDevelopmentExpenses": 10462000,
    "generalAndAdministrativeExpenses": 6430000,
    "sellingAndMarketingExpenses": 30216000,
    "sellingGeneralAndAdministrativeExpenses": 36646000,
    "otherExpenses": 0,
    "operatingExpenses": 47108000,
    "costAndExpenses": 65741000,
    "interestIncome": 3000,
    "interestExpense": 0,
    "depreciationAndAmortization": 1719000,
    "ebitda": 1678000,
    "ebitdaratio": 0.0255403349,
    "operatingIncome": -41000,
    "operatingIncomeRatio": -0.0006240487,
    "totalOtherIncomeExpensesNet": 0,
    "incomeBeforeTax": -41000,
    "incomeBeforeTaxRatio": -0.0006240487,
    "incomeTaxExpense": -837000,
    "netIncome": 796000,
    "netIncomeRatio": 0.0121156773,
    "eps": 0.0001,
    "epsdiluted": 0.0001,
    "weightedAverageShsOut": 399608664,
    "weightedAverageShsOutDil": 399608664,
    "link": "",
    "finalLink": ""
  },
  {
    "date": "2012-01-31",
    "symbol": "PANW",
    "reportedCurrency": "USD",
    "cik": "0001327567",
    "fillingDate": "2012-01-31",
    "acceptedDate": "2012-01-30 19:00:00",
    "calendarYear": "2012",
    "period": "Q2",
    "revenue": 56683000,
    "costOfRevenue": 15513000,
    "grossProfit": 41170000,
    "grossProfitRatio": 0.7263200607,
    "researchAndDevelopmentExpenses": 8514000,
    "generalAndAdministrativeExpenses": 5768000,
    "sellingAndMarketingExpenses": 25612000,
    "sellingGeneralAndAdministrativeExpenses": 31380000,
    "otherExpenses": 0,
    "operatingExpenses": 39894000,
    "costAndExpenses": 55407000,
    "interestIncome": 2000,
    "interestExpense": 564000,
    "depreciationAndAmortization": 1324000,
    "ebitda": 2600000,
    "ebitdaratio": 0.0458691318,
    "operatingIncome": 1276000,
    "operatingIncomeRatio": 0.0225111585,
    "totalOtherIncomeExpensesNet": -564000,
    "incomeBeforeTax": 712000,
    "incomeBeforeTaxRatio": 0.0125610853,
    "incomeTaxExpense": 288000,
    "netIncome": 424000,
    "netIncomeRatio": 0.0074801969,
    "eps": 0.0011,
    "epsdiluted": 0.0011,
    "weightedAverageShsOut": 350526000,
    "weightedAverageShsOutDil": 385968000,
    "link": "",
    "finalLink": ""
  },
  {
    "date": "2011-10-31",
    "symbol": "PANW",
    "reportedCurrency": "USD",
    "cik": "0001327567",
    "fillingDate": "2011-10-31",
    "acceptedDate": "2011-10-30 20:00:00",
    "calendarYear": "2012",
    "period": "Q1",
    "revenue": 57113000,
    "costOfRevenue": 14840000,
    "grossProfit": 42273000,
    "grossProfitRatio": 0.7401642358,
    "researchAndDevelopmentExpenses": 7848000,
    "generalAndAdministrativeExpenses": 5157000,
    "sellingAndMarketingExpenses": 22368000,
    "sellingGeneralAndAdministrativeExpenses": 27525000,
    "otherExpenses": 0,
    "operatingExpenses": 35373000,
    "costAndExpenses": 50213000,
    "interestIncome": 2000,
    "interestExpense": 462000,
    "depreciationAndAmortization": 1150000,
    "ebitda": 8050000,
    "ebitdaratio": 0.1409486457,
    "operatingIncome": 6900000,
    "operatingIncomeRatio": 0.1208131249,
    "totalOtherIncomeExpensesNet": -462000,
    "incomeBeforeTax": 6438000,
    "incomeBeforeTaxRatio": 0.1127238982,
    "incomeTaxExpense": 2322000,
    "netIncome": 4116000,
    "netIncomeRatio": 0.0720676553,
    "eps": 0.0117,
    "epsdiluted": 0.0107,
    "weightedAverageShsOut": 350526000,
    "weightedAverageShsOutDil": 385968000,
    "link": "",
    "finalLink": ""
  },
  {
    "date": "2011-07-31",
    "symbol": "PANW",
    "reportedCurrency": "USD",
    "cik": "0001327567",
    "fillingDate": "2011-07-31",
    "acceptedDate": "2011-07-30 20:00:00",
    "calendarYear": "2011",
    "period": "Q4",
    "revenue": 40226000,
    "costOfRevenue": 11353000,
    "grossProfit": 28873000,
    "grossProfitRatio": 0.7177696018,
    "researchAndDevelopmentExpenses": 6929000,
    "generalAndAdministrativeExpenses": 3818000,
    "sellingAndMarketingExpenses": 23507000,
    "sellingGeneralAndAdministrativeExpenses": 27325000,
    "otherExpenses": 0,
    "operatingExpenses": 34254000,
    "costAndExpenses": 45607000,
    "interestIncome": 0,
    "interestExpense": 456000,
    "depreciationAndAmortization": 1058000,
    "ebitda": -4323000,
    "ebitdaratio": -0.1074678069,
    "operatingIncome": -5381000,
    "operatingIncomeRatio": -0.133769204,
    "totalOtherIncomeExpensesNet": -456000,
    "incomeBeforeTax": -5837000,
    "incomeBeforeTaxRatio": -0.1451051559,
    "incomeTaxExpense": 143000,
    "netIncome": -5980000,
    "netIncomeRatio": -0.1486600706,
    "eps": -0.0171,
    "epsdiluted": -0.0155,
    "weightedAverageShsOut": 350526000,
    "weightedAverageShsOutDil": 385968000,
    "link": "",
    "finalLink": ""
  },
  {
    "date": "2011-04-30",
    "symbol": "PANW",
    "reportedCurrency": "USD",
    "cik": "0001327567",
    "fillingDate": "2011-04-30",
    "acceptedDate": "2011-04-29 20:00:00",
    "calendarYear": "2011",
    "period": "Q3",
    "revenue": 31159000,
    "costOfRevenue": 8270000,
    "grossProfit": 22889000,
    "grossProfitRatio": 0.7345871177,
    "researchAndDevelopmentExpenses": 5401000,
    "generalAndAdministrativeExpenses": 4499000,
    "sellingAndMarketingExpenses": 15018000,
    "sellingGeneralAndAdministrativeExpenses": 19517000,
    "otherExpenses": 0,
    "operatingExpenses": 24918000,
    "costAndExpenses": 33188000,
    "interestIncome": 1000,
    "interestExpense": 591000,
    "depreciationAndAmortization": 444000,
    "ebitda": -1585000,
    "ebitdaratio": -0.050868128,
    "operatingIncome": -2029000,
    "operatingIncomeRatio": -0.0651176225,
    "totalOtherIncomeExpensesNet": -591000,
    "incomeBeforeTax": -2620000,
    "incomeBeforeTaxRatio": -0.0840848551,
    "incomeTaxExpense": 87000,
    "netIncome": -2707000,
    "netIncomeRatio": -0.0868769858,
    "eps": -0.0079,
    "epsdiluted": -0.0075,
    "weightedAverageShsOut": 341118000,
    "weightedAverageShsOutDil": 358839000,
    "link": "",
    "finalLink": ""
  }
]