[
  {
    "date": "2025-07-31",
    "symbol": "PANW",
    "reportedCurrency": "USD",
    "cik": "0001327567",
    "fillingDate": "2025-08-29",
    "acceptedDate": "2025-08-29 16:05:40",
    "calendarYear": "2025",
    "period": "FY",
    "revenue": 9221500000,
    "costOfRevenue": 2451600000,
    "grossProfit": 6769900000,
    "grossProfitRatio": 0.7341430353,
    "researchAndDevelopmentExpenses": 1984100000,
    "generalAndAdministrativeExpenses": 442700000,
    "sellingAndMarketingExpenses": 3100200000,
    "sellingGeneralAndAdministrativeExpenses": 3542900000,
    "otherExpenses": 0,
    "operatingExpenses": 5527000000,
    "costAndExpenses": 7978600000,
    "interestIncome": 363500000,
    "interestExpense": 3000000,
    "depreciationAndAmortization": 343400000,
    "ebitda": 1941000000,
    "ebitdaratio": 0.2104863634,
    "operatingIncome": 1242900000,
    "operatingIncomeRatio": 0.1347828444,
    "totalOtherIncomeExpensesNet": 352800000,
    "incomeBeforeTax": 1595700000,
    "incomeBeforeTaxRatio": 0.1730412623,
    "incomeTaxExpense": 461800000,
    "netIncome": 1133900000,
    "netIncomeRatio": 0.1229626417,
    "eps": 1.71,
    "epsdiluted": 1.6,
    "weightedAverageShsOut": 662500000,
    "weightedAverageShsOutDil": 709300000,
    "link": "https://www.sec.gov/Archives/edgar/data/1327567/000132756725000027/0001327567-25-000027-index.htm",
    "finalLink": "https://www.sec.gov/Archives/edgar/data/1327567/000132756725000027/panw-20250731.htm"
  },
  {
    "date": "2024-07-31",
    "symbol": "PANW",
    "reportedCurrency": "USD",
    "cik": "0001327567",
    "fillingDate": "2024-09-06",
    "acceptedDate": "2024-09-06 16:14:01",
    "calendarYear": "2024",
    "period": "FY",
    "revenue": 8027500000,
    "costOfRevenue": 2059200000,
    "grossProfit": 5968300000,
    "grossProfitRatio": 0.7434817814,
    "researchAndDevelopmentExpenses": 1809400000,
    "generalAndAdministrativeExpenses": 680500000,
    "sellingAndMarketingExpenses": 2794500000,
    "sellingGeneralAndAdministrativeExpenses": 3475000000,
    "otherExpenses": 0,
    "operatingExpenses": 5284400000,
    "costAndExpenses": 7343600000,
    "interestIncome": 317900000,
    "interestExpense": 8300000,
    "depreciationAndAmortization": 283300000,
    "ebitda": 1276400000,
    "ebitdaratio": 0.1590034257,
    "operatingIncome": 683900000,
    "operatingIncomeRatio": 0.0851946434,
    "totalOtherIncomeExpensesNet": 304400000,
    "incomeBeforeTax": 988300000,
    "incomeBeforeTaxRatio": 0.1231142946,
    "incomeTaxExpense": -1589300000,
    "netIncome": 2577600000,
    "netIncomeRatio": 0.3210962317,
    "eps": 4.04,
    "epsdiluted": 3.64,
    "weightedAverageShsOut": 638400000,
    "weightedAverageShsOutDil": 708000000,
    "link": "https://www.sec.gov/Archives/edgar/data/1327567/000132756724000029/0001327567-24-000029-index.htm",
    "finalLink": "https://www.sec.gov/Archives/edgar/data/1327567/000132756724000029/panw-20240731.htm"
  },
  {
    "date": "2023-07-31",
    "symbol": "PANW",
    "reportedCurrency": "USD",
    "cik": "0001327567",
    "fillingDate": "2023-09-01",
    "acceptedDate": "2023-09-01 16:15:43",
    "calendarYear": "2023",
    "period": "FY",
    "revenue": 6892700000,
    "costOfRevenue": 1909700000,
    "grossProfit": 4983000000,
    "grossProfitRatio": 0.7229387613,
    "researchAndDevelopmentExpenses": 1604000000,
    "generalAndAdministrativeExpenses": 447700000,
    "sellingAndMarketingExpenses": 2544000000,
    "sellingGeneralAndAdministrativeExpenses": 2991700000,
    "otherExpenses": 0,
    "operatingExpenses": 4595700000,
    "costAndExpenses": 6505400000,
    "interestIncome": 224400000,
    "interestExpense": 27200000,
    "depreciationAndAmortization": 282200000,
    "ebitda": 869000000,
    "ebitdaratio": 0.1260754131,
    "operatingIncome": 387300000,
    "operatingIncomeRatio": 0.056189882,
    "totalOtherIncomeExpensesNet": 179000000,
    "incomeBeforeTax": 566300000,
    "incomeBeforeTaxRatio": 0.082159386,
    "incomeTaxExpense": 126600000,
    "netIncome": 439700000,
    "netIncomeRatio": 0.0637921279,
    "eps": 0.73,
    "epsdiluted": 0.64,
    "weightedAverageShsOut": 606400000,
    "weightedAverageShsOutDil": 684600000,
    "link": "https://www.sec.gov/Archives/edgar/data/1327567/000132756723000024/0001327567-23-000024-index.htm",
    "finalLink": "https://www.sec.gov/Archives/edgar/data/1327567/000132756723000024/panw-20230731.htm"
  },
  {
    "date": "2022-07-31",
    "symbol": "PANW",
    "reportedCurrency": "USD",
    "cik": "0001327567",
    "fillingDate": "2022-09-06",
    "acceptedDate": "2022-09-06 16:07:52",
    "calendarYear": "2022",
    "period": "FY",
    "revenue": 5501500000,
    "costOfRevenue": 1718700000,
    "grossProfit": 3782800000,
    "grossProfitRatio": 0.6875942925,
    "researchAndDevelopmentExpenses": 1417700000,
    "generalAndAdministrativeExpenses": 405000000,
    "sellingAndMarketingExpenses": 2148900000,
    "sellingGeneralAndAdministrativeExpenses": 2553900000,
    "otherExpenses": 0,
    "operatingExpenses": 3971600000,
    "costAndExpenses": 5690300000,
    "interestIncome": 15600000,
    "interestExpense": 27400000,
    "depreciationAndAmortization": 282600000,
    "ebitda": 95600000,
    "ebitdaratio": 0.017377079,
    "operatingIncome": -188800000,
    "operatingIncomeRatio": -0.0343179133,
    "totalOtherIncomeExpensesNet": -18400000,
    "incomeBeforeTax": -207200000,
    "incomeBeforeTaxRatio": -0.0376624557,
    "incomeTaxExpense": 59800000,
    "netIncome": -267000000,
    "netIncomeRatio": -0.0485322185,
    "eps": -0.45,
    "epsdiluted": -0.45,
    "weightedAverageShsOut": 590999988,
    "weightedAverageShsOutDil": 590999988,
    "link": "https://www.sec.gov/Archives/edgar/data/1327567/000132756722000028/0001327567-22-000028-index.htm",
    "finalLink": "https://www.sec.gov/Archives/edgar/data/1327567/000132756722000028/panw-20220731.htm"
  },
  {
    "date": "2021-07-31",
    "symbol": "PANW",
    "reportedCurrency": "USD",
    "cik": "0001327567",
    "fillingDate": "2021-09-03",
    "acceptedDate": "2021-09-03 16:42:39",
    "calendarYear": "2021",
    "period": "FY",
    "revenue": 4256100000,
    "costOfRevenue": 1274900000,
    "grossProfit": 2981200000,
    "grossProfitRatio": 0.7004534668,
    "researchAndDevelopmentExpenses": 1140400000,
    "generalAndAdministrativeExpenses": 391100000,
    "sellingAndMarketingExpenses": 1753800000,
    "sellingGeneralAndAdministrativeExpenses": 2144900000,
    "otherExpenses": 0,
    "operatingExpenses": 3285300000,
    "costAndExpenses": 4560200000,
    "interestIncome": 8500000,
    "interestExpense": 163300000,
    "depreciationAndAmortization": 260400000,
    "ebitda": -46600000,
    "ebitdaratio": -0.0109489909,
    "operatingIncome": -304100000,
    "operatingIncomeRatio": -0.0714503889,
    "totalOtherIncomeExpensesNet": -160900000,
    "incomeBeforeTax": -465000000,
    "incomeBeforeTaxRatio": -0.1092549517,
    "incomeTaxExpense": 33900000,
    "netIncome": -498900000,
    "netIncomeRatio": -0.1172199901,
    "eps": -0.86,
    "epsdiluted": -0.86,
    "weightedAverageShsOut": 578399988,
    "weightedAverageShsOutDil": 578399988,
    "link": "https://www.sec.gov/Archives/edgar/data/1327567/000132756721000029/0001327567-21-000029-index.htm",
    "finalLink": "https://www.sec.gov/Archives/edgar/data/1327567/000132756721000029/panw-20210731.htm"
  },
  {
    "date": "2020-07-31",
    "symbol": "PANW",
    "reportedCurrency": "USD",
    "cik": "0001327567",
    "fillingDate": "2020-09-04",
    "acceptedDate": "2020-09-04 16:27:32",
    "calendarYear": "2020",
    "period": "FY",
    "revenue": 3408400000,
    "costOfRevenue": 999500000,
    "grossProfit": 2408900000,
    "grossProfitRatio": 0.7067539021,
    "researchAndDevelopmentExpenses": 768100000,
    "generalAndAdministrativeExpenses": 299600000,
    "sellingAndMarketingExpenses": 1520200000,
    "sellingGeneralAndAdministrativeExpenses": 1819800000,
    "otherExpenses": 0,
    "operatingExpenses": 2587900000,
    "costAndExpenses": 3587400000,
    "interestIncome": 41400000,
    "interestExpense": 88700000,
    "depreciationAndAmortization": 206100000,
    "ebitda": 59500000,
    "ebitdaratio": 0.0174568713,
    "operatingIncome": -179000000,
    "operatingIncomeRatio": -0.0525173102,
    "totalOtherIncomeExpensesNet": -52800000,
    "incomeBeforeTax": -231800000,
    "incomeBeforeTaxRatio": -0.0680084497,
    "incomeTaxExpense": 35200000,
    "netIncome": -267000000,
    "netIncomeRatio": -0.0783358761,
    "eps": -0.46,
    "epsdiluted": -0.46,
    "weightedAverageShsOut": 581399988,
    "weightedAverageShsOutDil": 581399988,
    "link": "https://www.sec.gov/Archives/edgar/data/1327567/000132756720000032/0001327567-20-000032-index.htm",
    "finalLink": "https://www.sec.gov/Archives/edgar/data/1327567/000132756720000032/panw-20200731.htm"
  },
  {
    "date": "2019-07-31",
    "symbol": "PANW",
    "reportedCurrency": "USD",
    "cik": "0001327567",
    "fillingDate": "2019-09-09",
    "acceptedDate": "2019-09-09 17:23:18",
    "calendarYear": "2019",
    "period": "FY",
    "revenue": 2899600000,
    "costOfRevenue": 808400000,
    "grossProfit": 2091200000,
    "grossProfitRatio": 0.7212029245,
    "researchAndDevelopmentExpenses": 539500000,
    "generalAndAdministrativeExpenses": 261800000,
    "sellingAndMarketingExpenses": 1344000000,
    "sellingGeneralAndAdministrativeExpenses": 1605800000,
    "otherExpenses": 0,
    "operatingExpenses": 2145300000,
    "costAndExpenses": 2953700000,
    "interestIncome": 69800000,
    "interestExpense": 83900000,
    "depreciationAndAmortization": 153800000,
    "ebitda": 163100000,
    "ebitdaratio": 0.0562491378,
    "operatingIncome": -54100000,
    "operatingIncomeRatio": -0.0186577459,
    "totalOtherIncomeExpensesNet": -20500000,
    "incomeBeforeTax": -74600000,
    "incomeBeforeTaxRatio": -0.0257276866,
    "incomeTaxExpense": 7300000,
    "netIncome": -81900000,
    "netIncomeRatio": -0.0282452752,
    "eps": -0.145,
    "epsdiluted": -0.145,
    "weightedAverageShsOut": 566999988,
    "weightedAverageShsOutDil": 566999988,
    "link": "https://www.sec.gov/Archives/edgar/data/1327567/000132756719000032/0001327567-19-000032-index.htm",
    "finalLink": "https://www.sec.gov/Archives/edgar/data/1327567/000132756719000032/panw-7312019x10k.htm"
  },
  {
    "date": "2018-07-31",
    "symbol": "PANW",
    "reportedCurrency": "USD",
    "cik": "0001327567",
    "fillingDate": "2018-09-13",
    "acceptedDate": "2018-09-13 16:30:18",
    "calendarYear": "2018",
    "period": "FY",
    "revenue": 2273100000,
    "costOfRevenue": 645300000,
    "grossProfit": 1627800000,
    "grossProfitRatio": 0.7161145572,
    "researchAndDevelopmentExpenses": 400700000,
    "generalAndAdministrativeExpenses": 257800000,
    "sellingAndMarketingExpenses": 1098400000,
    "sellingGeneralAndAdministrativeExpenses": 1332000000,
    "otherExpenses": 0,
    "operatingExpenses": 1732700000,
    "costAndExpenses": 2377800000,
    "interestIncome": 27100000,
    "interestExpense": 29600000,
    "depreciationAndAmortization": 96400000,
    "ebitda": 20700000,
    "ebitdaratio": 0.0091065065,
    "operatingIncome": -104200000,
    "operatingIncomeRatio": -0.0458404822,
    "totalOtherIncomeExpensesNet": -1100000,
    "incomeBeforeTax": -130200000,
    "incomeBeforeTaxRatio": -0.0572786063,
    "incomeTaxExpense": 17700000,
    "netIncome": -147900000,
    "netIncomeRatio": -0.0650653293,
    "eps": -0.27,
    "epsdiluted": -0.27,
    "weightedAverageShsOut": 550199988,
    "weightedAverageShsOutDil": 550200000,
    "link": "https://www.sec.gov/Archives/edgar/data/1327567/000132756718000024/0001327567-18-000024-index.htm",
    "finalLink": "https://www.sec.gov/Archives/edgar/data/1327567/000132756718000024/panw-7312018x10k.htm"
  },
  {
    "date": "2017-07-31",
    "symbol": "PANW",
    "reportedCurrency": "USD",
    "cik": "0001327567",
    "fillingDate": "2017-09-07",
    "acceptedDate": "2017-09-07 17:19:13",
    "calendarYear": "2017",
    "period": "FY",
    "revenue": 1761600000,
    "costOfRevenue": 476600000,
    "grossProfit": 1285000000,
    "grossProfitRatio": 0.7294504995,
    "researchAndDevelopmentExpenses": 347400000,
    "generalAndAdministrativeExpenses": 198300000,
    "sellingAndMarketingExpenses": 919100000,
    "sellingGeneralAndAdministrativeExpenses": 1097100000,
    "otherExpenses": 0,
    "operatingExpenses": 1444500000,
    "costAndExpenses": 1920900000,
    "interestIncome": 14700000,
    "interestExpense": 24500000,
    "depreciationAndAmortization": 59800000,
    "ebitda": -95800000,
    "ebitdaratio": -0.0543823797,
    "operatingIncome": -165800000,
    "operatingIncomeRatio": -0.0941189827,
    "totalOtherIncomeExpensesNet": -28300000,
    "incomeBeforeTax": -194100000,
    "incomeBeforeTaxRatio": -0.1101839237,
    "incomeTaxExpense": 22500000,
    "netIncome": -216600000,
    "netIncomeRatio": -0.1229564033,
    "eps": -0.4,
    "epsdiluted": -0.4,
    "weightedAverageShsOut": 543599988,
    "weightedAverageShsOutDil": 543600000,
    "link": "https://www.sec.gov/Archives/edgar/data/1327567/000132756717000027/0001327567-17-000027-index.htm",
    "finalLink": "https://www.sec.gov/Archives/edgar/data/1327567/000132756717000027/panw-7312017x10k.htm"
  },
  {
    "date": "2016-07-31",
    "symbol": "PANW",
    "reportedCurrency": "USD",
    "cik": "0001327567",
    "fillingDate": "2016-09-08",
    "acceptedDate": "2016-09-08 17:10:31",
    "calendarYear": "2016",
    "period": "FY",
    "revenue": 1378500000,
    "costOfRevenue": 370000000,
    "grossProfit": 1008500000,
    "grossProfitRatio": 0.7315923105,
    "researchAndDevelopmentExpenses": 284200000,
    "generalAndAdministrativeExpenses": 138400000,
    "sellingAndMarketingExpenses": 776000000,
    "sellingGeneralAndAdministrativeExpenses": 881600000,
    "otherExpenses": 0,
    "operatingExpenses": 1165800000,
    "costAndExpenses": 1535800000,
    "interestIncome": 8800000,
    "interestExpense": 23400000,
    "depreciationAndAmortization": 42800000,
    "ebitda": -106100000,
    "ebitdaratio": -0.0769677185,
    "operatingIncome": -157300000,
    "operatingIncomeRatio": -0.1141095394,
    "totalOtherIncomeExpensesNet": -15000000,
    "incomeBeforeTax": -205100000,
    "incomeBeforeTaxRatio": -0.1487849111,
    "incomeTaxExpense": 20800000,
    "netIncome": -225900000,
    "netIncomeRatio": -0.1638737758,
    "eps": -0.43,
    "epsdiluted": -0.43,
    "weightedAverageShsOut": 522599988,
    "weightedAverageShsOutDil": 522600000,
    "link": "https://www.sec.gov/Archives/edgar/data/1327567/000132756716000064/0001327567-16-000064-index.htm",
    "finalLink": "https://www.sec.gov/Archives/edgar/data/1327567/000132756716000064/panw-7312016x10k.htm"
  },
  {
    "date": "2015-07-31",
    "symbol": "PANW",
    "reportedCurrency": "USD",
    "cik": "0001327567",
    "fillingDate": "2015-09-17",
    "acceptedDate": "2015-09-17 16:58:53",
    "calendarYear": "2015",
    "period": "FY",
    "revenue": 928052000,
    "costOfRevenue": 251499000,
    "grossProfit": 676553000,
    "grossProfitRatio": 0.7290033317,
    "researchAndDevelopmentExpenses": 185828000,
    "generalAndAdministrativeExpenses": 101600000,
    "sellingAndMarketingExpenses": 522696000,
    "sellingGeneralAndAdministrativeExpenses": 590600000,
    "otherExpenses": 0,
    "operatingExpenses": 776400000,
    "costAndExpenses": 1027900000,
    "interestIncome": 3900000,
    "interestExpense": 22325000,
    "depreciationAndAmortization": 28900000,
    "ebitda": -70700000,
    "ebitdaratio": -0.0761810761,
    "operatingIncome": -99800000,
    "operatingIncomeRatio": -0.1075370777,
    "totalOtherIncomeExpensesNet": -22041000,
    "incomeBeforeTax": -155577000,
    "incomeBeforeTaxRatio": -0.1676382358,
    "incomeTaxExpense": 9405000,
    "netIncome": -164982000,
    "netIncomeRatio": -0.1777723662,
    "eps": -0.335,
    "epsdiluted": -0.335,
    "weightedAverageShsOut": 489600000,
    "weightedAverageShsOutDil": 489600000,
    "link": "https://www.sec.gov/Archives/edgar/data/1327567/000132756715000027/0001327567-15-000027-index.htm",
    "finalLink": "https://www.sec.gov/Archives/edgar/data/1327567/000132756715000027/panw-7312015x10k.htm"
  },
  {
    "date": "2014-07-31",
    "symbol": "PANW",
    "reportedCurrency": "USD",
    "cik": "0001327567",
    "fillingDate": "2014-09-18",
    "acceptedDate": "2014-09-18 17:05:16",
    "calendarYear": "2014",
    "period": "FY",
    "revenue": 598179000,
    "costOfRevenue": 159628000,
    "grossProfit": 438551000,
    "grossProfitRatio": 0.7331434236,
    "researchAndDevelopmentExpenses": 104813000,
    "generalAndAdministrativeExpenses": 73100000,
    "sellingAndMarketingExpenses": 334763000,
    "sellingGeneralAndAdministrativeExpenses": 407900000,
    "otherExpenses": 141200000,
    "operatingExpenses": 653900000,
    "costAndExpenses": 813500000,
    "interestIncome": 0,
    "interestExpense": 1883000,
    "depreciationAndAmortization": 19400000,
    "ebitda": -200900000,
    "ebitdaratio": -0.3358526461,
    "operatingIncome": -215300000,
    "operatingIncomeRatio": -0.3599257079,
    "totalOtherIncomeExpensesNet": -6860000,
    "incomeBeforeTax": -222160000,
    "incomeBeforeTaxRatio": -0.371393847,
    "incomeTaxExpense": 4292000,
    "netIncome": -226452000,
    "netIncomeRatio": -0.3785689568,
    "eps": -0.51,
    "epsdiluted": -0.51,
    "weightedAverageShsOut": 445800000,
    "weightedAverageShsOutDil": 445800000,
    "link": "https://www.sec.gov/Archives/edgar/data/1327567/000132756714000028/0001327567-14-000028-index.htm",
    "finalLink": "https://www.sec.gov/Archives/edgar/data/1327567/000132756714000028/panw-7312014x10k.htm"
  },
  {
    "date": "2013-07-31",
    "symbol": "PANW",
    "reportedCurrency": "USD",
    "cik": "0001327567",
    "fillingDate": "2013-09-25",
    "acceptedDate": "2013-09-24 20:17:55",
    "calendarYear": "2013",
    "period": "FY",
    "revenue": 396107000,
    "costOfRevenue": 109756000,
    "grossProfit": 286351000,
    "grossProfitRatio": 0.7229132532,
    "researchAndDevelopmentExpenses": 62482000,
    "generalAndAdministrativeExpenses": 42719000,
    "sellingAndMarketingExpenses": 199771000,
    "sellingGeneralAndAdministrativeExpenses": 242490000,
    "otherExpenses": 0,
    "operatingExpenses": 304972000,
    "costAndExpenses": 414728000,
    "interestIncome": 484000,
    "interestExpense": 35000,
    "depreciationAndAmortization": 9892000,
    "ebitda": -8690000,
    "ebitdaratio": -0.0219385166,
    "operatingIncome": -18621000,
    "operatingIncomeRatio": -0.0470100251,
    "totalOtherIncomeExpensesNet": -35000,
    "incomeBeforeTax": -18656000,
    "incomeBeforeTaxRatio": -0.047098385,
    "incomeTaxExpense": 10590000,
    "netIncome": -29246000,
    "netIncomeRatio": -0.0738335854,
    "eps": -0.07,
    "epsdiluted": -0.07,
    "weightedAverageShsOut": 412092000,
    "weightedAverageShsOutDil": 412092000,
    "link": "https://www.sec.gov/Archives/edgar/data/1327567/000132756713000026/0001327567-13-000026-index.htm",
    "finalLink": "https://www.sec.gov/Archives/edgar/data/1327567/000132756713000026/panw-7312013x10k.htm"
  },
  {
    "date": "2012-07-31",
    "symbol": "PANW",
    "reportedCurrency": "USD",
    "cik": "0001327567",
    "fillingDate": "2012-10-04",
    "acceptedDate": "2012-10-04 17:04:11",
    "calendarYear": "2012",
    "period": "FY",
    "revenue": 255138000,
    "costOfRevenue": 70553000,
    "grossProfit": 184585000,
    "grossProfitRatio": 0.7234712195,
    "researchAndDevelopmentExpenses": 38570000,
    "generalAndAdministrativeExpenses": 26207000,
    "sellingAndMarketingExpenses": 115917000,
    "sellingGeneralAndAdministrativeExpenses": 142124000,
    "otherExpenses": 0,
    "operatingExpenses": 180694000,
    "costAndExpenses": 251247000,
    "interestIncome": 18000,
    "interestExpense": 2202000,
    "depreciationAndAmortization": 6134000,
    "ebitda": 8969000,
    "ebitdaratio": 0.0351535248,
    "operatingIncome": 3891000,
    "operatingIncomeRatio": 0.0152505703,
    "totalOtherIncomeExpensesNet": -1092000,
    "incomeBeforeTax": 2799000,
    "incomeBeforeTaxRatio": 0.0109705336,
    "incomeTaxExpense": 2062000,
    "netIncome": 737000,
    "netIncomeRatio": 0.0028886328,
    "eps": 0.0018,
    "epsdiluted": 0.0018,
    "weightedAverageShsOut": 400243332,
    "weightedAverageShsOutDil": 400243332,
    "link": "https://www.sec.gov/Archives/edgar/data/1327567/000119312512415530/0001193125-12-415530-index.htm",
    "finalLink": "https://www.sec.gov/Archives/edgar/data/1327567/000119312512415530/d405168d10k.htm"
  },
  {
    "date": "2011-07-31",
    "symbol": "PANW",
    "reportedCurrency": "USD",
    "cik": "0001327567",
    "fillingDate": "2011-07-31",
    "acceptedDate": "2011-07-30 20:00:00",
    "calendarYear": "2011",
    "period": "FY",
    "revenue": 118597000,
    "costOfRevenue": 32273000,
    "grossProfit": 86324000,
    "grossProfitRatio": 0.7278767591,
    "researchAndDevelopmentExpenses": 21366000,
    "generalAndAdministrativeExpenses": 13108000,
    "sellingAndMarketingExpenses": 62254000,
    "sellingGeneralAndAdministrativeExpenses": 75362000,
    "otherExpenses": 0,
    "operatingExpenses": 96728000,
    "costAndExpenses": 129001000,
    "interestIncome": 3000,
    "interestExpense": 1648000,
    "depreciationAndAmortization": 2189000,
    "ebitda": -8215000,
    "ebitdaratio": -0.069268194,
    "operatingIncome": -10404000,
    "operatingIncomeRatio": -0.0877256592,
    "totalOtherIncomeExpensesNet": -1648000,
    "incomeBeforeTax": -12052000,
    "incomeBeforeTaxRatio": -0.1016214575,
    "incomeTaxExpense": 476000,
    "netIncome": -12528000,
    "netIncomeRatio": -0.1056350498,
    "eps": -0.03575,
    "epsdiluted": -0.03245,
    "weightedAverageShsOut": 350526000,
    "weightedAverageShsOutDil": 385968000,
    "link": "",
    "finalLink": ""
  },
  {
    "date": "2010-07-31",
    "symbol": "PANW",
    "reportedCurrency": "USD",
    "cik": "0001327567",
    "fillingDate": "2010-07-31",
    "acceptedDate": "2010-07-30 20:00:00",
    "calendarYear": "2010",
    "period": "FY",
    "revenue": 48782000,
    "costOfRevenue": 15634000,
    "grossProfit": 33148000,
    "grossProfitRatio": 0.6795129351,
    "researchAndDevelopmentExpenses": 12788000,
    "generalAndAdministrativeExpenses": 11291000,
    "sellingAndMarketingExpenses": 29726000,
    "sellingGeneralAndAdministrativeExpenses": 41017000,
    "otherExpenses": 0,
    "operatingExpenses": 53805000,
    "costAndExpenses": 69439000,
    "interestIncome": 4000,
    "interestExpense": 420000,
    "depreciationAndAmortization": 1123000,
    "ebitda": -19534000,
    "ebitdaratio": -0.4004345865,
    "operatingIncome": -20657000,
    "operatingIncomeRatio": -0.4234553729,
    "totalOtherIncomeExpensesNet": -420000,
    "incomeBeforeTax": -21077000,
    "incomeBeforeTaxRatio": -0.432065106,
    "incomeTaxExpense": 56000,
    "netIncome": -21133000,
    "netIncomeRatio": -0.4332130704,
    "eps": -0.065,
    "epsdiluted": -0.065,
    "weightedAverageShsOut": 331710000,
    "weightedAverageShsOutDil": 331710000,
    "link": "",
    "finalLink": ""
  },
  {
    "date": "2009-07-31",
    "symbol": "PANW",
    "reportedCurrency": "USD",
    "cik": "0001327567",
    "fillingDate": "2009-07-31",
    "acceptedDate": "2009-07-30 20:00:00",
    "calendarYear": "2009",
    "period": "FY",
    "revenue": 13352000,
    "costOfRevenue": 6276000,
    "grossProfit": 7076000,
    "grossProfitRatio": 0.5299580587,
    "researchAndDevelopmentExpenses": 8208000,
    "generalAndAdministrativeExpenses": 2536000,
    "sellingAndMarketingExpenses": 15372000,
    "sellingGeneralAndAdministrativeExpenses": 17908000,
    "otherExpenses": 0,
    "operatingExpenses": 26116000,
    "costAndExpenses": 32392000,
    "interestIncome": 52000,
    "interestExpense": 0,
    "depreciationAndAmortization": 1180000,
    "ebitda": -17860000,
    "ebitdaratio": -1.3376273217,
    "operatingIncome": -19040000,
    "operatingIncomeRatio": -1.426003595,
    "totalOtherIncomeExpensesNet": 47000,
    "incomeBeforeTax": -18993000,
    "incomeBeforeTaxRatio": -1.4224835231,
    "incomeTaxExpense": 12000,
    "netIncome": -19005000,
    "netIncomeRatio": -1.4233822648,
    "eps": -0.055,
    "epsdiluted": -0.055,
    "weightedAverageShsOut": 331710000,
    "weightedAverageShsOutDil": 331710000,
    "link": "",
    "finalLink": ""
  }
]