[
  {
    "date": "2024-12-31",
    "symbol": "PAYC",
    "reportedCurrency": "USD",
    "cik": "0001590955",
    "fillingDate": "2025-02-20",
    "acceptedDate": "2025-02-20 16:05:39",
    "calendarYear": "2024",
    "period": "FY",
    "revenue": 1883200000,
    "costOfRevenue": 334600000,
    "grossProfit": 1548600000,
    "grossProfitRatio": 0.8223237043,
    "researchAndDevelopmentExpenses": 242600000,
    "generalAndAdministrativeExpenses": 158600000,
    "sellingAndMarketingExpenses": 434400000,
    "sellingGeneralAndAdministrativeExpenses": 593000000,
    "otherExpenses": 78700000,
    "operatingExpenses": 914300000,
    "costAndExpenses": 1248900000,
    "interestIncome": 0,
    "interestExpense": 3400000,
    "depreciationAndAmortization": 145900000,
    "ebitda": 798300000,
    "ebitdaratio": 0.4239061172,
    "operatingIncome": 634300000,
    "operatingIncomeRatio": 0.3368203059,
    "totalOtherIncomeExpensesNet": 14700000,
    "incomeBeforeTax": 649000000,
    "incomeBeforeTaxRatio": 0.3446261682,
    "incomeTaxExpense": 147000000,
    "netIncome": 502000000,
    "netIncomeRatio": 0.2665675446,
    "eps": 8.93,
    "epsdiluted": 8.92,
    "weightedAverageShsOut": 56200000,
    "weightedAverageShsOutDil": 56300000,
    "link": "https://www.sec.gov/Archives/edgar/data/1590955/000095017025024136/0000950170-25-024136-index.htm",
    "finalLink": "https://www.sec.gov/Archives/edgar/data/1590955/000095017025024136/payc-20241231.htm"
  },
  {
    "date": "2023-12-31",
    "symbol": "PAYC",
    "reportedCurrency": "USD",
    "cik": "0001590955",
    "fillingDate": "2024-02-15",
    "acceptedDate": "2024-02-15 16:05:45",
    "calendarYear": "2023",
    "period": "FY",
    "revenue": 1693700000,
    "costOfRevenue": 276300000,
    "grossProfit": 1417400000,
    "grossProfitRatio": 0.8368660329,
    "researchAndDevelopmentExpenses": 199000000,
    "generalAndAdministrativeExpenses": 288100000,
    "sellingAndMarketingExpenses": 417600000,
    "sellingGeneralAndAdministrativeExpenses": 705700000,
    "otherExpenses": 61400000,
    "operatingExpenses": 966100000,
    "costAndExpenses": 1242400000,
    "interestIncome": 0,
    "interestExpense": 1900000,
    "depreciationAndAmortization": 113900000,
    "ebitda": 588200000,
    "ebitdaratio": 0.3472870048,
    "operatingIncome": 451300000,
    "operatingIncomeRatio": 0.2664580504,
    "totalOtherIncomeExpensesNet": 21100000,
    "incomeBeforeTax": 472400000,
    "incomeBeforeTaxRatio": 0.2789159828,
    "incomeTaxExpense": 131611000,
    "netIncome": 340788000,
    "netIncomeRatio": 0.201209187,
    "eps": 5.91,
    "epsdiluted": 5.88,
    "weightedAverageShsOut": 57707000,
    "weightedAverageShsOutDil": 57974000,
    "link": "https://www.sec.gov/Archives/edgar/data/1590955/000095017024015863/0000950170-24-015863-index.htm",
    "finalLink": "https://www.sec.gov/Archives/edgar/data/1590955/000095017024015863/payc-20231231.htm"
  },
  {
    "date": "2022-12-31",
    "symbol": "PAYC",
    "reportedCurrency": "USD",
    "cik": "0001590955",
    "fillingDate": "2023-02-16",
    "acceptedDate": "2023-02-16 16:09:38",
    "calendarYear": "2022",
    "period": "FY",
    "revenue": 1375200000,
    "costOfRevenue": 212700000,
    "grossProfit": 1162500000,
    "grossProfitRatio": 0.8453315881,
    "researchAndDevelopmentExpenses": 148300000,
    "generalAndAdministrativeExpenses": 239100000,
    "sellingAndMarketingExpenses": 346600000,
    "sellingGeneralAndAdministrativeExpenses": 585700000,
    "otherExpenses": 49800000,
    "operatingExpenses": 783800000,
    "costAndExpenses": 996500000,
    "interestIncome": 0,
    "interestExpense": 2500000,
    "depreciationAndAmortization": 92700000,
    "ebitda": 484800000,
    "ebitdaratio": 0.352530541,
    "operatingIncome": 378700000,
    "operatingIncomeRatio": 0.2753781268,
    "totalOtherIncomeExpensesNet": 10900000,
    "incomeBeforeTax": 389600000,
    "incomeBeforeTaxRatio": 0.2833042467,
    "incomeTaxExpense": 108189000,
    "netIncome": 281389000,
    "netIncomeRatio": 0.204616783,
    "eps": 4.86,
    "epsdiluted": 4.84,
    "weightedAverageShsOut": 57928000,
    "weightedAverageShsOutDil": 58175000,
    "link": "https://www.sec.gov/Archives/edgar/data/1590955/000095017023003049/0000950170-23-003049-index.htm",
    "finalLink": "https://www.sec.gov/Archives/edgar/data/1590955/000095017023003049/payc-20221231.htm"
  },
  {
    "date": "2021-12-31",
    "symbol": "PAYC",
    "reportedCurrency": "USD",
    "cik": "0001590955",
    "fillingDate": "2022-02-17",
    "acceptedDate": "2022-02-17 16:06:55",
    "calendarYear": "2021",
    "period": "FY",
    "revenue": 1055524000,
    "costOfRevenue": 161886000,
    "grossProfit": 893638000,
    "grossProfitRatio": 0.8466297308,
    "researchAndDevelopmentExpenses": 118426000,
    "generalAndAdministrativeExpenses": 209840000,
    "sellingAndMarketingExpenses": 275994000,
    "sellingGeneralAndAdministrativeExpenses": 485834000,
    "otherExpenses": 35811000,
    "operatingExpenses": 640071000,
    "costAndExpenses": 801957000,
    "interestIncome": 0,
    "interestExpense": 0,
    "depreciationAndAmortization": 67222000,
    "ebitda": 323184000,
    "ebitdaratio": 0.3061834691,
    "operatingIncome": 253567000,
    "operatingIncomeRatio": 0.24022855,
    "totalOtherIncomeExpensesNet": 2395000,
    "incomeBeforeTax": 255962000,
    "incomeBeforeTaxRatio": 0.2424975652,
    "incomeTaxExpense": 60002000,
    "netIncome": 195960000,
    "netIncomeRatio": 0.1856518658,
    "eps": 3.39,
    "epsdiluted": 3.37,
    "weightedAverageShsOut": 57885000,
    "weightedAverageShsOutDil": 58191000,
    "link": "https://www.sec.gov/Archives/edgar/data/1590955/000156459022005562/0001564590-22-005562-index.htm",
    "finalLink": "https://www.sec.gov/Archives/edgar/data/1590955/000156459022005562/payc-10k_20211231.htm"
  },
  {
    "date": "2020-12-31",
    "symbol": "PAYC",
    "reportedCurrency": "USD",
    "cik": "0001590955",
    "fillingDate": "2021-02-18",
    "acceptedDate": "2021-02-18 16:07:23",
    "calendarYear": "2020",
    "period": "FY",
    "revenue": 841434000,
    "costOfRevenue": 123546000,
    "grossProfit": 717888000,
    "grossProfitRatio": 0.8531720848,
    "researchAndDevelopmentExpenses": 90244000,
    "generalAndAdministrativeExpenses": 178200000,
    "sellingAndMarketingExpenses": 235716000,
    "sellingGeneralAndAdministrativeExpenses": 413916000,
    "otherExpenses": 27605000,
    "operatingExpenses": 531765000,
    "costAndExpenses": 655311000,
    "interestIncome": 0,
    "interestExpense": 19000,
    "depreciationAndAmortization": 53373000,
    "ebitda": 239328000,
    "ebitdaratio": 0.2844287252,
    "operatingIncome": 186123000,
    "operatingIncomeRatio": 0.2211973845,
    "totalOtherIncomeExpensesNet": -187000,
    "incomeBeforeTax": 185936000,
    "incomeBeforeTaxRatio": 0.2209751448,
    "incomeTaxExpense": 42483000,
    "netIncome": 143453000,
    "netIncomeRatio": 0.1704863364,
    "eps": 2.49,
    "epsdiluted": 2.46,
    "weightedAverageShsOut": 57620000,
    "weightedAverageShsOutDil": 58285000,
    "link": "https://www.sec.gov/Archives/edgar/data/1590955/000156459021006660/0001564590-21-006660-index.htm",
    "finalLink": "https://www.sec.gov/Archives/edgar/data/1590955/000156459021006660/payc-10k_20201231.htm"
  },
  {
    "date": "2019-12-31",
    "symbol": "PAYC",
    "reportedCurrency": "USD",
    "cik": "0001590955",
    "fillingDate": "2020-02-13",
    "acceptedDate": "2020-02-13 17:01:49",
    "calendarYear": "2019",
    "period": "FY",
    "revenue": 737671000,
    "costOfRevenue": 109747000,
    "grossProfit": 627924000,
    "grossProfitRatio": 0.8512250041,
    "researchAndDevelopmentExpenses": 73080000,
    "generalAndAdministrativeExpenses": 127534000,
    "sellingAndMarketingExpenses": 179286000,
    "sellingGeneralAndAdministrativeExpenses": 306820000,
    "otherExpenses": 21800000,
    "operatingExpenses": 401700000,
    "costAndExpenses": 511447000,
    "interestIncome": 0,
    "interestExpense": 940000,
    "depreciationAndAmortization": 42211000,
    "ebitda": 269238000,
    "ebitdaratio": 0.3649838478,
    "operatingIncome": 226224000,
    "operatingIncomeRatio": 0.3066733002,
    "totalOtherIncomeExpensesNet": -137000,
    "incomeBeforeTax": 226087000,
    "incomeBeforeTaxRatio": 0.3064875805,
    "incomeTaxExpense": 45511000,
    "netIncome": 180576000,
    "netIncomeRatio": 0.244792055,
    "eps": 3.14,
    "epsdiluted": 3.09,
    "weightedAverageShsOut": 57561000,
    "weightedAverageShsOutDil": 58395000,
    "link": "https://www.sec.gov/Archives/edgar/data/1590955/000156459020004636/0001564590-20-004636-index.htm",
    "finalLink": "https://www.sec.gov/Archives/edgar/data/1590955/000156459020004636/payc-10k_20191231.htm"
  },
  {
    "date": "2018-12-31",
    "symbol": "PAYC",
    "reportedCurrency": "USD",
    "cik": "0001590955",
    "fillingDate": "2019-02-14",
    "acceptedDate": "2019-02-14 16:13:03",
    "calendarYear": "2018",
    "period": "FY",
    "revenue": 566336000,
    "costOfRevenue": 90763000,
    "grossProfit": 475573000,
    "grossProfitRatio": 0.8397364815,
    "researchAndDevelopmentExpenses": 46247000,
    "generalAndAdministrativeExpenses": 96605000,
    "sellingAndMarketingExpenses": 143881000,
    "sellingGeneralAndAdministrativeExpenses": 240486000,
    "otherExpenses": 15125000,
    "operatingExpenses": 301858000,
    "costAndExpenses": 392621000,
    "interestIncome": 0,
    "interestExpense": 766000,
    "depreciationAndAmortization": 29657000,
    "ebitda": 205134000,
    "ebitdaratio": 0.3622125381,
    "operatingIncome": 173715000,
    "operatingIncomeRatio": 0.3067348712,
    "totalOtherIncomeExpensesNet": 996000,
    "incomeBeforeTax": 174711000,
    "incomeBeforeTaxRatio": 0.3084935445,
    "incomeTaxExpense": 37646000,
    "netIncome": 137065000,
    "netIncomeRatio": 0.2420206379,
    "eps": 2.38,
    "epsdiluted": 2.34,
    "weightedAverageShsOut": 57711315,
    "weightedAverageShsOutDil": 58582486,
    "link": "https://www.sec.gov/Archives/edgar/data/1590955/000156459019002998/0001564590-19-002998-index.htm",
    "finalLink": "https://www.sec.gov/Archives/edgar/data/1590955/000156459019002998/payc-10k_20181231.htm"
  },
  {
    "date": "2017-12-31",
    "symbol": "PAYC",
    "reportedCurrency": "USD",
    "cik": "0001590955",
    "fillingDate": "2018-02-14",
    "acceptedDate": "2018-02-14 17:13:17",
    "calendarYear": "2017",
    "period": "FY",
    "revenue": 433047000,
    "costOfRevenue": 72028000,
    "grossProfit": 361019000,
    "grossProfitRatio": 0.8336716338,
    "researchAndDevelopmentExpenses": 30430000,
    "generalAndAdministrativeExpenses": 80228000,
    "sellingAndMarketingExpenses": 110846000,
    "sellingGeneralAndAdministrativeExpenses": 191074000,
    "otherExpenses": 9805000,
    "operatingExpenses": 231309000,
    "costAndExpenses": 303337000,
    "interestIncome": 0,
    "interestExpense": 911000,
    "depreciationAndAmortization": 19395000,
    "ebitda": 148038000,
    "ebitdaratio": 0.3418520392,
    "operatingIncome": 129710000,
    "operatingIncomeRatio": 0.2995286886,
    "totalOtherIncomeExpensesNet": -1978000,
    "incomeBeforeTax": 127732000,
    "incomeBeforeTaxRatio": 0.294961055,
    "incomeTaxExpense": 9840000,
    "netIncome": 66807000,
    "netIncomeRatio": 0.1542719381,
    "eps": 1.15,
    "epsdiluted": 1.13,
    "weightedAverageShsOut": 57839155,
    "weightedAverageShsOutDil": 58790019,
    "link": "https://www.sec.gov/Archives/edgar/data/1590955/000156459018002088/0001564590-18-002088-index.htm",
    "finalLink": "https://www.sec.gov/Archives/edgar/data/1590955/000156459018002088/payc-10k_20171231.htm"
  },
  {
    "date": "2016-12-31",
    "symbol": "PAYC",
    "reportedCurrency": "USD",
    "cik": "0001590955",
    "fillingDate": "2017-02-21",
    "acceptedDate": "2017-02-21 16:12:11",
    "calendarYear": "2016",
    "period": "FY",
    "revenue": 329141000,
    "costOfRevenue": 54066000,
    "grossProfit": 275075000,
    "grossProfitRatio": 0.8357360523,
    "researchAndDevelopmentExpenses": 20966000,
    "generalAndAdministrativeExpenses": 59174000,
    "sellingAndMarketingExpenses": 85361000,
    "sellingGeneralAndAdministrativeExpenses": 144535000,
    "otherExpenses": 7834000,
    "operatingExpenses": 173335000,
    "costAndExpenses": 227401000,
    "interestIncome": 0,
    "interestExpense": 1036000,
    "depreciationAndAmortization": 13632000,
    "ebitda": 115680000,
    "ebitdaratio": 0.3514603164,
    "operatingIncome": 101740000,
    "operatingIncomeRatio": 0.3091076469,
    "totalOtherIncomeExpensesNet": -728000,
    "incomeBeforeTax": 101012000,
    "incomeBeforeTaxRatio": 0.3068958288,
    "incomeTaxExpense": 13403000,
    "netIncome": 43840000,
    "netIncomeRatio": 0.133195196,
    "eps": 0.76,
    "epsdiluted": 0.74,
    "weightedAverageShsOut": 57550204,
    "weightedAverageShsOutDil": 58968099,
    "link": "https://www.sec.gov/Archives/edgar/data/1590955/000156459017001891/0001564590-17-001891-index.htm",
    "finalLink": "https://www.sec.gov/Archives/edgar/data/1590955/000156459017001891/payc-10k_20161231.htm"
  },
  {
    "date": "2015-12-31",
    "symbol": "PAYC",
    "reportedCurrency": "USD",
    "cik": "0001590955",
    "fillingDate": "2016-02-22",
    "acceptedDate": "2016-02-22 16:37:32",
    "calendarYear": "2015",
    "period": "FY",
    "revenue": 224653000,
    "costOfRevenue": 35473000,
    "grossProfit": 189180000,
    "grossProfitRatio": 0.8420987033,
    "researchAndDevelopmentExpenses": 8627000,
    "generalAndAdministrativeExpenses": 47826000,
    "sellingAndMarketingExpenses": 92554000,
    "sellingGeneralAndAdministrativeExpenses": 140380000,
    "otherExpenses": 5738000,
    "operatingExpenses": 154745000,
    "costAndExpenses": 190218000,
    "interestIncome": 0,
    "interestExpense": 1427000,
    "depreciationAndAmortization": 9421000,
    "ebitda": 44373000,
    "ebitdaratio": 0.1975179499,
    "operatingIncome": 34435000,
    "operatingIncomeRatio": 0.1532808376,
    "totalOtherIncomeExpensesNet": -910000,
    "incomeBeforeTax": 33525000,
    "incomeBeforeTaxRatio": 0.149230146,
    "incomeTaxExpense": 12580000,
    "netIncome": 20945000,
    "netIncomeRatio": 0.0932326744,
    "eps": 0.37,
    "epsdiluted": 0.36,
    "weightedAverageShsOut": 56495170,
    "weightedAverageShsOutDil": 57919700,
    "link": "https://www.sec.gov/Archives/edgar/data/1590955/000156459016013001/0001564590-16-013001-index.htm",
    "finalLink": "https://www.sec.gov/Archives/edgar/data/1590955/000156459016013001/payc-10k_20151231.htm"
  },
  {
    "date": "2014-12-31",
    "symbol": "PAYC",
    "reportedCurrency": "USD",
    "cik": "0001590955",
    "fillingDate": "2015-02-26",
    "acceptedDate": "2015-02-26 16:21:02",
    "calendarYear": "2014",
    "period": "FY",
    "revenue": 150929000,
    "costOfRevenue": 27318000,
    "grossProfit": 123611000,
    "grossProfitRatio": 0.8190009872,
    "researchAndDevelopmentExpenses": 4325000,
    "generalAndAdministrativeExpenses": 35501000,
    "sellingAndMarketingExpenses": 63547000,
    "sellingGeneralAndAdministrativeExpenses": 99048000,
    "otherExpenses": 4538000,
    "operatingExpenses": 107911000,
    "costAndExpenses": 135229000,
    "interestIncome": 0,
    "interestExpense": 3421000,
    "depreciationAndAmortization": 7162000,
    "ebitda": 20239000,
    "ebitdaratio": 0.1340961644,
    "operatingIncome": 15700000,
    "operatingIncomeRatio": 0.1040224211,
    "totalOtherIncomeExpensesNet": -6044000,
    "incomeBeforeTax": 9656000,
    "incomeBeforeTaxRatio": 0.0639771018,
    "incomeTaxExpense": 3993000,
    "netIncome": 5663000,
    "netIncomeRatio": 0.0375209536,
    "eps": 0.11,
    "epsdiluted": 0.11,
    "weightedAverageShsOut": 49784154,
    "weightedAverageShsOutDil": 51857309,
    "link": "https://www.sec.gov/Archives/edgar/data/1590955/000119312515065707/0001193125-15-065707-index.htm",
    "finalLink": "https://www.sec.gov/Archives/edgar/data/1590955/000119312515065707/d851377d10k.htm"
  },
  {
    "date": "2013-12-31",
    "symbol": "PAYC",
    "reportedCurrency": "USD",
    "cik": "0001590955",
    "fillingDate": "2013-12-31",
    "acceptedDate": "2013-12-30 19:00:00",
    "calendarYear": "2013",
    "period": "FY",
    "revenue": 107601000,
    "costOfRevenue": 20891000,
    "grossProfit": 86710000,
    "grossProfitRatio": 0.8058475293,
    "researchAndDevelopmentExpenses": 2146000,
    "generalAndAdministrativeExpenses": 28729000,
    "sellingAndMarketingExpenses": 42681000,
    "sellingGeneralAndAdministrativeExpenses": 71410000,
    "otherExpenses": 3682000,
    "operatingExpenses": 77238000,
    "costAndExpenses": 98129000,
    "interestIncome": 0,
    "interestExpense": 9272000,
    "depreciationAndAmortization": 5486000,
    "ebitda": 16157000,
    "ebitdaratio": 0.1501565971,
    "operatingIncome": 9472000,
    "operatingIncomeRatio": 0.0880289217,
    "totalOtherIncomeExpensesNet": -8073000,
    "incomeBeforeTax": 1399000,
    "incomeBeforeTaxRatio": 0.0130017379,
    "incomeTaxExpense": 4004000,
    "netIncome": 7711000,
    "netIncomeRatio": 0.0716629028,
    "eps": 0.0126,
    "epsdiluted": 0.0124,
    "weightedAverageShsOut": 47686326,
    "weightedAverageShsOutDil": 48371489,
    "link": "",
    "finalLink": ""
  },
  {
    "date": "2012-12-31",
    "symbol": "PAYC",
    "reportedCurrency": "USD",
    "cik": "0001590955",
    "fillingDate": "2012-12-31",
    "acceptedDate": "2012-12-30 19:00:00",
    "calendarYear": "2012",
    "period": "FY",
    "revenue": 76810000,
    "costOfRevenue": 16326000,
    "grossProfit": 60484000,
    "grossProfitRatio": 0.7874495508,
    "researchAndDevelopmentExpenses": 1632000,
    "generalAndAdministrativeExpenses": 19372000,
    "sellingAndMarketingExpenses": 29255000,
    "sellingGeneralAndAdministrativeExpenses": 48627000,
    "otherExpenses": 4092000,
    "operatingExpenses": 54351000,
    "costAndExpenses": 70677000,
    "interestIncome": 0,
    "interestExpense": 6977000,
    "depreciationAndAmortization": 5522000,
    "ebitda": 12009000,
    "ebitdaratio": 0.1563468298,
    "operatingIncome": 6133000,
    "operatingIncomeRatio": 0.0798463742,
    "totalOtherIncomeExpensesNet": -6623000,
    "incomeBeforeTax": -490000,
    "incomeBeforeTaxRatio": -0.0063793777,
    "incomeTaxExpense": -84000,
    "netIncome": -406000,
    "netIncomeRatio": -0.0052857701,
    "eps": -0.0085,
    "epsdiluted": -0.0084,
    "weightedAverageShsOut": 47686326,
    "weightedAverageShsOutDil": 48371489,
    "link": "",
    "finalLink": ""
  },
  {
    "date": "2011-12-31",
    "symbol": "PAYC",
    "reportedCurrency": "USD",
    "cik": "0001590955",
    "fillingDate": "2011-12-31",
    "acceptedDate": "2011-12-30 19:00:00",
    "calendarYear": "2011",
    "period": "FY",
    "revenue": 57206000,
    "costOfRevenue": 13274000,
    "grossProfit": 43932000,
    "grossProfitRatio": 0.7679614027,
    "researchAndDevelopmentExpenses": 1225000,
    "generalAndAdministrativeExpenses": 14707000,
    "sellingAndMarketingExpenses": 22244000,
    "sellingGeneralAndAdministrativeExpenses": 36951000,
    "otherExpenses": 4300000,
    "operatingExpenses": 42476000,
    "costAndExpenses": 55750000,
    "interestIncome": 0,
    "interestExpense": 134000,
    "depreciationAndAmortization": 5286000,
    "ebitda": 6850000,
    "ebitdaratio": 0.1197426843,
    "operatingIncome": 1456000,
    "operatingIncomeRatio": 0.0254518757,
    "totalOtherIncomeExpensesNet": -26000,
    "incomeBeforeTax": 1430000,
    "incomeBeforeTaxRatio": 0.0249973779,
    "incomeTaxExpense": 0,
    "netIncome": 1430000,
    "netIncomeRatio": 0.0249973779,
    "eps": 0.03,
    "epsdiluted": 0.0296,
    "weightedAverageShsOut": 47686326,
    "weightedAverageShsOutDil": 48371489,
    "link": "",
    "finalLink": ""
  }
]