[
  {
    "date": "2025-06-30",
    "symbol": "PAYC",
    "reportedCurrency": "USD",
    "cik": "0001590955",
    "fillingDate": "2025-08-07",
    "acceptedDate": "2025-08-07 16:10:51",
    "calendarYear": "2025",
    "period": "Q2",
    "revenue": 483600000,
    "costOfRevenue": 87500000,
    "grossProfit": 396100000,
    "grossProfitRatio": 0.8190653433,
    "researchAndDevelopmentExpenses": 74800000,
    "generalAndAdministrativeExpenses": 70200000,
    "sellingAndMarketingExpenses": 116000000,
    "sellingGeneralAndAdministrativeExpenses": 186200000,
    "otherExpenses": 22800000,
    "operatingExpenses": 283800000,
    "costAndExpenses": 371300000,
    "interestIncome": 0,
    "interestExpense": 800000,
    "depreciationAndAmortization": 42000000,
    "ebitda": 160000000,
    "ebitdaratio": 0.3308519438,
    "operatingIncome": 112300000,
    "operatingIncomeRatio": 0.232216708,
    "totalOtherIncomeExpensesNet": 4900000,
    "incomeBeforeTax": 117200000,
    "incomeBeforeTaxRatio": 0.2423490488,
    "incomeTaxExpense": 27700000,
    "netIncome": 89500000,
    "netIncomeRatio": 0.185070306,
    "eps": 1.59,
    "epsdiluted": 1.58,
    "weightedAverageShsOut": 56000000,
    "weightedAverageShsOutDil": 56300000,
    "link": "https://www.sec.gov/Archives/edgar/data/1590955/000159095525000005/0001590955-25-000005-index.htm",
    "finalLink": "https://www.sec.gov/Archives/edgar/data/1590955/000159095525000005/payc-20250630.htm"
  },
  {
    "date": "2025-03-31",
    "symbol": "PAYC",
    "reportedCurrency": "USD",
    "cik": "0001590955",
    "fillingDate": "2025-05-08",
    "acceptedDate": "2025-05-08 16:05:31",
    "calendarYear": "2025",
    "period": "Q1",
    "revenue": 530500000,
    "costOfRevenue": 84600000,
    "grossProfit": 445900000,
    "grossProfitRatio": 0.840527804,
    "researchAndDevelopmentExpenses": 62300000,
    "generalAndAdministrativeExpenses": 66000000,
    "sellingAndMarketingExpenses": 110900000,
    "sellingGeneralAndAdministrativeExpenses": 176900000,
    "otherExpenses": 21600000,
    "operatingExpenses": 260800000,
    "costAndExpenses": 345400000,
    "interestIncome": 0,
    "interestExpense": 800000,
    "depreciationAndAmortization": 40000000,
    "ebitda": 231100000,
    "ebitdaratio": 0.4356267672,
    "operatingIncome": 185100000,
    "operatingIncomeRatio": 0.3489161169,
    "totalOtherIncomeExpensesNet": 5200000,
    "incomeBeforeTax": 190300000,
    "incomeBeforeTaxRatio": 0.3587181904,
    "incomeTaxExpense": 50900000,
    "netIncome": 139400000,
    "netIncomeRatio": 0.2627709708,
    "eps": 2.49,
    "epsdiluted": 2.48,
    "weightedAverageShsOut": 56000000,
    "weightedAverageShsOutDil": 56300000,
    "link": "https://www.sec.gov/Archives/edgar/data/1590955/000095017025066910/0000950170-25-066910-index.htm",
    "finalLink": "https://www.sec.gov/Archives/edgar/data/1590955/000095017025066910/payc-20250331.htm"
  },
  {
    "date": "2024-12-31",
    "symbol": "PAYC",
    "reportedCurrency": "USD",
    "cik": "0001590955",
    "fillingDate": "2025-02-20",
    "acceptedDate": "2025-02-20 16:05:39",
    "calendarYear": "2024",
    "period": "Q4",
    "revenue": 493873000,
    "costOfRevenue": 83732000,
    "grossProfit": 410141000,
    "grossProfitRatio": 0.8304584377,
    "researchAndDevelopmentExpenses": 66673000,
    "generalAndAdministrativeExpenses": 65990000,
    "sellingAndMarketingExpenses": 107535000,
    "sellingGeneralAndAdministrativeExpenses": 173525000,
    "otherExpenses": 21471000,
    "operatingExpenses": 261669000,
    "costAndExpenses": 345401000,
    "interestIncome": 0,
    "interestExpense": 1047000,
    "depreciationAndAmortization": 39742000,
    "ebitda": 192289000,
    "ebitdaratio": 0.3893490837,
    "operatingIncome": 148472000,
    "operatingIncomeRatio": 0.3006278942,
    "totalOtherIncomeExpensesNet": 3028000,
    "incomeBeforeTax": 151500000,
    "incomeBeforeTaxRatio": 0.3067590251,
    "incomeTaxExpense": 37900000,
    "netIncome": 113600000,
    "netIncomeRatio": 0.2300186485,
    "eps": 2.03,
    "epsdiluted": 2.02,
    "weightedAverageShsOut": 55900000,
    "weightedAverageShsOutDil": 56200000,
    "link": "https://www.sec.gov/Archives/edgar/data/1590955/000095017025024136/0000950170-25-024136-index.htm",
    "finalLink": "https://www.sec.gov/Archives/edgar/data/1590955/000095017025024136/payc-20241231.htm"
  },
  {
    "date": "2024-09-30",
    "symbol": "PAYC",
    "reportedCurrency": "USD",
    "cik": "0001590955",
    "fillingDate": "2024-10-31",
    "acceptedDate": "2024-10-31 16:10:22",
    "calendarYear": "2024",
    "period": "Q3",
    "revenue": 451934000,
    "costOfRevenue": 88353000,
    "grossProfit": 363581000,
    "grossProfitRatio": 0.8045002146,
    "researchAndDevelopmentExpenses": 63047000,
    "generalAndAdministrativeExpenses": 70642000,
    "sellingAndMarketingExpenses": 104477000,
    "sellingGeneralAndAdministrativeExpenses": 175119000,
    "otherExpenses": 20541000,
    "operatingExpenses": 258707000,
    "costAndExpenses": 347060000,
    "interestIncome": 0,
    "interestExpense": 789000,
    "depreciationAndAmortization": 38058000,
    "ebitda": 147161000,
    "ebitdaratio": 0.3256249806,
    "operatingIncome": 104874000,
    "operatingIncomeRatio": 0.2320560082,
    "totalOtherIncomeExpensesNet": 3440000,
    "incomeBeforeTax": 108314000,
    "incomeBeforeTaxRatio": 0.2396677391,
    "incomeTaxExpense": 35036000,
    "netIncome": 73278000,
    "netIncomeRatio": 0.1621431448,
    "eps": 1.31,
    "epsdiluted": 1.31,
    "weightedAverageShsOut": 55929000,
    "weightedAverageShsOutDil": 55964000,
    "link": "https://www.sec.gov/Archives/edgar/data/1590955/000095017024119531/0000950170-24-119531-index.htm",
    "finalLink": "https://www.sec.gov/Archives/edgar/data/1590955/000095017024119531/payc-20240930.htm"
  },
  {
    "date": "2024-06-30",
    "symbol": "PAYC",
    "reportedCurrency": "USD",
    "cik": "0001590955",
    "fillingDate": "2024-08-01",
    "acceptedDate": "2024-08-01 16:22:05",
    "calendarYear": "2024",
    "period": "Q2",
    "revenue": 437500000,
    "costOfRevenue": 83900000,
    "grossProfit": 353600000,
    "grossProfitRatio": 0.8082285714,
    "researchAndDevelopmentExpenses": 62400000,
    "generalAndAdministrativeExpenses": 70100000,
    "sellingAndMarketingExpenses": 106900000,
    "sellingGeneralAndAdministrativeExpenses": 177000000,
    "otherExpenses": 19100000,
    "operatingExpenses": 258500000,
    "costAndExpenses": 342400000,
    "interestIncome": 0,
    "interestExpense": 800000,
    "depreciationAndAmortization": 35600000,
    "ebitda": 135500000,
    "ebitdaratio": 0.3097142857,
    "operatingIncome": 95100000,
    "operatingIncomeRatio": 0.2173714286,
    "totalOtherIncomeExpensesNet": 4000000,
    "incomeBeforeTax": 99100000,
    "incomeBeforeTaxRatio": 0.2265142857,
    "incomeTaxExpense": 31175000,
    "netIncome": 67970000,
    "netIncomeRatio": 0.15536,
    "eps": 1.2,
    "epsdiluted": 1.2,
    "weightedAverageShsOut": 56451000,
    "weightedAverageShsOutDil": 56771000,
    "link": "https://www.sec.gov/Archives/edgar/data/1590955/000095017024089322/0000950170-24-089322-index.htm",
    "finalLink": "https://www.sec.gov/Archives/edgar/data/1590955/000095017024089322/payc-20240630.htm"
  },
  {
    "date": "2024-03-31",
    "symbol": "PAYC",
    "reportedCurrency": "USD",
    "cik": "0001590955",
    "fillingDate": "2024-05-02",
    "acceptedDate": "2024-05-02 16:05:47",
    "calendarYear": "2024",
    "period": "Q1",
    "revenue": 499900000,
    "costOfRevenue": 78700000,
    "grossProfit": 421200000,
    "grossProfitRatio": 0.8425685137,
    "researchAndDevelopmentExpenses": 50500000,
    "generalAndAdministrativeExpenses": -48100000,
    "sellingAndMarketingExpenses": 115500000,
    "sellingGeneralAndAdministrativeExpenses": 67400000,
    "otherExpenses": 17500000,
    "operatingExpenses": 135400000,
    "costAndExpenses": 214100000,
    "interestIncome": 0,
    "interestExpense": 800000,
    "depreciationAndAmortization": 32500000,
    "ebitda": 323300000,
    "ebitdaratio": 0.6467293459,
    "operatingIncome": 285800000,
    "operatingIncomeRatio": 0.5717143429,
    "totalOtherIncomeExpensesNet": 4200000,
    "incomeBeforeTax": 290000000,
    "incomeBeforeTaxRatio": 0.5801160232,
    "incomeTaxExpense": 42854000,
    "netIncome": 247187000,
    "netIncomeRatio": 0.4944728946,
    "eps": 4.37,
    "epsdiluted": 4.37,
    "weightedAverageShsOut": 56546000,
    "weightedAverageShsOutDil": 56552000,
    "link": "https://www.sec.gov/Archives/edgar/data/1590955/000095017024052070/0000950170-24-052070-index.htm",
    "finalLink": "https://www.sec.gov/Archives/edgar/data/1590955/000095017024052070/payc-20240331.htm"
  },
  {
    "date": "2023-12-31",
    "symbol": "PAYC",
    "reportedCurrency": "USD",
    "cik": "0001590955",
    "fillingDate": "2024-02-15",
    "acceptedDate": "2024-02-15 16:05:45",
    "calendarYear": "2023",
    "period": "Q4",
    "revenue": 434595000,
    "costOfRevenue": 74689000,
    "grossProfit": 359906000,
    "grossProfitRatio": 0.8281411429,
    "researchAndDevelopmentExpenses": 55300000,
    "generalAndAdministrativeExpenses": 74740000,
    "sellingAndMarketingExpenses": 106446000,
    "sellingGeneralAndAdministrativeExpenses": 181186000,
    "otherExpenses": 16697000,
    "operatingExpenses": 253183000,
    "costAndExpenses": 327872000,
    "interestIncome": 0,
    "interestExpense": 266000,
    "depreciationAndAmortization": 30989000,
    "ebitda": 143167000,
    "ebitdaratio": 0.3294262474,
    "operatingIncome": 106723000,
    "operatingIncomeRatio": 0.245568863,
    "totalOtherIncomeExpensesNet": 5189000,
    "incomeBeforeTax": 111912000,
    "incomeBeforeTaxRatio": 0.257508715,
    "incomeTaxExpense": 30155000,
    "netIncome": 81757000,
    "netIncomeRatio": 0.1881222748,
    "eps": 1.43,
    "epsdiluted": 1.43,
    "weightedAverageShsOut": 57229000,
    "weightedAverageShsOutDil": 57229000,
    "link": "https://www.sec.gov/Archives/edgar/data/1590955/000095017024015863/0000950170-24-015863-index.htm",
    "finalLink": "https://www.sec.gov/Archives/edgar/data/1590955/000095017024015863/payc-20231231.htm"
  },
  {
    "date": "2023-09-30",
    "symbol": "PAYC",
    "reportedCurrency": "USD",
    "cik": "0001590955",
    "fillingDate": "2023-11-02",
    "acceptedDate": "2023-11-02 16:05:47",
    "calendarYear": "2023",
    "period": "Q3",
    "revenue": 406303000,
    "costOfRevenue": 68941000,
    "grossProfit": 337362000,
    "grossProfitRatio": 0.8303212135,
    "researchAndDevelopmentExpenses": 51864000,
    "generalAndAdministrativeExpenses": 71827000,
    "sellingAndMarketingExpenses": 101162000,
    "sellingGeneralAndAdministrativeExpenses": 172989000,
    "otherExpenses": 15608000,
    "operatingExpenses": 240461000,
    "costAndExpenses": 309402000,
    "interestIncome": 0,
    "interestExpense": 222000,
    "depreciationAndAmortization": 28949000,
    "ebitda": 131212000,
    "ebitdaratio": 0.3229412532,
    "operatingIncome": 96901000,
    "operatingIncomeRatio": 0.2384944241,
    "totalOtherIncomeExpensesNet": 5140000,
    "incomeBeforeTax": 102041000,
    "incomeBeforeTaxRatio": 0.2511450814,
    "incomeTaxExpense": 26822000,
    "netIncome": 75219000,
    "netIncomeRatio": 0.1851303092,
    "eps": 1.3,
    "epsdiluted": 1.3,
    "weightedAverageShsOut": 57825000,
    "weightedAverageShsOutDil": 57966000,
    "link": "https://www.sec.gov/Archives/edgar/data/1590955/000095017023058167/0000950170-23-058167-index.htm",
    "finalLink": "https://www.sec.gov/Archives/edgar/data/1590955/000095017023058167/payc-20230930.htm"
  },
  {
    "date": "2023-06-30",
    "symbol": "PAYC",
    "reportedCurrency": "USD",
    "cik": "0001590955",
    "fillingDate": "2023-08-03",
    "acceptedDate": "2023-08-03 16:07:45",
    "calendarYear": "2023",
    "period": "Q2",
    "revenue": 401139000,
    "costOfRevenue": 67428000,
    "grossProfit": 333711000,
    "grossProfitRatio": 0.8319086401,
    "researchAndDevelopmentExpenses": 49118000,
    "generalAndAdministrativeExpenses": 75965000,
    "sellingAndMarketingExpenses": 106435000,
    "sellingGeneralAndAdministrativeExpenses": 182400000,
    "otherExpenses": 14927000,
    "operatingExpenses": 246445000,
    "costAndExpenses": 313873000,
    "interestIncome": 0,
    "interestExpense": 602000,
    "depreciationAndAmortization": 27738000,
    "ebitda": 121187000,
    "ebitdaratio": 0.3021072496,
    "operatingIncome": 87266000,
    "operatingIncomeRatio": 0.2175455391,
    "totalOtherIncomeExpensesNet": 5581000,
    "incomeBeforeTax": 92847000,
    "incomeBeforeTaxRatio": 0.2314584221,
    "incomeTaxExpense": 28331000,
    "netIncome": 64516000,
    "netIncomeRatio": 0.1608320308,
    "eps": 1.11,
    "epsdiluted": 1.11,
    "weightedAverageShsOut": 57920000,
    "weightedAverageShsOutDil": 58033000,
    "link": "https://www.sec.gov/Archives/edgar/data/1590955/000095017023037954/0000950170-23-037954-index.htm",
    "finalLink": "https://www.sec.gov/Archives/edgar/data/1590955/000095017023037954/payc-20230630.htm"
  },
  {
    "date": "2023-03-31",
    "symbol": "PAYC",
    "reportedCurrency": "USD",
    "cik": "0001590955",
    "fillingDate": "2023-05-04",
    "acceptedDate": "2023-05-04 16:07:02",
    "calendarYear": "2023",
    "period": "Q1",
    "revenue": 451637000,
    "costOfRevenue": 65232000,
    "grossProfit": 386405000,
    "grossProfitRatio": 0.8555654209,
    "researchAndDevelopmentExpenses": 42669000,
    "generalAndAdministrativeExpenses": 65605000,
    "sellingAndMarketingExpenses": 103574000,
    "sellingGeneralAndAdministrativeExpenses": 169179000,
    "otherExpenses": 14125000,
    "operatingExpenses": 225973000,
    "costAndExpenses": 291205000,
    "interestIncome": 0,
    "interestExpense": 837000,
    "depreciationAndAmortization": 26272000,
    "ebitda": 192708000,
    "ebitdaratio": 0.4266878046,
    "operatingIncome": 160432000,
    "operatingIncomeRatio": 0.355223332,
    "totalOtherIncomeExpensesNet": 5167000,
    "incomeBeforeTax": 165599000,
    "incomeBeforeTaxRatio": 0.3666639359,
    "incomeTaxExpense": 46303000,
    "netIncome": 119296000,
    "netIncomeRatio": 0.2641413347,
    "eps": 2.06,
    "epsdiluted": 2.06,
    "weightedAverageShsOut": 57867000,
    "weightedAverageShsOutDil": 57991000,
    "link": "https://www.sec.gov/Archives/edgar/data/1590955/000095017023017840/0000950170-23-017840-index.htm",
    "finalLink": "https://www.sec.gov/Archives/edgar/data/1590955/000095017023017840/payc-20230331.htm"
  },
  {
    "date": "2022-12-31",
    "symbol": "PAYC",
    "reportedCurrency": "USD",
    "cik": "0001590955",
    "fillingDate": "2023-02-16",
    "acceptedDate": "2023-02-16 16:09:38",
    "calendarYear": "2022",
    "period": "Q4",
    "revenue": 370608000,
    "costOfRevenue": 59071000,
    "grossProfit": 311537000,
    "grossProfitRatio": 0.8406105643,
    "researchAndDevelopmentExpenses": 39569000,
    "generalAndAdministrativeExpenses": 60021000,
    "sellingAndMarketingExpenses": 92727000,
    "sellingGeneralAndAdministrativeExpenses": 152748000,
    "otherExpenses": 13386000,
    "operatingExpenses": 205703000,
    "costAndExpenses": 264774000,
    "interestIncome": 0,
    "interestExpense": 949000,
    "depreciationAndAmortization": 24916000,
    "ebitda": 139854000,
    "ebitdaratio": 0.3773636835,
    "operatingIncome": 105834000,
    "operatingIncomeRatio": 0.2855685792,
    "totalOtherIncomeExpensesNet": 8155000,
    "incomeBeforeTax": 113989000,
    "incomeBeforeTaxRatio": 0.3075729612,
    "incomeTaxExpense": 34038000,
    "netIncome": 79951000,
    "netIncomeRatio": 0.2157292881,
    "eps": 1.38,
    "epsdiluted": 1.38,
    "weightedAverageShsOut": 57867000,
    "weightedAverageShsOutDil": 58037000,
    "link": "https://www.sec.gov/Archives/edgar/data/1590955/000095017023003049/0000950170-23-003049-index.htm",
    "finalLink": "https://www.sec.gov/Archives/edgar/data/1590955/000095017023003049/payc-20221231.htm"
  },
  {
    "date": "2022-09-30",
    "symbol": "PAYC",
    "reportedCurrency": "USD",
    "cik": "0001590955",
    "fillingDate": "2022-11-03",
    "acceptedDate": "2022-11-03 16:08:05",
    "calendarYear": "2022",
    "period": "Q3",
    "revenue": 334167000,
    "costOfRevenue": 55104000,
    "grossProfit": 279063000,
    "grossProfitRatio": 0.8351004139,
    "researchAndDevelopmentExpenses": 40366000,
    "generalAndAdministrativeExpenses": 60693000,
    "sellingAndMarketingExpenses": 91114000,
    "sellingGeneralAndAdministrativeExpenses": 151807000,
    "otherExpenses": 12625000,
    "operatingExpenses": 204798000,
    "costAndExpenses": 259902000,
    "interestIncome": 0,
    "interestExpense": 1018000,
    "depreciationAndAmortization": 23560000,
    "ebitda": 99866000,
    "ebitdaratio": 0.2988505747,
    "operatingIncome": 74265000,
    "operatingIncomeRatio": 0.2222391798,
    "totalOtherIncomeExpensesNet": 1023000,
    "incomeBeforeTax": 75288000,
    "incomeBeforeTaxRatio": 0.2253005234,
    "incomeTaxExpense": 23135000,
    "netIncome": 52153000,
    "netIncomeRatio": 0.1560686723,
    "eps": 0.9,
    "epsdiluted": 0.9,
    "weightedAverageShsOut": 57865000,
    "weightedAverageShsOutDil": 58033000,
    "link": "https://www.sec.gov/Archives/edgar/data/1590955/000095017022021851/0000950170-22-021851-index.htm",
    "finalLink": "https://www.sec.gov/Archives/edgar/data/1590955/000095017022021851/payc-20220930.htm"
  },
  {
    "date": "2022-06-30",
    "symbol": "PAYC",
    "reportedCurrency": "USD",
    "cik": "0001590955",
    "fillingDate": "2022-08-04",
    "acceptedDate": "2022-08-04 16:08:48",
    "calendarYear": "2022",
    "period": "Q2",
    "revenue": 316924000,
    "costOfRevenue": 50082000,
    "grossProfit": 266842000,
    "grossProfitRatio": 0.8419747321,
    "researchAndDevelopmentExpenses": 36803000,
    "generalAndAdministrativeExpenses": 57912000,
    "sellingAndMarketingExpenses": 87724000,
    "sellingGeneralAndAdministrativeExpenses": 145636000,
    "otherExpenses": 12090000,
    "operatingExpenses": 194529000,
    "costAndExpenses": 244611000,
    "interestIncome": 0,
    "interestExpense": 354000,
    "depreciationAndAmortization": 22568000,
    "ebitda": 95759000,
    "ebitdaratio": 0.3021513044,
    "operatingIncome": 72313000,
    "operatingIncomeRatio": 0.2281714228,
    "totalOtherIncomeExpensesNet": 524000,
    "incomeBeforeTax": 72837000,
    "incomeBeforeTaxRatio": 0.229824816,
    "incomeTaxExpense": 15482000,
    "netIncome": 57355000,
    "netIncomeRatio": 0.1809739875,
    "eps": 0.99,
    "epsdiluted": 0.99,
    "weightedAverageShsOut": 57969000,
    "weightedAverageShsOutDil": 58067000,
    "link": "https://www.sec.gov/Archives/edgar/data/1590955/000156459022028006/0001564590-22-028006-index.htm",
    "finalLink": "https://www.sec.gov/Archives/edgar/data/1590955/000156459022028006/payc-10q_20220630.htm"
  },
  {
    "date": "2022-03-31",
    "symbol": "PAYC",
    "reportedCurrency": "USD",
    "cik": "0001590955",
    "fillingDate": "2022-05-05",
    "acceptedDate": "2022-05-05 16:06:10",
    "calendarYear": "2022",
    "period": "Q1",
    "revenue": 353519000,
    "costOfRevenue": 48484000,
    "grossProfit": 305035000,
    "grossProfitRatio": 0.8628531988,
    "researchAndDevelopmentExpenses": 31605000,
    "generalAndAdministrativeExpenses": 60504000,
    "sellingAndMarketingExpenses": 74996000,
    "sellingGeneralAndAdministrativeExpenses": 135500000,
    "otherExpenses": 11663000,
    "operatingExpenses": 178768000,
    "costAndExpenses": 227252000,
    "interestIncome": 0,
    "interestExpense": 215000,
    "depreciationAndAmortization": 21655000,
    "ebitda": 149334000,
    "ebitdaratio": 0.4224214257,
    "operatingIncome": 126267000,
    "operatingIncomeRatio": 0.3571717503,
    "totalOtherIncomeExpensesNet": 1197000,
    "incomeBeforeTax": 127464000,
    "incomeBeforeTaxRatio": 0.3605577069,
    "incomeTaxExpense": 35534000,
    "netIncome": 91930000,
    "netIncomeRatio": 0.2600426003,
    "eps": 1.58,
    "epsdiluted": 1.58,
    "weightedAverageShsOut": 58014000,
    "weightedAverageShsOutDil": 58219000,
    "link": "https://www.sec.gov/Archives/edgar/data/1590955/000156459022018242/0001564590-22-018242-index.htm",
    "finalLink": "https://www.sec.gov/Archives/edgar/data/1590955/000156459022018242/payc-10q_20220331.htm"
  },
  {
    "date": "2021-12-31",
    "symbol": "PAYC",
    "reportedCurrency": "USD",
    "cik": "0001590955",
    "fillingDate": "2022-02-17",
    "acceptedDate": "2022-02-17 16:06:55",
    "calendarYear": "2021",
    "period": "Q4",
    "revenue": 284986000,
    "costOfRevenue": 46523000,
    "grossProfit": 238463000,
    "grossProfitRatio": 0.8367533844,
    "researchAndDevelopmentExpenses": 34414000,
    "generalAndAdministrativeExpenses": 49606000,
    "sellingAndMarketingExpenses": 75509000,
    "sellingGeneralAndAdministrativeExpenses": 125115000,
    "otherExpenses": 10308000,
    "operatingExpenses": 169837000,
    "costAndExpenses": 216360000,
    "interestIncome": 0,
    "interestExpense": 0,
    "depreciationAndAmortization": 18968000,
    "ebitda": 88970000,
    "ebitdaratio": 0.3121907743,
    "operatingIncome": 68626000,
    "operatingIncomeRatio": 0.2408048115,
    "totalOtherIncomeExpensesNet": 1376000,
    "incomeBeforeTax": 70002000,
    "incomeBeforeTaxRatio": 0.2456331188,
    "incomeTaxExpense": 21315000,
    "netIncome": 48687000,
    "netIncomeRatio": 0.1708399711,
    "eps": 0.84,
    "epsdiluted": 0.84,
    "weightedAverageShsOut": 58007000,
    "weightedAverageShsOutDil": 58238000,
    "link": "https://www.sec.gov/Archives/edgar/data/1590955/000156459022005562/0001564590-22-005562-index.htm",
    "finalLink": "https://www.sec.gov/Archives/edgar/data/1590955/000156459022005562/payc-10k_20211231.htm"
  },
  {
    "date": "2021-09-30",
    "symbol": "PAYC",
    "reportedCurrency": "USD",
    "cik": "0001590955",
    "fillingDate": "2021-11-04",
    "acceptedDate": "2021-11-04 16:06:35",
    "calendarYear": "2021",
    "period": "Q3",
    "revenue": 256194000,
    "costOfRevenue": 42680000,
    "grossProfit": 213514000,
    "grossProfitRatio": 0.8334074959,
    "researchAndDevelopmentExpenses": 31077000,
    "generalAndAdministrativeExpenses": 59980000,
    "sellingAndMarketingExpenses": 69745000,
    "sellingGeneralAndAdministrativeExpenses": 129725000,
    "otherExpenses": 9407000,
    "operatingExpenses": 170209000,
    "costAndExpenses": 212889000,
    "interestIncome": 0,
    "interestExpense": 0,
    "depreciationAndAmortization": 17321000,
    "ebitda": 60870000,
    "ebitdaratio": 0.2375933863,
    "operatingIncome": 43305000,
    "operatingIncomeRatio": 0.1690320616,
    "totalOtherIncomeExpensesNet": 244000,
    "incomeBeforeTax": 43549000,
    "incomeBeforeTaxRatio": 0.1699844649,
    "incomeTaxExpense": 13170000,
    "netIncome": 30379000,
    "netIncomeRatio": 0.1185781088,
    "eps": 0.52,
    "epsdiluted": 0.52,
    "weightedAverageShsOut": 57935000,
    "weightedAverageShsOutDil": 58190000,
    "link": "https://www.sec.gov/Archives/edgar/data/1590955/000156459021054471/0001564590-21-054471-index.htm",
    "finalLink": "https://www.sec.gov/Archives/edgar/data/1590955/000156459021054471/payc-10q_20210930.htm"
  },
  {
    "date": "2021-06-30",
    "symbol": "PAYC",
    "reportedCurrency": "USD",
    "cik": "0001590955",
    "fillingDate": "2021-08-05",
    "acceptedDate": "2021-08-05 16:09:37",
    "calendarYear": "2021",
    "period": "Q2",
    "revenue": 242146000,
    "costOfRevenue": 36410000,
    "grossProfit": 205736000,
    "grossProfitRatio": 0.8496361699,
    "researchAndDevelopmentExpenses": 28224000,
    "generalAndAdministrativeExpenses": 54063000,
    "sellingAndMarketingExpenses": 67979000,
    "sellingGeneralAndAdministrativeExpenses": 122042000,
    "otherExpenses": 8380000,
    "operatingExpenses": 158646000,
    "costAndExpenses": 195056000,
    "interestIncome": 0,
    "interestExpense": 0,
    "depreciationAndAmortization": 16017000,
    "ebitda": 63253000,
    "ebitdaratio": 0.2612184385,
    "operatingIncome": 47090000,
    "operatingIncomeRatio": 0.1944694523,
    "totalOtherIncomeExpensesNet": 146000,
    "incomeBeforeTax": 47236000,
    "incomeBeforeTaxRatio": 0.1950723943,
    "incomeTaxExpense": -5042000,
    "netIncome": 52278000,
    "netIncomeRatio": 0.215894543,
    "eps": 0.9,
    "epsdiluted": 0.9,
    "weightedAverageShsOut": 57853000,
    "weightedAverageShsOutDil": 58092000,
    "link": "https://www.sec.gov/Archives/edgar/data/1590955/000156459021041585/0001564590-21-041585-index.htm",
    "finalLink": "https://www.sec.gov/Archives/edgar/data/1590955/000156459021041585/payc-10q_20210630.htm"
  },
  {
    "date": "2021-03-31",
    "symbol": "PAYC",
    "reportedCurrency": "USD",
    "cik": "0001590955",
    "fillingDate": "2021-05-06",
    "acceptedDate": "2021-05-06 16:10:13",
    "calendarYear": "2021",
    "period": "Q1",
    "revenue": 272198000,
    "costOfRevenue": 36273000,
    "grossProfit": 235925000,
    "grossProfitRatio": 0.8667403875,
    "researchAndDevelopmentExpenses": 24711000,
    "generalAndAdministrativeExpenses": 46191000,
    "sellingAndMarketingExpenses": 62761000,
    "sellingGeneralAndAdministrativeExpenses": 108952000,
    "otherExpenses": 7716000,
    "operatingExpenses": 141379000,
    "costAndExpenses": 177652000,
    "interestIncome": 0,
    "interestExpense": 0,
    "depreciationAndAmortization": 14916000,
    "ebitda": 110091000,
    "ebitdaratio": 0.4044519063,
    "operatingIncome": 94546000,
    "operatingIncomeRatio": 0.3473427432,
    "totalOtherIncomeExpensesNet": 629000,
    "incomeBeforeTax": 95175000,
    "incomeBeforeTaxRatio": 0.349653561,
    "incomeTaxExpense": 30559000,
    "netIncome": 64616000,
    "netIncomeRatio": 0.2373860205,
    "eps": 1.12,
    "epsdiluted": 1.11,
    "weightedAverageShsOut": 57740000,
    "weightedAverageShsOutDil": 58394000,
    "link": "https://www.sec.gov/Archives/edgar/data/1590955/000156459021024960/0001564590-21-024960-index.htm",
    "finalLink": "https://www.sec.gov/Archives/edgar/data/1590955/000156459021024960/payc-10q_20210331.htm"
  },
  {
    "date": "2020-12-31",
    "symbol": "PAYC",
    "reportedCurrency": "USD",
    "cik": "0001590955",
    "fillingDate": "2021-02-18",
    "acceptedDate": "2021-02-18 16:07:23",
    "calendarYear": "2020",
    "period": "Q4",
    "revenue": 220947000,
    "costOfRevenue": 33030000,
    "grossProfit": 187917000,
    "grossProfitRatio": 0.8505071352,
    "researchAndDevelopmentExpenses": 25073000,
    "generalAndAdministrativeExpenses": 56713000,
    "sellingAndMarketingExpenses": 62488000,
    "sellingGeneralAndAdministrativeExpenses": 119201000,
    "otherExpenses": 7396000,
    "operatingExpenses": 151670000,
    "costAndExpenses": 184700000,
    "interestIncome": 0,
    "interestExpense": 0,
    "depreciationAndAmortization": 14300000,
    "ebitda": 50901000,
    "ebitdaratio": 0.2303765156,
    "operatingIncome": 36247000,
    "operatingIncomeRatio": 0.1640529177,
    "totalOtherIncomeExpensesNet": 354000,
    "incomeBeforeTax": 36601000,
    "incomeBeforeTaxRatio": 0.1656551119,
    "incomeTaxExpense": 12234000,
    "netIncome": 24367000,
    "netIncomeRatio": 0.1102843668,
    "eps": 0.42,
    "epsdiluted": 0.42,
    "weightedAverageShsOut": 57653000,
    "weightedAverageShsOutDil": 58214000,
    "link": "https://www.sec.gov/Archives/edgar/data/1590955/000156459021006660/0001564590-21-006660-index.htm",
    "finalLink": "https://www.sec.gov/Archives/edgar/data/1590955/000156459021006660/payc-10k_20201231.htm"
  },
  {
    "date": "2020-09-30",
    "symbol": "PAYC",
    "reportedCurrency": "USD",
    "cik": "0001590955",
    "fillingDate": "2020-11-05",
    "acceptedDate": "2020-11-05 16:07:03",
    "calendarYear": "2020",
    "period": "Q3",
    "revenue": 196532000,
    "costOfRevenue": 30912000,
    "grossProfit": 165620000,
    "grossProfitRatio": 0.8427126371,
    "researchAndDevelopmentExpenses": 21772000,
    "generalAndAdministrativeExpenses": 40516000,
    "sellingAndMarketingExpenses": 62146000,
    "sellingGeneralAndAdministrativeExpenses": 102662000,
    "otherExpenses": 7150000,
    "operatingExpenses": 131584000,
    "costAndExpenses": 162496000,
    "interestIncome": 0,
    "interestExpense": 0,
    "depreciationAndAmortization": 13783000,
    "ebitda": 48065000,
    "ebitdaratio": 0.2445657705,
    "operatingIncome": 34036000,
    "operatingIncomeRatio": 0.1731829931,
    "totalOtherIncomeExpensesNet": 246000,
    "incomeBeforeTax": 34282000,
    "incomeBeforeTaxRatio": 0.1744346977,
    "incomeTaxExpense": 6800000,
    "netIncome": 27482000,
    "netIncomeRatio": 0.1398347343,
    "eps": 0.48,
    "epsdiluted": 0.47,
    "weightedAverageShsOut": 57603000,
    "weightedAverageShsOutDil": 58171000,
    "link": "https://www.sec.gov/Archives/edgar/data/1590955/000156459020051300/0001564590-20-051300-index.htm",
    "finalLink": "https://www.sec.gov/Archives/edgar/data/1590955/000156459020051300/payc-10q_20200930.htm"
  },
  {
    "date": "2020-06-30",
    "symbol": "PAYC",
    "reportedCurrency": "USD",
    "cik": "0001590955",
    "fillingDate": "2020-08-06",
    "acceptedDate": "2020-08-06 16:12:10",
    "calendarYear": "2020",
    "period": "Q2",
    "revenue": 181587000,
    "costOfRevenue": 29558000,
    "grossProfit": 152029000,
    "grossProfitRatio": 0.8372240304,
    "researchAndDevelopmentExpenses": 21778000,
    "generalAndAdministrativeExpenses": 40837000,
    "sellingAndMarketingExpenses": 56064000,
    "sellingGeneralAndAdministrativeExpenses": 96901000,
    "otherExpenses": 6774000,
    "operatingExpenses": 125453000,
    "costAndExpenses": 155011000,
    "interestIncome": 0,
    "interestExpense": 3000,
    "depreciationAndAmortization": 13075000,
    "ebitda": 39813000,
    "ebitdaratio": 0.2192502767,
    "operatingIncome": 26576000,
    "operatingIncomeRatio": 0.1463540892,
    "totalOtherIncomeExpensesNet": 159000,
    "incomeBeforeTax": 26735000,
    "incomeBeforeTaxRatio": 0.1472297026,
    "incomeTaxExpense": -1854000,
    "netIncome": 28589000,
    "netIncomeRatio": 0.1574396846,
    "eps": 0.5,
    "epsdiluted": 0.49,
    "weightedAverageShsOut": 57568000,
    "weightedAverageShsOutDil": 58237000,
    "link": "https://www.sec.gov/Archives/edgar/data/1590955/000156459020037741/0001564590-20-037741-index.htm",
    "finalLink": "https://www.sec.gov/Archives/edgar/data/1590955/000156459020037741/payc-10q_20200630.htm"
  },
  {
    "date": "2020-03-31",
    "symbol": "PAYC",
    "reportedCurrency": "USD",
    "cik": "0001590955",
    "fillingDate": "2020-04-30",
    "acceptedDate": "2020-04-30 16:13:44",
    "calendarYear": "2020",
    "period": "Q1",
    "revenue": 242368000,
    "costOfRevenue": 30046000,
    "grossProfit": 212322000,
    "grossProfitRatio": 0.8760314893,
    "researchAndDevelopmentExpenses": 21621000,
    "generalAndAdministrativeExpenses": 40134000,
    "sellingAndMarketingExpenses": 55018000,
    "sellingGeneralAndAdministrativeExpenses": 95152000,
    "otherExpenses": 6285000,
    "operatingExpenses": 123058000,
    "costAndExpenses": 153104000,
    "interestIncome": 0,
    "interestExpense": 16000,
    "depreciationAndAmortization": 12215000,
    "ebitda": 100549000,
    "ebitdaratio": 0.4148608727,
    "operatingIncome": 89264000,
    "operatingIncomeRatio": 0.3682994455,
    "totalOtherIncomeExpensesNet": -946000,
    "incomeBeforeTax": 88318000,
    "incomeBeforeTaxRatio": 0.3643962899,
    "incomeTaxExpense": 25303000,
    "netIncome": 63015000,
    "netIncomeRatio": 0.2599971943,
    "eps": 1.09,
    "epsdiluted": 1.08,
    "weightedAverageShsOut": 57655000,
    "weightedAverageShsOutDil": 58440000,
    "link": "https://www.sec.gov/Archives/edgar/data/1590955/000156459020020184/0001564590-20-020184-index.htm",
    "finalLink": "https://www.sec.gov/Archives/edgar/data/1590955/000156459020020184/payc-10q_20200331.htm"
  },
  {
    "date": "2019-12-31",
    "symbol": "PAYC",
    "reportedCurrency": "USD",
    "cik": "0001590955",
    "fillingDate": "2020-02-13",
    "acceptedDate": "2020-02-13 17:01:49",
    "calendarYear": "2019",
    "period": "Q4",
    "revenue": 193409000,
    "costOfRevenue": 28798000,
    "grossProfit": 164611000,
    "grossProfitRatio": 0.8511031028,
    "researchAndDevelopmentExpenses": 18211000,
    "generalAndAdministrativeExpenses": 29148000,
    "sellingAndMarketingExpenses": 51006000,
    "sellingGeneralAndAdministrativeExpenses": 80154000,
    "otherExpenses": 5952000,
    "operatingExpenses": 104317000,
    "costAndExpenses": 133115000,
    "interestIncome": 0,
    "interestExpense": 146000,
    "depreciationAndAmortization": 11567000,
    "ebitda": 72832000,
    "ebitdaratio": 0.3765698597,
    "operatingIncome": 60294000,
    "operatingIncomeRatio": 0.3117435073,
    "totalOtherIncomeExpensesNet": 825000,
    "incomeBeforeTax": 61119000,
    "incomeBeforeTaxRatio": 0.3160090792,
    "incomeTaxExpense": 15739000,
    "netIncome": 45380000,
    "netIncomeRatio": 0.2346323077,
    "eps": 0.79,
    "epsdiluted": 0.78,
    "weightedAverageShsOut": 57659000,
    "weightedAverageShsOutDil": 58378000,
    "link": "https://www.sec.gov/Archives/edgar/data/1590955/000156459020004636/0001564590-20-004636-index.htm",
    "finalLink": "https://www.sec.gov/Archives/edgar/data/1590955/000156459020004636/payc-10k_20191231.htm"
  },
  {
    "date": "2019-09-30",
    "symbol": "PAYC",
    "reportedCurrency": "USD",
    "cik": "0001590955",
    "fillingDate": "2019-10-31",
    "acceptedDate": "2019-10-31 17:28:43",
    "calendarYear": "2019",
    "period": "Q3",
    "revenue": 175006000,
    "costOfRevenue": 26392000,
    "grossProfit": 148614000,
    "grossProfitRatio": 0.8491937419,
    "researchAndDevelopmentExpenses": 19605000,
    "generalAndAdministrativeExpenses": 25728000,
    "sellingAndMarketingExpenses": 47060000,
    "sellingGeneralAndAdministrativeExpenses": 72788000,
    "otherExpenses": 5665000,
    "operatingExpenses": 98058000,
    "costAndExpenses": 124450000,
    "interestIncome": 0,
    "interestExpense": 260000,
    "depreciationAndAmortization": 10969000,
    "ebitda": 61720000,
    "ebitdaratio": 0.3526736226,
    "operatingIncome": 50556000,
    "operatingIncomeRatio": 0.2888815241,
    "totalOtherIncomeExpensesNet": -65000,
    "incomeBeforeTax": 50491000,
    "incomeBeforeTaxRatio": 0.2885101082,
    "incomeTaxExpense": 11339000,
    "netIncome": 39152000,
    "netIncomeRatio": 0.223718044,
    "eps": 0.68,
    "epsdiluted": 0.67,
    "weightedAverageShsOut": 57654000,
    "weightedAverageShsOutDil": 58383000,
    "link": "https://www.sec.gov/Archives/edgar/data/1590955/000156459019039201/0001564590-19-039201-index.htm",
    "finalLink": "https://www.sec.gov/Archives/edgar/data/1590955/000156459019039201/payc-10q_20190930.htm"
  },
  {
    "date": "2019-06-30",
    "symbol": "PAYC",
    "reportedCurrency": "USD",
    "cik": "0001590955",
    "fillingDate": "2019-08-01",
    "acceptedDate": "2019-08-01 16:34:34",
    "calendarYear": "2019",
    "period": "Q2",
    "revenue": 169313000,
    "costOfRevenue": 25239000,
    "grossProfit": 144074000,
    "grossProfitRatio": 0.8509328876,
    "researchAndDevelopmentExpenses": 16775000,
    "generalAndAdministrativeExpenses": 27460000,
    "sellingAndMarketingExpenses": 41575000,
    "sellingGeneralAndAdministrativeExpenses": 69035000,
    "otherExpenses": 5378000,
    "operatingExpenses": 91188000,
    "costAndExpenses": 116427000,
    "interestIncome": 0,
    "interestExpense": 258000,
    "depreciationAndAmortization": 10328000,
    "ebitda": 62951000,
    "ebitdaratio": 0.3718025196,
    "operatingIncome": 52886000,
    "operatingIncomeRatio": 0.312356405,
    "totalOtherIncomeExpensesNet": -521000,
    "incomeBeforeTax": 52365000,
    "incomeBeforeTaxRatio": 0.3092792638,
    "incomeTaxExpense": 3603000,
    "netIncome": 48762000,
    "netIncomeRatio": 0.2879991495,
    "eps": 0.85,
    "epsdiluted": 0.83,
    "weightedAverageShsOut": 57569000,
    "weightedAverageShsOutDil": 58410000,
    "link": "https://www.sec.gov/Archives/edgar/data/1590955/000156459019027991/0001564590-19-027991-index.htm",
    "finalLink": "https://www.sec.gov/Archives/edgar/data/1590955/000156459019027991/payc-10q_20190630.htm"
  },
  {
    "date": "2019-03-31",
    "symbol": "PAYC",
    "reportedCurrency": "USD",
    "cik": "0001590955",
    "fillingDate": "2019-05-02",
    "acceptedDate": "2019-05-02 17:07:54",
    "calendarYear": "2019",
    "period": "Q1",
    "revenue": 199943000,
    "costOfRevenue": 29318000,
    "grossProfit": 170625000,
    "grossProfitRatio": 0.8533682099,
    "researchAndDevelopmentExpenses": 18489000,
    "generalAndAdministrativeExpenses": 45198000,
    "sellingAndMarketingExpenses": 39645000,
    "sellingGeneralAndAdministrativeExpenses": 84843000,
    "otherExpenses": 4805000,
    "operatingExpenses": 108137000,
    "costAndExpenses": 137455000,
    "interestIncome": 0,
    "interestExpense": 276000,
    "depreciationAndAmortization": 9347000,
    "ebitda": 71735000,
    "ebitdaratio": 0.3587772515,
    "operatingIncome": 62488000,
    "operatingIncomeRatio": 0.3125290708,
    "totalOtherIncomeExpensesNet": -376000,
    "incomeBeforeTax": 62112000,
    "incomeBeforeTaxRatio": 0.3106485348,
    "incomeTaxExpense": 14830000,
    "netIncome": 47282000,
    "netIncomeRatio": 0.2364773961,
    "eps": 0.82,
    "epsdiluted": 0.81,
    "weightedAverageShsOut": 57357000,
    "weightedAverageShsOutDil": 58316000,
    "link": "https://www.sec.gov/Archives/edgar/data/1590955/000156459019015388/0001564590-19-015388-index.htm",
    "finalLink": "https://www.sec.gov/Archives/edgar/data/1590955/000156459019015388/payc-10q_20190331.htm"
  },
  {
    "date": "2018-12-31",
    "symbol": "PAYC",
    "reportedCurrency": "USD",
    "cik": "0001590955",
    "fillingDate": "2019-02-14",
    "acceptedDate": "2019-02-14 16:13:03",
    "calendarYear": "2018",
    "period": "Q4",
    "revenue": 150332000,
    "costOfRevenue": 24102000,
    "grossProfit": 126230000,
    "grossProfitRatio": 0.839674853,
    "researchAndDevelopmentExpenses": 12740000,
    "generalAndAdministrativeExpenses": 22905000,
    "sellingAndMarketingExpenses": 42699000,
    "sellingGeneralAndAdministrativeExpenses": 65604000,
    "otherExpenses": 4473000,
    "operatingExpenses": 82817000,
    "costAndExpenses": 106919000,
    "interestIncome": 0,
    "interestExpense": 348000,
    "depreciationAndAmortization": 8747000,
    "ebitda": 51794000,
    "ebitdaratio": 0.3445307719,
    "operatingIncome": 43413000,
    "operatingIncomeRatio": 0.2887808318,
    "totalOtherIncomeExpensesNet": -714000,
    "incomeBeforeTax": 42699000,
    "incomeBeforeTaxRatio": 0.284031344,
    "incomeTaxExpense": 11285000,
    "netIncome": 31414000,
    "netIncomeRatio": 0.2089641593,
    "eps": 0.55,
    "epsdiluted": 0.54,
    "weightedAverageShsOut": 57491280,
    "weightedAverageShsOutDil": 58238231,
    "link": "https://www.sec.gov/Archives/edgar/data/1590955/000156459019002998/0001564590-19-002998-index.htm",
    "finalLink": "https://www.sec.gov/Archives/edgar/data/1590955/000156459019002998/payc-10k_20181231.htm"
  },
  {
    "date": "2018-09-30",
    "symbol": "PAYC",
    "reportedCurrency": "USD",
    "cik": "0001590955",
    "fillingDate": "2018-11-01",
    "acceptedDate": "2018-11-01 16:08:41",
    "calendarYear": "2018",
    "period": "Q3",
    "revenue": 133288000,
    "costOfRevenue": 22125000,
    "grossProfit": 111163000,
    "grossProfitRatio": 0.8340060621,
    "researchAndDevelopmentExpenses": 11526000,
    "generalAndAdministrativeExpenses": 22048000,
    "sellingAndMarketingExpenses": 37183000,
    "sellingGeneralAndAdministrativeExpenses": 59231000,
    "otherExpenses": 4161000,
    "operatingExpenses": 74918000,
    "costAndExpenses": 97043000,
    "interestIncome": 0,
    "interestExpense": 384000,
    "depreciationAndAmortization": 8128000,
    "ebitda": 44956000,
    "ebitdaratio": 0.3372846768,
    "operatingIncome": 36245000,
    "operatingIncomeRatio": 0.2719299562,
    "totalOtherIncomeExpensesNet": 199000,
    "incomeBeforeTax": 36444000,
    "incomeBeforeTaxRatio": 0.2734229638,
    "incomeTaxExpense": 7675000,
    "netIncome": 28769000,
    "netIncomeRatio": 0.2158408859,
    "eps": 0.5,
    "epsdiluted": 0.49,
    "weightedAverageShsOut": 57726790,
    "weightedAverageShsOutDil": 58545061,
    "link": "https://www.sec.gov/Archives/edgar/data/1590955/000156459018026220/0001564590-18-026220-index.htm",
    "finalLink": "https://www.sec.gov/Archives/edgar/data/1590955/000156459018026220/payc-10q_20180930.htm"
  },
  {
    "date": "2018-06-30",
    "symbol": "PAYC",
    "reportedCurrency": "USD",
    "cik": "0001590955",
    "fillingDate": "2018-08-02",
    "acceptedDate": "2018-08-02 16:14:57",
    "calendarYear": "2018",
    "period": "Q2",
    "revenue": 128800000,
    "costOfRevenue": 20931000,
    "grossProfit": 107869000,
    "grossProfitRatio": 0.837492236,
    "researchAndDevelopmentExpenses": 10731000,
    "generalAndAdministrativeExpenses": 18995000,
    "sellingAndMarketingExpenses": 31647000,
    "sellingGeneralAndAdministrativeExpenses": 50642000,
    "otherExpenses": 3459000,
    "operatingExpenses": 64832000,
    "costAndExpenses": 85763000,
    "interestIncome": 0,
    "interestExpense": 34000,
    "depreciationAndAmortization": 6713000,
    "ebitda": 50265000,
    "ebitdaratio": 0.3902562112,
    "operatingIncome": 43037000,
    "operatingIncomeRatio": 0.3341381988,
    "totalOtherIncomeExpensesNet": 481000,
    "incomeBeforeTax": 43518000,
    "incomeBeforeTaxRatio": 0.3378726708,
    "incomeTaxExpense": 7796000,
    "netIncome": 35722000,
    "netIncomeRatio": 0.2773447205,
    "eps": 0.62,
    "epsdiluted": 0.61,
    "weightedAverageShsOut": 57837312,
    "weightedAverageShsOutDil": 58720785,
    "link": "https://www.sec.gov/Archives/edgar/data/1590955/000156459018018908/0001564590-18-018908-index.htm",
    "finalLink": "https://www.sec.gov/Archives/edgar/data/1590955/000156459018018908/payc-10q_20180630.htm"
  },
  {
    "date": "2018-03-31",
    "symbol": "PAYC",
    "reportedCurrency": "USD",
    "cik": "0001590955",
    "fillingDate": "2018-05-03",
    "acceptedDate": "2018-05-03 16:22:47",
    "calendarYear": "2018",
    "period": "Q1",
    "revenue": 153916000,
    "costOfRevenue": 23605000,
    "grossProfit": 130311000,
    "grossProfitRatio": 0.8466371267,
    "researchAndDevelopmentExpenses": 11250000,
    "generalAndAdministrativeExpenses": 32657000,
    "sellingAndMarketingExpenses": 32352000,
    "sellingGeneralAndAdministrativeExpenses": 65009000,
    "otherExpenses": 3032000,
    "operatingExpenses": 79291000,
    "costAndExpenses": 102896000,
    "interestIncome": 0,
    "interestExpense": 0,
    "depreciationAndAmortization": 6069000,
    "ebitda": 58119000,
    "ebitdaratio": 0.3776020687,
    "operatingIncome": 51020000,
    "operatingIncomeRatio": 0.3314795083,
    "totalOtherIncomeExpensesNet": 1030000,
    "incomeBeforeTax": 52050000,
    "incomeBeforeTaxRatio": 0.3381714702,
    "incomeTaxExpense": 10890000,
    "netIncome": 41160000,
    "netIncomeRatio": 0.267418592,
    "eps": 0.71,
    "epsdiluted": 0.7,
    "weightedAverageShsOut": 57793023,
    "weightedAverageShsOutDil": 58738732,
    "link": "https://www.sec.gov/Archives/edgar/data/1590955/000156459018010699/0001564590-18-010699-index.htm",
    "finalLink": "https://www.sec.gov/Archives/edgar/data/1590955/000156459018010699/payc-10q_20180331.htm"
  },
  {
    "date": "2017-12-31",
    "symbol": "PAYC",
    "reportedCurrency": "USD",
    "cik": "0001590955",
    "fillingDate": "2018-02-14",
    "acceptedDate": "2018-02-14 17:13:17",
    "calendarYear": "2017",
    "period": "Q4",
    "revenue": 114025000,
    "costOfRevenue": 19180000,
    "grossProfit": 94845000,
    "grossProfitRatio": 0.8317912738,
    "researchAndDevelopmentExpenses": 7426000,
    "generalAndAdministrativeExpenses": 21197000,
    "sellingAndMarketingExpenses": 44052000,
    "sellingGeneralAndAdministrativeExpenses": 65249000,
    "otherExpenses": 2736000,
    "operatingExpenses": 75411000,
    "costAndExpenses": 94591000,
    "interestIncome": 0,
    "interestExpense": 153000,
    "depreciationAndAmortization": 5497000,
    "ebitda": 23502000,
    "ebitdaratio": 0.2061126946,
    "operatingIncome": 19434000,
    "operatingIncomeRatio": 0.1704363078,
    "totalOtherIncomeExpensesNet": -1582000,
    "incomeBeforeTax": 17852000,
    "incomeBeforeTaxRatio": 0.1565621574,
    "incomeTaxExpense": 4947000,
    "netIncome": 12905000,
    "netIncomeRatio": 0.1131769349,
    "eps": 0.22,
    "epsdiluted": 0.22,
    "weightedAverageShsOut": 58100141,
    "weightedAverageShsOutDil": 58850271,
    "link": "https://www.sec.gov/Archives/edgar/data/1590955/000156459018002088/0001564590-18-002088-index.htm",
    "finalLink": "https://www.sec.gov/Archives/edgar/data/1590955/000156459018002088/payc-10k_20171231.htm"
  },
  {
    "date": "2017-09-30",
    "symbol": "PAYC",
    "reportedCurrency": "USD",
    "cik": "0001590955",
    "fillingDate": "2017-11-02",
    "acceptedDate": "2017-11-02 16:10:29",
    "calendarYear": "2017",
    "period": "Q3",
    "revenue": 101287000,
    "costOfRevenue": 17826000,
    "grossProfit": 83461000,
    "grossProfitRatio": 0.8240050549,
    "researchAndDevelopmentExpenses": 8112000,
    "generalAndAdministrativeExpenses": 23207000,
    "sellingAndMarketingExpenses": 27732000,
    "sellingGeneralAndAdministrativeExpenses": 50939000,
    "otherExpenses": 2403000,
    "operatingExpenses": 61454000,
    "costAndExpenses": 79280000,
    "interestIncome": 0,
    "interestExpense": 220000,
    "depreciationAndAmortization": 4905000,
    "ebitda": 27030000,
    "ebitdaratio": 0.2668654418,
    "operatingIncome": 22007000,
    "operatingIncomeRatio": 0.2172736876,
    "totalOtherIncomeExpensesNet": -102000,
    "incomeBeforeTax": 21905000,
    "incomeBeforeTaxRatio": 0.2162666482,
    "incomeTaxExpense": -2732000,
    "netIncome": 14067000,
    "netIncomeRatio": 0.1388825812,
    "eps": 0.24,
    "epsdiluted": 0.24,
    "weightedAverageShsOut": 58003222,
    "weightedAverageShsOutDil": 58873502,
    "link": "https://www.sec.gov/Archives/edgar/data/1590955/000156459017021195/0001564590-17-021195-index.htm",
    "finalLink": "https://www.sec.gov/Archives/edgar/data/1590955/000156459017021195/payc-10q_20170930.htm"
  },
  {
    "date": "2017-06-30",
    "symbol": "PAYC",
    "reportedCurrency": "USD",
    "cik": "0001590955",
    "fillingDate": "2017-08-02",
    "acceptedDate": "2017-08-02 17:08:09",
    "calendarYear": "2017",
    "period": "Q2",
    "revenue": 98227000,
    "costOfRevenue": 17876000,
    "grossProfit": 80351000,
    "grossProfitRatio": 0.8180133772,
    "researchAndDevelopmentExpenses": 8095000,
    "generalAndAdministrativeExpenses": 23594000,
    "sellingAndMarketingExpenses": 27430000,
    "sellingGeneralAndAdministrativeExpenses": 51024000,
    "otherExpenses": 2440000,
    "operatingExpenses": 61559000,
    "costAndExpenses": 79435000,
    "interestIncome": 0,
    "interestExpense": 281000,
    "depreciationAndAmortization": 4707000,
    "ebitda": 23648000,
    "ebitdaratio": 0.2407484704,
    "operatingIncome": 18792000,
    "operatingIncomeRatio": 0.1913119611,
    "totalOtherIncomeExpensesNet": -132000,
    "incomeBeforeTax": 18660000,
    "incomeBeforeTaxRatio": 0.189968135,
    "incomeTaxExpense": -5264000,
    "netIncome": 14221000,
    "netIncomeRatio": 0.1447768943,
    "eps": 0.24,
    "epsdiluted": 0.24,
    "weightedAverageShsOut": 57898914,
    "weightedAverageShsOutDil": 58816442,
    "link": "https://www.sec.gov/Archives/edgar/data/1590955/000156459017014965/0001564590-17-014965-index.htm",
    "finalLink": "https://www.sec.gov/Archives/edgar/data/1590955/000156459017014965/payc-10q_20170630.htm"
  },
  {
    "date": "2017-03-31",
    "symbol": "PAYC",
    "reportedCurrency": "USD",
    "cik": "0001590955",
    "fillingDate": "2017-05-04",
    "acceptedDate": "2017-05-04 16:15:00",
    "calendarYear": "2017",
    "period": "Q1",
    "revenue": 119508000,
    "costOfRevenue": 17146000,
    "grossProfit": 102362000,
    "grossProfitRatio": 0.8565284332,
    "researchAndDevelopmentExpenses": 6797000,
    "generalAndAdministrativeExpenses": 15250000,
    "sellingAndMarketingExpenses": 25579000,
    "sellingGeneralAndAdministrativeExpenses": 40829000,
    "otherExpenses": 2226000,
    "operatingExpenses": 49852000,
    "costAndExpenses": 66998000,
    "interestIncome": 0,
    "interestExpense": 257000,
    "depreciationAndAmortization": 4286000,
    "ebitda": 56891000,
    "ebitdaratio": 0.4760434448,
    "operatingIncome": 52510000,
    "operatingIncomeRatio": 0.4393848111,
    "totalOtherIncomeExpensesNet": -162000,
    "incomeBeforeTax": 52348000,
    "incomeBeforeTaxRatio": 0.4380292533,
    "incomeTaxExpense": 12889000,
    "netIncome": 25614000,
    "netIncomeRatio": 0.2143287479,
    "eps": 0.44,
    "epsdiluted": 0.43,
    "weightedAverageShsOut": 57307187,
    "weightedAverageShsOutDil": 58525980,
    "link": "https://www.sec.gov/Archives/edgar/data/1590955/000156459017008773/0001564590-17-008773-index.htm",
    "finalLink": "https://www.sec.gov/Archives/edgar/data/1590955/000156459017008773/payc-10q_20170331.htm"
  },
  {
    "date": "2016-12-31",
    "symbol": "PAYC",
    "reportedCurrency": "USD",
    "cik": "0001590955",
    "fillingDate": "2017-02-21",
    "acceptedDate": "2017-02-21 16:12:11",
    "calendarYear": "2016",
    "period": "Q4",
    "revenue": 87810000,
    "costOfRevenue": 15482000,
    "grossProfit": 72328000,
    "grossProfitRatio": 0.8236875071,
    "researchAndDevelopmentExpenses": 6672000,
    "generalAndAdministrativeExpenses": 14163000,
    "sellingAndMarketingExpenses": 36556000,
    "sellingGeneralAndAdministrativeExpenses": 50719000,
    "otherExpenses": 2256000,
    "operatingExpenses": 59647000,
    "costAndExpenses": 75129000,
    "interestIncome": 0,
    "interestExpense": 303000,
    "depreciationAndAmortization": 3961000,
    "ebitda": 17013000,
    "ebitdaratio": 0.1937478647,
    "operatingIncome": 12681000,
    "operatingIncomeRatio": 0.1444140758,
    "totalOtherIncomeExpensesNet": 68000,
    "incomeBeforeTax": 12749000,
    "incomeBeforeTaxRatio": 0.1451884751,
    "incomeTaxExpense": 4116000,
    "netIncome": 8633000,
    "netIncomeRatio": 0.0983145428,
    "eps": 0.15,
    "epsdiluted": 0.15,
    "weightedAverageShsOut": 57652531,
    "weightedAverageShsOutDil": 58882966,
    "link": "https://www.sec.gov/Archives/edgar/data/1590955/000156459017001891/0001564590-17-001891-index.htm",
    "finalLink": "https://www.sec.gov/Archives/edgar/data/1590955/000156459017001891/payc-10k_20161231.htm"
  },
  {
    "date": "2016-09-30",
    "symbol": "PAYC",
    "reportedCurrency": "USD",
    "cik": "0001590955",
    "fillingDate": "2016-11-03",
    "acceptedDate": "2016-11-03 16:15:18",
    "calendarYear": "2016",
    "period": "Q3",
    "revenue": 77325000,
    "costOfRevenue": 14748000,
    "grossProfit": 62577000,
    "grossProfitRatio": 0.8092725509,
    "researchAndDevelopmentExpenses": 6232000,
    "generalAndAdministrativeExpenses": 24457000,
    "sellingAndMarketingExpenses": 29274000,
    "sellingGeneralAndAdministrativeExpenses": 53731000,
    "otherExpenses": 2032000,
    "operatingExpenses": 61995000,
    "costAndExpenses": 76743000,
    "interestIncome": 0,
    "interestExpense": 252000,
    "depreciationAndAmortization": 3553000,
    "ebitda": 3922000,
    "ebitdaratio": 0.0507209829,
    "operatingIncome": 582000,
    "operatingIncomeRatio": 0.0075266731,
    "totalOtherIncomeExpensesNet": -465000,
    "incomeBeforeTax": 117000,
    "incomeBeforeTaxRatio": 0.0015130941,
    "incomeTaxExpense": -6081000,
    "netIncome": 6198000,
    "netIncomeRatio": 0.0801551891,
    "eps": 0.11,
    "epsdiluted": 0.1,
    "weightedAverageShsOut": 57819734,
    "weightedAverageShsOutDil": 58907281,
    "link": "https://www.sec.gov/Archives/edgar/data/1590955/000156459016027365/0001564590-16-027365-index.htm",
    "finalLink": "https://www.sec.gov/Archives/edgar/data/1590955/000156459016027365/payc-10q_20160930.htm"
  },
  {
    "date": "2016-06-30",
    "symbol": "PAYC",
    "reportedCurrency": "USD",
    "cik": "0001590955",
    "fillingDate": "2016-08-03",
    "acceptedDate": "2016-08-03 16:12:18",
    "calendarYear": "2016",
    "period": "Q2",
    "revenue": 73880000,
    "costOfRevenue": 11865000,
    "grossProfit": 62015000,
    "grossProfitRatio": 0.8394017325,
    "researchAndDevelopmentExpenses": 4202000,
    "generalAndAdministrativeExpenses": 15220000,
    "sellingAndMarketingExpenses": 24766000,
    "sellingGeneralAndAdministrativeExpenses": 39986000,
    "otherExpenses": 1823000,
    "operatingExpenses": 46011000,
    "costAndExpenses": 57876000,
    "interestIncome": 0,
    "interestExpense": 170000,
    "depreciationAndAmortization": 3209000,
    "ebitda": 19329000,
    "ebitdaratio": 0.2616269626,
    "operatingIncome": 16004000,
    "operatingIncomeRatio": 0.2166215485,
    "totalOtherIncomeExpensesNet": -54000,
    "incomeBeforeTax": 15950000,
    "incomeBeforeTaxRatio": 0.2158906335,
    "incomeTaxExpense": 5529000,
    "netIncome": 10421000,
    "netIncomeRatio": 0.141053059,
    "eps": 0.18,
    "epsdiluted": 0.18,
    "weightedAverageShsOut": 57591556,
    "weightedAverageShsOutDil": 58697229,
    "link": "https://www.sec.gov/Archives/edgar/data/1590955/000156459016022350/0001564590-16-022350-index.htm",
    "finalLink": "https://www.sec.gov/Archives/edgar/data/1590955/000156459016022350/payc-10q_20160630.htm"
  },
  {
    "date": "2016-03-31",
    "symbol": "PAYC",
    "reportedCurrency": "USD",
    "cik": "0001590955",
    "fillingDate": "2016-05-05",
    "acceptedDate": "2016-05-05 16:50:51",
    "calendarYear": "2016",
    "period": "Q1",
    "revenue": 90126000,
    "costOfRevenue": 11971000,
    "grossProfit": 78155000,
    "grossProfitRatio": 0.8671748441,
    "researchAndDevelopmentExpenses": 3860000,
    "generalAndAdministrativeExpenses": 15206000,
    "sellingAndMarketingExpenses": 28662000,
    "sellingGeneralAndAdministrativeExpenses": 43868000,
    "otherExpenses": 1723000,
    "operatingExpenses": 49451000,
    "costAndExpenses": 61422000,
    "interestIncome": 0,
    "interestExpense": 311000,
    "depreciationAndAmortization": 2909000,
    "ebitda": 31647000,
    "ebitdaratio": 0.3511417349,
    "operatingIncome": 28704000,
    "operatingIncomeRatio": 0.3184874509,
    "totalOtherIncomeExpensesNet": -277000,
    "incomeBeforeTax": 28427000,
    "incomeBeforeTaxRatio": 0.315413976,
    "incomeTaxExpense": 9839000,
    "netIncome": 18588000,
    "netIncomeRatio": 0.2062445909,
    "eps": 0.32,
    "epsdiluted": 0.31,
    "weightedAverageShsOut": 57132909,
    "weightedAverageShsOutDil": 58362040,
    "link": "https://www.sec.gov/Archives/edgar/data/1590955/000156459016018027/0001564590-16-018027-index.htm",
    "finalLink": "https://www.sec.gov/Archives/edgar/data/1590955/000156459016018027/payc-10q_20160331.htm"
  },
  {
    "date": "2015-12-31",
    "symbol": "PAYC",
    "reportedCurrency": "USD",
    "cik": "0001590955",
    "fillingDate": "2016-02-22",
    "acceptedDate": "2016-02-22 16:37:32",
    "calendarYear": "2015",
    "period": "Q4",
    "revenue": 65118000,
    "costOfRevenue": 10262000,
    "grossProfit": 54856000,
    "grossProfitRatio": 0.8424091649,
    "researchAndDevelopmentExpenses": 2504000,
    "generalAndAdministrativeExpenses": 13750000,
    "sellingAndMarketingExpenses": 30810000,
    "sellingGeneralAndAdministrativeExpenses": 44560000,
    "otherExpenses": 1558000,
    "operatingExpenses": 48622000,
    "costAndExpenses": 58884000,
    "interestIncome": 0,
    "interestExpense": 360000,
    "depreciationAndAmortization": 2599000,
    "ebitda": 9200000,
    "ebitdaratio": 0.1412819804,
    "operatingIncome": 6234000,
    "operatingIncomeRatio": 0.0957338985,
    "totalOtherIncomeExpensesNet": 7000,
    "incomeBeforeTax": 6241000,
    "incomeBeforeTaxRatio": 0.0958413956,
    "incomeTaxExpense": 1084000,
    "netIncome": 5157000,
    "netIncomeRatio": 0.0791946927,
    "eps": 0.09,
    "epsdiluted": 0.09,
    "weightedAverageShsOut": 57109987,
    "weightedAverageShsOutDil": 58365587,
    "link": "https://www.sec.gov/Archives/edgar/data/1590955/000156459016013001/0001564590-16-013001-index.htm",
    "finalLink": "https://www.sec.gov/Archives/edgar/data/1590955/000156459016013001/payc-10k_20151231.htm"
  },
  {
    "date": "2015-09-30",
    "symbol": "PAYC",
    "reportedCurrency": "USD",
    "cik": "0001590955",
    "fillingDate": "2015-11-06",
    "acceptedDate": "2015-11-06 16:29:11",
    "calendarYear": "2015",
    "period": "Q3",
    "revenue": 55340000,
    "costOfRevenue": 8909000,
    "grossProfit": 46431000,
    "grossProfitRatio": 0.8390133719,
    "researchAndDevelopmentExpenses": 2349000,
    "generalAndAdministrativeExpenses": 11996000,
    "sellingAndMarketingExpenses": 23774000,
    "sellingGeneralAndAdministrativeExpenses": 35770000,
    "otherExpenses": 1457000,
    "operatingExpenses": 39576000,
    "costAndExpenses": 48485000,
    "interestIncome": 0,
    "interestExpense": 343000,
    "depreciationAndAmortization": 2402000,
    "ebitda": 9355000,
    "ebitdaratio": 0.1690458981,
    "operatingIncome": 6855000,
    "operatingIncomeRatio": 0.123870618,
    "totalOtherIncomeExpensesNet": -245000,
    "incomeBeforeTax": 6610000,
    "incomeBeforeTaxRatio": 0.1194434405,
    "incomeTaxExpense": 2763000,
    "netIncome": 3847000,
    "netIncomeRatio": 0.069515721,
    "eps": 0.07,
    "epsdiluted": 0.07,
    "weightedAverageShsOut": 57050684,
    "weightedAverageShsOutDil": 58367830,
    "link": "https://www.sec.gov/Archives/edgar/data/1590955/000156459015009936/0001564590-15-009936-index.htm",
    "finalLink": "https://www.sec.gov/Archives/edgar/data/1590955/000156459015009936/payc-10q_20150930.htm"
  },
  {
    "date": "2015-06-30",
    "symbol": "PAYC",
    "reportedCurrency": "USD",
    "cik": "0001590955",
    "fillingDate": "2015-08-07",
    "acceptedDate": "2015-08-07 16:19:49",
    "calendarYear": "2015",
    "period": "Q2",
    "revenue": 48973000,
    "costOfRevenue": 8021000,
    "grossProfit": 40952000,
    "grossProfitRatio": 0.8362158741,
    "researchAndDevelopmentExpenses": 1907000,
    "generalAndAdministrativeExpenses": 10096000,
    "sellingAndMarketingExpenses": 16741000,
    "sellingGeneralAndAdministrativeExpenses": 26837000,
    "otherExpenses": 1400000,
    "operatingExpenses": 30144000,
    "costAndExpenses": 38165000,
    "interestIncome": 0,
    "interestExpense": 392000,
    "depreciationAndAmortization": 2287000,
    "ebitda": 13114000,
    "ebitdaratio": 0.2677802054,
    "operatingIncome": 10808000,
    "operatingIncomeRatio": 0.2206930349,
    "totalOtherIncomeExpensesNet": -373000,
    "incomeBeforeTax": 10435000,
    "incomeBeforeTaxRatio": 0.2130765932,
    "incomeTaxExpense": 4489000,
    "netIncome": 5946000,
    "netIncomeRatio": 0.1214138403,
    "eps": 0.1,
    "epsdiluted": 0.1,
    "weightedAverageShsOut": 57038021,
    "weightedAverageShsOutDil": 58369083,
    "link": "https://www.sec.gov/Archives/edgar/data/1590955/000156459015006677/0001564590-15-006677-index.htm",
    "finalLink": "https://www.sec.gov/Archives/edgar/data/1590955/000156459015006677/payc-10q_20150630.htm"
  },
  {
    "date": "2015-03-31",
    "symbol": "PAYC",
    "reportedCurrency": "USD",
    "cik": "0001590955",
    "fillingDate": "2015-05-13",
    "acceptedDate": "2015-05-13 16:19:48",
    "calendarYear": "2015",
    "period": "Q1",
    "revenue": 55222000,
    "costOfRevenue": 8281000,
    "grossProfit": 46941000,
    "grossProfitRatio": 0.8500416501,
    "researchAndDevelopmentExpenses": 1867000,
    "generalAndAdministrativeExpenses": 11984000,
    "sellingAndMarketingExpenses": 21229000,
    "sellingGeneralAndAdministrativeExpenses": 33213000,
    "otherExpenses": 1323000,
    "operatingExpenses": 36403000,
    "costAndExpenses": 44684000,
    "interestIncome": 0,
    "interestExpense": 332000,
    "depreciationAndAmortization": 2133000,
    "ebitda": 12704000,
    "ebitdaratio": 0.2300532397,
    "operatingIncome": 10538000,
    "operatingIncomeRatio": 0.1908297418,
    "totalOtherIncomeExpensesNet": -299000,
    "incomeBeforeTax": 10239000,
    "incomeBeforeTaxRatio": 0.1854152331,
    "incomeTaxExpense": 4244000,
    "netIncome": 5995000,
    "netIncomeRatio": 0.1085618051,
    "eps": 0.11,
    "epsdiluted": 0.11,
    "weightedAverageShsOut": 54749951,
    "weightedAverageShsOutDil": 56562661,
    "link": "https://www.sec.gov/Archives/edgar/data/1590955/000156459015004189/0001564590-15-004189-index.htm",
    "finalLink": "https://www.sec.gov/Archives/edgar/data/1590955/000156459015004189/payc-10q_20150331.htm"
  },
  {
    "date": "2014-12-31",
    "symbol": "PAYC",
    "reportedCurrency": "USD",
    "cik": "0001590955",
    "fillingDate": "2015-02-26",
    "acceptedDate": "2015-02-26 16:21:02",
    "calendarYear": "2014",
    "period": "Q4",
    "revenue": 44040000,
    "costOfRevenue": 7595000,
    "grossProfit": 36445000,
    "grossProfitRatio": 0.8275431426,
    "researchAndDevelopmentExpenses": 1447000,
    "generalAndAdministrativeExpenses": 9685000,
    "sellingAndMarketingExpenses": 19310000,
    "sellingGeneralAndAdministrativeExpenses": 28995000,
    "otherExpenses": 1216000,
    "operatingExpenses": 31658000,
    "costAndExpenses": 39253000,
    "interestIncome": 0,
    "interestExpense": 342000,
    "depreciationAndAmortization": 1964000,
    "ebitda": 6777000,
    "ebitdaratio": 0.1538828338,
    "operatingIncome": 4787000,
    "operatingIncomeRatio": 0.1086966394,
    "totalOtherIncomeExpensesNet": -316000,
    "incomeBeforeTax": 4471000,
    "incomeBeforeTaxRatio": 0.1015213442,
    "incomeTaxExpense": 1965000,
    "netIncome": 2506000,
    "netIncomeRatio": 0.0569028156,
    "eps": 0.0501,
    "epsdiluted": 0.0501,
    "weightedAverageShsOut": 50000000,
    "weightedAverageShsOutDil": 50000000,
    "link": "https://www.sec.gov/Archives/edgar/data/1590955/000119312515065707/0001193125-15-065707-index.htm",
    "finalLink": "https://www.sec.gov/Archives/edgar/data/1590955/000119312515065707/d851377d10k.htm"
  },
  {
    "date": "2014-09-30",
    "symbol": "PAYC",
    "reportedCurrency": "USD",
    "cik": "0001590955",
    "fillingDate": "2014-11-07",
    "acceptedDate": "2014-11-07 09:44:55",
    "calendarYear": "2014",
    "period": "Q3",
    "revenue": 36598000,
    "costOfRevenue": 6436000,
    "grossProfit": 30162000,
    "grossProfitRatio": 0.8241433958,
    "researchAndDevelopmentExpenses": 1059000,
    "generalAndAdministrativeExpenses": 8410000,
    "sellingAndMarketingExpenses": 14856000,
    "sellingGeneralAndAdministrativeExpenses": 23266000,
    "otherExpenses": 1159000,
    "operatingExpenses": 25484000,
    "costAndExpenses": 31920000,
    "interestIncome": 0,
    "interestExpense": 338000,
    "depreciationAndAmortization": 1797000,
    "ebitda": 6514000,
    "ebitdaratio": 0.1779878682,
    "operatingIncome": 4678000,
    "operatingIncomeRatio": 0.1278211924,
    "totalOtherIncomeExpensesNet": -299000,
    "incomeBeforeTax": 4379000,
    "incomeBeforeTaxRatio": 0.1196513471,
    "incomeTaxExpense": 1689000,
    "netIncome": 2690000,
    "netIncomeRatio": 0.0735012842,
    "eps": 0.05,
    "epsdiluted": 0.05,
    "weightedAverageShsOut": 51056462,
    "weightedAverageShsOutDil": 52978051,
    "link": "https://www.sec.gov/Archives/edgar/data/1590955/000119312514402397/0001193125-14-402397-index.htm",
    "finalLink": "https://www.sec.gov/Archives/edgar/data/1590955/000119312514402397/d781501d10q.htm"
  },
  {
    "date": "2014-06-30",
    "symbol": "PAYC",
    "reportedCurrency": "USD",
    "cik": "0001590955",
    "fillingDate": "2014-08-08",
    "acceptedDate": "2014-08-08 10:14:00",
    "calendarYear": "2014",
    "period": "Q2",
    "revenue": 33306000,
    "costOfRevenue": 6365000,
    "grossProfit": 26941000,
    "grossProfitRatio": 0.8088932925,
    "researchAndDevelopmentExpenses": 937000,
    "generalAndAdministrativeExpenses": 8138000,
    "sellingAndMarketingExpenses": 13700000,
    "sellingGeneralAndAdministrativeExpenses": 21838000,
    "otherExpenses": 1072000,
    "operatingExpenses": 23847000,
    "costAndExpenses": 30212000,
    "interestIncome": 0,
    "interestExpense": 674000,
    "depreciationAndAmortization": 1680000,
    "ebitda": 1317000,
    "ebitdaratio": 0.0395424248,
    "operatingIncome": 3094000,
    "operatingIncomeRatio": 0.0928961749,
    "totalOtherIncomeExpensesNet": -4131000,
    "incomeBeforeTax": -1037000,
    "incomeBeforeTaxRatio": -0.0311355311,
    "incomeTaxExpense": -444000,
    "netIncome": -593000,
    "netIncomeRatio": -0.0178045998,
    "eps": -0.0118,
    "epsdiluted": -0.0118,
    "weightedAverageShsOut": 50284362,
    "weightedAverageShsOutDil": 50284362,
    "link": "https://www.sec.gov/Archives/edgar/data/1590955/000119312514302051/0001193125-14-302051-index.htm",
    "finalLink": "https://www.sec.gov/Archives/edgar/data/1590955/000119312514302051/d742477d10q.htm"
  },
  {
    "date": "2014-03-31",
    "symbol": "PAYC",
    "reportedCurrency": "USD",
    "cik": "0001590955",
    "fillingDate": "2014-05-21",
    "acceptedDate": "2014-05-21 17:09:59",
    "calendarYear": "2014",
    "period": "Q1",
    "revenue": 36985000,
    "costOfRevenue": 6922000,
    "grossProfit": 30063000,
    "grossProfitRatio": 0.8128430445,
    "researchAndDevelopmentExpenses": 882000,
    "generalAndAdministrativeExpenses": 9268000,
    "sellingAndMarketingExpenses": 15681000,
    "sellingGeneralAndAdministrativeExpenses": 24949000,
    "otherExpenses": 1091000,
    "operatingExpenses": 26922000,
    "costAndExpenses": 33844000,
    "interestIncome": 0,
    "interestExpense": 2067000,
    "depreciationAndAmortization": 1721000,
    "ebitda": 5631000,
    "ebitdaratio": 0.1522509125,
    "operatingIncome": 3141000,
    "operatingIncomeRatio": 0.0849263215,
    "totalOtherIncomeExpensesNet": -1298000,
    "incomeBeforeTax": 1843000,
    "incomeBeforeTaxRatio": 0.0498310126,
    "incomeTaxExpense": 783000,
    "netIncome": 1060000,
    "netIncomeRatio": 0.0286602677,
    "eps": 0.0209,
    "epsdiluted": 0.0209,
    "weightedAverageShsOut": 50811059,
    "weightedAverageShsOutDil": 50811059,
    "link": "https://www.sec.gov/Archives/edgar/data/1590955/000119312514208362/0001193125-14-208362-index.htm",
    "finalLink": "https://www.sec.gov/Archives/edgar/data/1590955/000119312514208362/d709022d10q.htm"
  },
  {
    "date": "2013-12-31",
    "symbol": "PAYC",
    "reportedCurrency": "USD",
    "cik": "0001590955",
    "fillingDate": "2013-12-31",
    "acceptedDate": "2013-12-30 19:00:00",
    "calendarYear": "2013",
    "period": "Q4",
    "revenue": 30280000,
    "costOfRevenue": 5938000,
    "grossProfit": 24342000,
    "grossProfitRatio": 0.8038969617,
    "researchAndDevelopmentExpenses": 829000,
    "generalAndAdministrativeExpenses": 10033000,
    "sellingAndMarketingExpenses": 13768000,
    "sellingGeneralAndAdministrativeExpenses": 23801000,
    "otherExpenses": 966000,
    "operatingExpenses": 25596000,
    "costAndExpenses": 31534000,
    "interestIncome": 0,
    "interestExpense": 0,
    "depreciationAndAmortization": 1450000,
    "ebitda": 1255000,
    "ebitdaratio": 0.0414464993,
    "operatingIncome": -1254000,
    "operatingIncomeRatio": -0.0414134742,
    "totalOtherIncomeExpensesNet": 5183000,
    "incomeBeforeTax": 3929000,
    "incomeBeforeTaxRatio": 0.1297556143,
    "incomeTaxExpense": -4276000,
    "netIncome": 5140000,
    "netIncomeRatio": 0.1697490092,
    "eps": 0.11,
    "epsdiluted": 0.11,
    "weightedAverageShsOut": 45711988,
    "weightedAverageShsOutDil": 47686326,
    "link": "",
    "finalLink": ""
  },
  {
    "date": "2013-09-30",
    "symbol": "PAYC",
    "reportedCurrency": "USD",
    "cik": "0001590955",
    "fillingDate": "2013-09-30",
    "acceptedDate": "2013-09-30 00:00:00",
    "calendarYear": "2013",
    "period": "Q3",
    "revenue": 25830000,
    "costOfRevenue": 5340000,
    "grossProfit": 20490000,
    "grossProfitRatio": 0.7932636469,
    "researchAndDevelopmentExpenses": 538000,
    "generalAndAdministrativeExpenses": 6815000,
    "sellingAndMarketingExpenses": 10339000,
    "sellingGeneralAndAdministrativeExpenses": 17154000,
    "otherExpenses": 959000,
    "operatingExpenses": 18651000,
    "costAndExpenses": 23991000,
    "interestIncome": 0,
    "interestExpense": 2329000,
    "depreciationAndAmortization": 1453000,
    "ebitda": 3159000,
    "ebitdaratio": 0.1222996516,
    "operatingIncome": 1839000,
    "operatingIncomeRatio": 0.0711962834,
    "totalOtherIncomeExpensesNet": -2462000,
    "incomeBeforeTax": -623000,
    "incomeBeforeTaxRatio": -0.0241192412,
    "incomeTaxExpense": -199000,
    "netIncome": -424000,
    "netIncomeRatio": -0.0164150213,
    "eps": -0.0089,
    "epsdiluted": -0.0088,
    "weightedAverageShsOut": 47686326,
    "weightedAverageShsOutDil": 48371489,
    "link": "",
    "finalLink": ""
  },
  {
    "date": "2013-06-30",
    "symbol": "PAYC",
    "reportedCurrency": "USD",
    "cik": "0001590955",
    "fillingDate": "2013-06-30",
    "acceptedDate": "2013-06-29 20:00:00",
    "calendarYear": "2013",
    "period": "Q2",
    "revenue": 23914000,
    "costOfRevenue": 4768000,
    "grossProfit": 19146000,
    "grossProfitRatio": 0.8006188843,
    "researchAndDevelopmentExpenses": 324000,
    "generalAndAdministrativeExpenses": 6040000,
    "sellingAndMarketingExpenses": 8716000,
    "sellingGeneralAndAdministrativeExpenses": 14756000,
    "otherExpenses": 873000,
    "operatingExpenses": 15953000,
    "costAndExpenses": 20721000,
    "interestIncome": 0,
    "interestExpense": 2326000,
    "depreciationAndAmortization": 1288000,
    "ebitda": 4143000,
    "ebitdaratio": 0.1732457974,
    "operatingIncome": 3193000,
    "operatingIncomeRatio": 0.1335201137,
    "totalOtherIncomeExpensesNet": -2664000,
    "incomeBeforeTax": 529000,
    "incomeBeforeTaxRatio": 0.0221209333,
    "incomeTaxExpense": 169000,
    "netIncome": 360000,
    "netIncomeRatio": 0.0150539433,
    "eps": 0.0075,
    "epsdiluted": 0.0074,
    "weightedAverageShsOut": 47686326,
    "weightedAverageShsOutDil": 48371489,
    "link": "",
    "finalLink": ""
  },
  {
    "date": "2013-03-31",
    "symbol": "PAYC",
    "reportedCurrency": "USD",
    "cik": "0001590955",
    "fillingDate": "2013-03-31",
    "acceptedDate": "2013-03-30 20:00:00",
    "calendarYear": "2013",
    "period": "Q1",
    "revenue": 27577000,
    "costOfRevenue": 4845000,
    "grossProfit": 22732000,
    "grossProfitRatio": 0.8243101135,
    "researchAndDevelopmentExpenses": 455000,
    "generalAndAdministrativeExpenses": 5996000,
    "sellingAndMarketingExpenses": 9858000,
    "sellingGeneralAndAdministrativeExpenses": 15854000,
    "otherExpenses": 884000,
    "operatingExpenses": 17193000,
    "costAndExpenses": 22038000,
    "interestIncome": 0,
    "interestExpense": 2274000,
    "depreciationAndAmortization": 1295000,
    "ebitda": 7445000,
    "ebitdaratio": 0.2699713529,
    "operatingIncome": 5539000,
    "operatingIncomeRatio": 0.2008557856,
    "totalOtherIncomeExpensesNet": -1663000,
    "incomeBeforeTax": 3876000,
    "incomeBeforeTaxRatio": 0.1405519092,
    "incomeTaxExpense": 1241000,
    "netIncome": 2635000,
    "netIncomeRatio": 0.09555064,
    "eps": 0.0549,
    "epsdiluted": 0.0541,
    "weightedAverageShsOut": 47686326,
    "weightedAverageShsOutDil": 48371489,
    "link": "",
    "finalLink": ""
  },
  {
    "date": "2012-12-31",
    "symbol": "PAYC",
    "reportedCurrency": "USD",
    "cik": "0001590955",
    "fillingDate": "2012-12-31",
    "acceptedDate": "2012-12-30 19:00:00",
    "calendarYear": "2012",
    "period": "Q4",
    "revenue": 21307000,
    "costOfRevenue": 3965000,
    "grossProfit": 17342000,
    "grossProfitRatio": 0.8139109213,
    "researchAndDevelopmentExpenses": 1632000,
    "generalAndAdministrativeExpenses": 19372000,
    "sellingAndMarketingExpenses": 29255000,
    "sellingGeneralAndAdministrativeExpenses": 12969000,
    "otherExpenses": 0,
    "operatingExpenses": 15497000,
    "costAndExpenses": 19462000,
    "interestIncome": 5508000,
    "interestExpense": 0,
    "depreciationAndAmortization": 830000,
    "ebitda": 2340000,
    "ebitdaratio": 0.1098230628,
    "operatingIncome": 1510000,
    "operatingIncomeRatio": 0.0708687286,
    "totalOtherIncomeExpensesNet": -5173000,
    "incomeBeforeTax": -3663000,
    "incomeBeforeTaxRatio": -0.171915333,
    "incomeTaxExpense": 98000,
    "netIncome": -355000,
    "netIncomeRatio": -0.0166611912,
    "eps": -0.0146,
    "epsdiluted": -0.0144,
    "weightedAverageShsOut": 24316465,
    "weightedAverageShsOutDil": 24659047,
    "link": null,
    "finalLink": null
  },
  {
    "date": "2012-09-30",
    "symbol": "PAYC",
    "reportedCurrency": "USD",
    "cik": "0001590955",
    "fillingDate": "2012-09-30",
    "acceptedDate": "2012-09-29 20:00:00",
    "calendarYear": "2012",
    "period": "Q3",
    "revenue": 18567000,
    "costOfRevenue": 3747000,
    "grossProfit": 14820000,
    "grossProfitRatio": 0.7981903377,
    "researchAndDevelopmentExpenses": 0,
    "generalAndAdministrativeExpenses": 0,
    "sellingAndMarketingExpenses": 0,
    "sellingGeneralAndAdministrativeExpenses": 11999000,
    "otherExpenses": 0,
    "operatingExpenses": 12948000,
    "costAndExpenses": -9201000,
    "interestIncome": 0,
    "interestExpense": 683000,
    "depreciationAndAmortization": 1430665,
    "ebitda": 3046665,
    "ebitdaratio": 0.1640903215,
    "operatingIncome": 1616000,
    "operatingIncomeRatio": 0.0870361394,
    "totalOtherIncomeExpensesNet": -427000,
    "incomeBeforeTax": 1189000,
    "incomeBeforeTaxRatio": 0.0640383476,
    "incomeTaxExpense": 0,
    "netIncome": 1189000,
    "netIncomeRatio": 0.0640383476,
    "eps": 1.26,
    "epsdiluted": 1.26,
    "weightedAverageShsOut": 946604,
    "weightedAverageShsOutDil": 946604,
    "link": null,
    "finalLink": null
  }
]