[
  {
    "date": "2025-06-30",
    "symbol": "PCAR",
    "reportedCurrency": "USD",
    "cik": "0000075362",
    "fillingDate": "2025-07-31",
    "acceptedDate": "2025-07-31 16:06:16",
    "calendarYear": "2025",
    "period": "Q2",
    "revenue": 7510500000,
    "costOfRevenue": 6350600000,
    "grossProfit": 1159900000,
    "grossProfitRatio": 0.1544371214,
    "researchAndDevelopmentExpenses": 112900000,
    "generalAndAdministrativeExpenses": 0,
    "sellingAndMarketingExpenses": 0,
    "sellingGeneralAndAdministrativeExpenses": 208500000,
    "otherExpenses": 0,
    "operatingExpenses": 321400000,
    "costAndExpenses": 6672000000,
    "interestIncome": 83900000,
    "interestExpense": 0,
    "depreciationAndAmortization": 207300000,
    "ebitda": 1045800000,
    "ebitdaratio": 0.1392450569,
    "operatingIncome": 838500000,
    "operatingIncomeRatio": 0.1116436988,
    "totalOtherIncomeExpensesNet": 93400000,
    "incomeBeforeTax": 931900000,
    "incomeBeforeTaxRatio": 0.1240796219,
    "incomeTaxExpense": 208100000,
    "netIncome": 723800000,
    "netIncomeRatio": 0.0963717462,
    "eps": 1.38,
    "epsdiluted": 1.37,
    "weightedAverageShsOut": 525900000,
    "weightedAverageShsOutDil": 526700000,
    "link": "https://www.sec.gov/Archives/edgar/data/75362/000095017025100887/0000950170-25-100887-index.htm",
    "finalLink": "https://www.sec.gov/Archives/edgar/data/75362/000095017025100887/pcar-20250630.htm"
  },
  {
    "date": "2025-03-31",
    "symbol": "PCAR",
    "reportedCurrency": "USD",
    "cik": "0000075362",
    "fillingDate": "2025-05-01",
    "acceptedDate": "2025-05-01 16:05:31",
    "calendarYear": "2025",
    "period": "Q1",
    "revenue": 7444500000,
    "costOfRevenue": 6183300000,
    "grossProfit": 1261200000,
    "grossProfitRatio": 0.1694136611,
    "researchAndDevelopmentExpenses": 115400000,
    "generalAndAdministrativeExpenses": 0,
    "sellingAndMarketingExpenses": 0,
    "sellingGeneralAndAdministrativeExpenses": 199900000,
    "otherExpenses": 0,
    "operatingExpenses": 315300000,
    "costAndExpenses": 6498600000,
    "interestIncome": 83600000,
    "interestExpense": 331300000,
    "depreciationAndAmortization": 205100000,
    "ebitda": 1179500000,
    "ebitdaratio": 0.1584391161,
    "operatingIncome": 945900000,
    "operatingIncomeRatio": 0.1270602458,
    "totalOtherIncomeExpensesNet": -302800000,
    "incomeBeforeTax": 643100000,
    "incomeBeforeTaxRatio": 0.0863859225,
    "incomeTaxExpense": 138000000,
    "netIncome": 505100000,
    "netIncomeRatio": 0.0678487474,
    "eps": 0.96,
    "epsdiluted": 0.96,
    "weightedAverageShsOut": 525900000,
    "weightedAverageShsOutDil": 526900000,
    "link": "https://www.sec.gov/Archives/edgar/data/75362/000095017025061813/0000950170-25-061813-index.htm",
    "finalLink": "https://www.sec.gov/Archives/edgar/data/75362/000095017025061813/pcar-20250331.htm"
  },
  {
    "date": "2024-12-31",
    "symbol": "PCAR",
    "reportedCurrency": "USD",
    "cik": "0000075362",
    "fillingDate": "2025-02-19",
    "acceptedDate": "2025-02-19 16:05:48",
    "calendarYear": "2024",
    "period": "Q4",
    "revenue": 7893200000,
    "costOfRevenue": 6355000000,
    "grossProfit": 1538200000,
    "grossProfitRatio": 0.1948766026,
    "researchAndDevelopmentExpenses": 115300000,
    "generalAndAdministrativeExpenses": 0,
    "sellingAndMarketingExpenses": 0,
    "sellingGeneralAndAdministrativeExpenses": 212800000,
    "otherExpenses": 0,
    "operatingExpenses": 328100000,
    "costAndExpenses": 6683100000,
    "interestIncome": 104700000,
    "interestExpense": 0,
    "depreciationAndAmortization": 223200000,
    "ebitda": 1359500000,
    "ebitdaratio": 0.1722368621,
    "operatingIncome": 1210100000,
    "operatingIncomeRatio": 0.1533091775,
    "totalOtherIncomeExpensesNet": -60800000,
    "incomeBeforeTax": 1149300000,
    "incomeBeforeTaxRatio": 0.1456063447,
    "incomeTaxExpense": 277300000,
    "netIncome": 872000000,
    "netIncomeRatio": 0.1104748391,
    "eps": 1.66,
    "epsdiluted": 1.66,
    "weightedAverageShsOut": 525299999,
    "weightedAverageShsOutDil": 526700000,
    "link": "https://www.sec.gov/Archives/edgar/data/75362/000095017025023145/0000950170-25-023145-index.htm",
    "finalLink": "https://www.sec.gov/Archives/edgar/data/75362/000095017025023145/pcar-20241231.htm"
  },
  {
    "date": "2024-09-30",
    "symbol": "PCAR",
    "reportedCurrency": "USD",
    "cik": "0000075362",
    "fillingDate": "2024-10-30",
    "acceptedDate": "2024-10-30 16:05:36",
    "calendarYear": "2024",
    "period": "Q3",
    "revenue": 8251299999,
    "costOfRevenue": 6727500000,
    "grossProfit": 1523800000,
    "grossProfitRatio": 0.1846739302,
    "researchAndDevelopmentExpenses": 115000000,
    "generalAndAdministrativeExpenses": 0,
    "sellingAndMarketingExpenses": 0,
    "sellingGeneralAndAdministrativeExpenses": 208900000,
    "otherExpenses": 0,
    "operatingExpenses": 323900000,
    "costAndExpenses": 7051400000,
    "interestIncome": 107800000,
    "interestExpense": 0,
    "depreciationAndAmortization": 226800000,
    "ebitda": 1479700000,
    "ebitdaratio": 0.1793293178,
    "operatingIncome": 1199900000,
    "operatingIncomeRatio": 0.1454195097,
    "totalOtherIncomeExpensesNet": 56400000,
    "incomeBeforeTax": 1256300000,
    "incomeBeforeTaxRatio": 0.1522547962,
    "incomeTaxExpense": 284200000,
    "netIncome": 972100000,
    "netIncomeRatio": 0.1178117388,
    "eps": 1.85,
    "epsdiluted": 1.85,
    "weightedAverageShsOut": 525400000,
    "weightedAverageShsOutDil": 526500000,
    "link": "https://www.sec.gov/Archives/edgar/data/75362/000095017024118960/0000950170-24-118960-index.htm",
    "finalLink": "https://www.sec.gov/Archives/edgar/data/75362/000095017024118960/pcar-20240930.htm"
  },
  {
    "date": "2024-06-30",
    "symbol": "PCAR",
    "reportedCurrency": "USD",
    "cik": "0000075362",
    "fillingDate": "2024-07-31",
    "acceptedDate": "2024-07-31 16:05:41",
    "calendarYear": "2024",
    "period": "Q2",
    "revenue": 8772500000,
    "costOfRevenue": 7175700000,
    "grossProfit": 1596800000,
    "grossProfitRatio": 0.1820233685,
    "researchAndDevelopmentExpenses": 117100000,
    "generalAndAdministrativeExpenses": 0,
    "sellingAndMarketingExpenses": 0,
    "sellingGeneralAndAdministrativeExpenses": 195200000,
    "otherExpenses": 0,
    "operatingExpenses": 312300000,
    "costAndExpenses": 7488000000,
    "interestIncome": 95300000,
    "interestExpense": 3300000,
    "depreciationAndAmortization": 231900000,
    "ebitda": 1696000000,
    "ebitdaratio": 0.1933314335,
    "operatingIncome": 1284500000,
    "operatingIncomeRatio": 0.1464234825,
    "totalOtherIncomeExpensesNet": 176300000,
    "incomeBeforeTax": 1460800000,
    "incomeBeforeTaxRatio": 0.1665203762,
    "incomeTaxExpense": 338200000,
    "netIncome": 1122600000,
    "netIncomeRatio": 0.1279680821,
    "eps": 2.14,
    "epsdiluted": 2.13,
    "weightedAverageShsOut": 525299999,
    "weightedAverageShsOutDil": 526600000,
    "link": "https://www.sec.gov/Archives/edgar/data/75362/000095017024088553/0000950170-24-088553-index.htm",
    "finalLink": "https://www.sec.gov/Archives/edgar/data/75362/000095017024088553/pcar-20240630.htm"
  },
  {
    "date": "2024-03-31",
    "symbol": "PCAR",
    "reportedCurrency": "USD",
    "cik": "0000075362",
    "fillingDate": "2024-05-02",
    "acceptedDate": "2024-05-02 16:06:04",
    "calendarYear": "2024",
    "period": "Q1",
    "revenue": 8735500000,
    "costOfRevenue": 6885400000,
    "grossProfit": 1850100000,
    "grossProfitRatio": 0.2117909679,
    "researchAndDevelopmentExpenses": 105500000,
    "generalAndAdministrativeExpenses": 0,
    "sellingAndMarketingExpenses": 0,
    "sellingGeneralAndAdministrativeExpenses": 202700000,
    "otherExpenses": 0,
    "operatingExpenses": 308200000,
    "costAndExpenses": 7193600000,
    "interestIncome": 84300000,
    "interestExpense": 134900000,
    "depreciationAndAmortization": 235000000,
    "ebitda": 1904400000,
    "ebitdaratio": 0.218006983,
    "operatingIncome": 1541900000,
    "operatingIncomeRatio": 0.1765096446,
    "totalOtherIncomeExpensesNet": -7400000,
    "incomeBeforeTax": 1534500000,
    "incomeBeforeTaxRatio": 0.1756625265,
    "incomeTaxExpense": 339200000,
    "netIncome": 1195300000,
    "netIncomeRatio": 0.1368324652,
    "eps": 2.28,
    "epsdiluted": 2.27,
    "weightedAverageShsOut": 524900000,
    "weightedAverageShsOutDil": 526299999,
    "link": "https://www.sec.gov/Archives/edgar/data/75362/000095017024052081/0000950170-24-052081-index.htm",
    "finalLink": "https://www.sec.gov/Archives/edgar/data/75362/000095017024052081/pcar-20240331.htm"
  },
  {
    "date": "2023-12-31",
    "symbol": "PCAR",
    "reportedCurrency": "USD",
    "cik": "0000075362",
    "fillingDate": "2024-02-21",
    "acceptedDate": "2024-02-21 16:07:20",
    "calendarYear": "2023",
    "period": "Q4",
    "revenue": 9083300000,
    "costOfRevenue": 7299800000,
    "grossProfit": 1783500000,
    "grossProfitRatio": 0.1963493444,
    "researchAndDevelopmentExpenses": 108900000,
    "generalAndAdministrativeExpenses": 0,
    "sellingAndMarketingExpenses": 0,
    "sellingGeneralAndAdministrativeExpenses": 211300000,
    "otherExpenses": 0,
    "operatingExpenses": 320200000,
    "costAndExpenses": 7620000000,
    "interestIncome": 98900000,
    "interestExpense": 0,
    "depreciationAndAmortization": 232400000,
    "ebitda": 1742300000,
    "ebitdaratio": 0.1918135479,
    "operatingIncome": 1463300000,
    "operatingIncomeRatio": 0.1610978389,
    "totalOtherIncomeExpensesNet": 178000000,
    "incomeBeforeTax": 1641300000,
    "incomeBeforeTaxRatio": 0.1806942411,
    "incomeTaxExpense": 224000000,
    "netIncome": 1417300000,
    "netIncomeRatio": 0.1560336001,
    "eps": 2.7,
    "epsdiluted": 2.7,
    "weightedAverageShsOut": 524299999,
    "weightedAverageShsOutDil": 525600000,
    "link": "https://www.sec.gov/Archives/edgar/data/75362/000095017024017900/0000950170-24-017900-index.htm",
    "finalLink": "https://www.sec.gov/Archives/edgar/data/75362/000095017024017900/pcar-20231231.htm"
  },
  {
    "date": "2023-09-30",
    "symbol": "PCAR",
    "reportedCurrency": "USD",
    "cik": "0000075362",
    "fillingDate": "2023-11-02",
    "acceptedDate": "2023-11-02 16:07:20",
    "calendarYear": "2023",
    "period": "Q3",
    "revenue": 8709600000,
    "costOfRevenue": 6970500000,
    "grossProfit": 1739100000,
    "grossProfitRatio": 0.1996762193,
    "researchAndDevelopmentExpenses": 103500000,
    "generalAndAdministrativeExpenses": 0,
    "sellingAndMarketingExpenses": 0,
    "sellingGeneralAndAdministrativeExpenses": 188500000,
    "otherExpenses": 0,
    "operatingExpenses": 292000000,
    "costAndExpenses": 7262500000,
    "interestIncome": 80300000,
    "interestExpense": 53000000,
    "depreciationAndAmortization": 233900000,
    "ebitda": 1876300000,
    "ebitdaratio": 0.215428952,
    "operatingIncome": 1447100000,
    "operatingIncomeRatio": 0.1661499954,
    "totalOtherIncomeExpensesNet": 142300000,
    "incomeBeforeTax": 1589400000,
    "incomeBeforeTaxRatio": 0.1824882888,
    "incomeTaxExpense": 360900000,
    "netIncome": 1228500000,
    "netIncomeRatio": 0.1410512538,
    "eps": 2.34,
    "epsdiluted": 2.34,
    "weightedAverageShsOut": 524100000,
    "weightedAverageShsOutDil": 525299999,
    "link": "https://www.sec.gov/Archives/edgar/data/75362/000095017023058179/0000950170-23-058179-index.htm",
    "finalLink": "https://www.sec.gov/Archives/edgar/data/75362/000095017023058179/pcar-20230930.htm"
  },
  {
    "date": "2023-06-30",
    "symbol": "PCAR",
    "reportedCurrency": "USD",
    "cik": "0000075362",
    "fillingDate": "2023-08-02",
    "acceptedDate": "2023-08-02 16:06:20",
    "calendarYear": "2023",
    "period": "Q2",
    "revenue": 8892900000,
    "costOfRevenue": 7070200000,
    "grossProfit": 1822700000,
    "grossProfitRatio": 0.2049612612,
    "researchAndDevelopmentExpenses": 101300000,
    "generalAndAdministrativeExpenses": 0,
    "sellingAndMarketingExpenses": 0,
    "sellingGeneralAndAdministrativeExpenses": 186700000,
    "otherExpenses": 0,
    "operatingExpenses": 288000000,
    "costAndExpenses": 7358200000,
    "interestIncome": 61500000,
    "interestExpense": 0,
    "depreciationAndAmortization": 223400000,
    "ebitda": 1791000000,
    "ebitdaratio": 0.2013966198,
    "operatingIncome": 1534700000,
    "operatingIncomeRatio": 0.1725758751,
    "totalOtherIncomeExpensesNet": 33800000,
    "incomeBeforeTax": 1568500000,
    "incomeBeforeTaxRatio": 0.17637666,
    "incomeTaxExpense": 347400000,
    "netIncome": 1221100000,
    "netIncomeRatio": 0.1373117881,
    "eps": 2.33,
    "epsdiluted": 2.33,
    "weightedAverageShsOut": 523799999,
    "weightedAverageShsOutDil": 524799999,
    "link": "https://www.sec.gov/Archives/edgar/data/75362/000095017023037133/0000950170-23-037133-index.htm",
    "finalLink": "https://www.sec.gov/Archives/edgar/data/75362/000095017023037133/pcar-20230630.htm"
  },
  {
    "date": "2023-03-31",
    "symbol": "PCAR",
    "reportedCurrency": "USD",
    "cik": "0000075362",
    "fillingDate": "2023-05-02",
    "acceptedDate": "2023-05-02 16:06:28",
    "calendarYear": "2023",
    "period": "Q1",
    "revenue": 8473500000,
    "costOfRevenue": 6704100000,
    "grossProfit": 1769400000,
    "grossProfitRatio": 0.2088157196,
    "researchAndDevelopmentExpenses": 97200000,
    "generalAndAdministrativeExpenses": 0,
    "sellingAndMarketingExpenses": 0,
    "sellingGeneralAndAdministrativeExpenses": 198100000,
    "otherExpenses": 0,
    "operatingExpenses": 295300000,
    "costAndExpenses": 6999400000,
    "interestIncome": 47900000,
    "interestExpense": 1200000,
    "depreciationAndAmortization": 221100000,
    "ebitda": 1141300000,
    "ebitdaratio": 0.1346905057,
    "operatingIncome": 1474100000,
    "operatingIncomeRatio": 0.1739658937,
    "totalOtherIncomeExpensesNet": -555100000,
    "incomeBeforeTax": 919000000,
    "incomeBeforeTaxRatio": 0.1084557739,
    "incomeTaxExpense": 185100000,
    "netIncome": 733900000,
    "netIncomeRatio": 0.0866111996,
    "eps": 1.4,
    "epsdiluted": 1.4,
    "weightedAverageShsOut": 524214285,
    "weightedAverageShsOutDil": 524400000,
    "link": "https://www.sec.gov/Archives/edgar/data/75362/000156459023006847/0001564590-23-006847-index.htm",
    "finalLink": "https://www.sec.gov/Archives/edgar/data/75362/000156459023006847/pcar-10q_20230331.htm"
  },
  {
    "date": "2022-12-31",
    "symbol": "PCAR",
    "reportedCurrency": "USD",
    "cik": "0000075362",
    "fillingDate": "2023-02-22",
    "acceptedDate": "2023-02-22 16:07:32",
    "calendarYear": "2022",
    "period": "Q4",
    "revenue": 8131700000,
    "costOfRevenue": 6640800000,
    "grossProfit": 1490900000,
    "grossProfitRatio": 0.1833441962,
    "researchAndDevelopmentExpenses": 99900000,
    "generalAndAdministrativeExpenses": 0,
    "sellingAndMarketingExpenses": 0,
    "sellingGeneralAndAdministrativeExpenses": 196500000,
    "otherExpenses": 0,
    "operatingExpenses": 296400000,
    "costAndExpenses": 6937200000,
    "interestIncome": 35900000,
    "interestExpense": 9900000,
    "depreciationAndAmortization": 208200000,
    "ebitda": 1393600000,
    "ebitdaratio": 0.1713786785,
    "operatingIncome": 1194500000,
    "operatingIncomeRatio": 0.1468942534,
    "totalOtherIncomeExpensesNet": -19000000,
    "incomeBeforeTax": 1175500000,
    "incomeBeforeTaxRatio": 0.1445577186,
    "incomeTaxExpense": 254200000,
    "netIncome": 921300000,
    "netIncomeRatio": 0.1132973425,
    "eps": 1.76,
    "epsdiluted": 1.76,
    "weightedAverageShsOut": 523639364,
    "weightedAverageShsOutDil": 523799999,
    "link": "https://www.sec.gov/Archives/edgar/data/75362/000156459023002203/0001564590-23-002203-index.htm",
    "finalLink": "https://www.sec.gov/Archives/edgar/data/75362/000156459023002203/pcar-10k_20221231.htm"
  },
  {
    "date": "2022-09-30",
    "symbol": "PCAR",
    "reportedCurrency": "USD",
    "cik": "0000075362",
    "fillingDate": "2022-10-28",
    "acceptedDate": "2022-10-28 16:27:38",
    "calendarYear": "2022",
    "period": "Q3",
    "revenue": 7060900000,
    "costOfRevenue": 5941600000,
    "grossProfit": 1119300000,
    "grossProfitRatio": 0.1585208684,
    "researchAndDevelopmentExpenses": 82900000,
    "generalAndAdministrativeExpenses": 0,
    "sellingAndMarketingExpenses": 0,
    "sellingGeneralAndAdministrativeExpenses": 170200000,
    "otherExpenses": 0,
    "operatingExpenses": 253100000,
    "costAndExpenses": 6194700000,
    "interestIncome": 21000000,
    "interestExpense": 0,
    "depreciationAndAmortization": 207100000,
    "ebitda": 1180900000,
    "ebitdaratio": 0.1672449688,
    "operatingIncome": 866200000,
    "operatingIncomeRatio": 0.1226755796,
    "totalOtherIncomeExpensesNet": 113500000,
    "incomeBeforeTax": 979700000,
    "incomeBeforeTaxRatio": 0.1387500177,
    "incomeTaxExpense": 210300000,
    "netIncome": 769400000,
    "netIncomeRatio": 0.1089662791,
    "eps": 1.47,
    "epsdiluted": 1.47,
    "weightedAverageShsOut": 522700000,
    "weightedAverageShsOutDil": 523350000,
    "link": "https://www.sec.gov/Archives/edgar/data/75362/000156459022035704/0001564590-22-035704-index.htm",
    "finalLink": "https://www.sec.gov/Archives/edgar/data/75362/000156459022035704/pcar-10q_20220930.htm"
  },
  {
    "date": "2022-06-30",
    "symbol": "PCAR",
    "reportedCurrency": "USD",
    "cik": "0000075362",
    "fillingDate": "2022-08-02",
    "acceptedDate": "2022-08-02 16:06:52",
    "calendarYear": "2022",
    "period": "Q2",
    "revenue": 7166900000,
    "costOfRevenue": 6039800000,
    "grossProfit": 1127100000,
    "grossProfitRatio": 0.1572646472,
    "researchAndDevelopmentExpenses": 80400000,
    "generalAndAdministrativeExpenses": 0,
    "sellingAndMarketingExpenses": 0,
    "sellingGeneralAndAdministrativeExpenses": 181200000,
    "otherExpenses": 0,
    "operatingExpenses": 261600000,
    "costAndExpenses": 6301400000,
    "interestIncome": 5100000,
    "interestExpense": 6800000,
    "depreciationAndAmortization": 205300000,
    "ebitda": 1134200000,
    "ebitdaratio": 0.1582553126,
    "operatingIncome": 865500000,
    "operatingIncomeRatio": 0.12076351,
    "totalOtherIncomeExpensesNet": 56600000,
    "incomeBeforeTax": 922100000,
    "incomeBeforeTaxRatio": 0.1286609273,
    "incomeTaxExpense": 201700000,
    "netIncome": 720400000,
    "netIncomeRatio": 0.1005176576,
    "eps": 1.38,
    "epsdiluted": 1.37,
    "weightedAverageShsOut": 522600000,
    "weightedAverageShsOutDil": 523200000,
    "link": "https://www.sec.gov/Archives/edgar/data/75362/000156459022027473/0001564590-22-027473-index.htm",
    "finalLink": "https://www.sec.gov/Archives/edgar/data/75362/000156459022027473/pcar-10q_20220630.htm"
  },
  {
    "date": "2022-03-31",
    "symbol": "PCAR",
    "reportedCurrency": "USD",
    "cik": "0000075362",
    "fillingDate": "2022-05-03",
    "acceptedDate": "2022-05-03 16:06:22",
    "calendarYear": "2022",
    "period": "Q1",
    "revenue": 6479500000,
    "costOfRevenue": 5472100000,
    "grossProfit": 1007400000,
    "grossProfitRatio": 0.1554749595,
    "researchAndDevelopmentExpenses": 78000000,
    "generalAndAdministrativeExpenses": 0,
    "sellingAndMarketingExpenses": 0,
    "sellingGeneralAndAdministrativeExpenses": 183900000,
    "otherExpenses": 0,
    "operatingExpenses": 261899999,
    "costAndExpenses": 5734000000,
    "interestIncome": -2600000,
    "interestExpense": 0,
    "depreciationAndAmortization": 185700000,
    "ebitda": 949600000,
    "ebitdaratio": 0.1465545181,
    "operatingIncome": 745500000,
    "operatingIncomeRatio": 0.115055174,
    "totalOtherIncomeExpensesNet": 25900000,
    "incomeBeforeTax": 771400000,
    "incomeBeforeTaxRatio": 0.119052396,
    "incomeTaxExpense": 170900000,
    "netIncome": 600500000,
    "netIncomeRatio": 0.0926769041,
    "eps": 1.15,
    "epsdiluted": 1.15,
    "weightedAverageShsOut": 522400000,
    "weightedAverageShsOutDil": 523200000,
    "link": "https://www.sec.gov/Archives/edgar/data/75362/000156459022017431/0001564590-22-017431-index.htm",
    "finalLink": "https://www.sec.gov/Archives/edgar/data/75362/000156459022017431/pcar-10q_20220331.htm"
  },
  {
    "date": "2021-12-31",
    "symbol": "PCAR",
    "reportedCurrency": "USD",
    "cik": "0000075362",
    "fillingDate": "2022-02-23",
    "acceptedDate": "2022-02-23 16:06:39",
    "calendarYear": "2021",
    "period": "Q4",
    "revenue": 6687800000,
    "costOfRevenue": 5804300000,
    "grossProfit": 883500000,
    "grossProfitRatio": 0.1321062233,
    "researchAndDevelopmentExpenses": 87100000,
    "generalAndAdministrativeExpenses": 0,
    "sellingAndMarketingExpenses": 0,
    "sellingGeneralAndAdministrativeExpenses": 180000000,
    "otherExpenses": 0,
    "operatingExpenses": 267100000,
    "costAndExpenses": 6071400000,
    "interestIncome": 3400000,
    "interestExpense": 0,
    "depreciationAndAmortization": 208000000,
    "ebitda": 856400000,
    "ebitdaratio": 0.1280540686,
    "operatingIncome": 616400000,
    "operatingIncomeRatio": 0.092167828,
    "totalOtherIncomeExpensesNet": 44100000,
    "incomeBeforeTax": 660500000,
    "incomeBeforeTaxRatio": 0.0987619247,
    "incomeTaxExpense": 141800000,
    "netIncome": 518700000,
    "netIncomeRatio": 0.0775591375,
    "eps": 0.98,
    "epsdiluted": 0.98,
    "weightedAverageShsOut": 521850000,
    "weightedAverageShsOutDil": 522750000,
    "link": "https://www.sec.gov/Archives/edgar/data/75362/000156459022006237/0001564590-22-006237-index.htm",
    "finalLink": "https://www.sec.gov/Archives/edgar/data/75362/000156459022006237/pcar-10k_20211231.htm"
  },
  {
    "date": "2021-09-30",
    "symbol": "PCAR",
    "reportedCurrency": "USD",
    "cik": "0000075362",
    "fillingDate": "2021-11-01",
    "acceptedDate": "2021-11-01 16:06:24",
    "calendarYear": "2021",
    "period": "Q3",
    "revenue": 5148100000,
    "costOfRevenue": 4455900000,
    "grossProfit": 692200000,
    "grossProfitRatio": 0.1344573726,
    "researchAndDevelopmentExpenses": 72500000,
    "generalAndAdministrativeExpenses": 0,
    "sellingAndMarketingExpenses": 0,
    "sellingGeneralAndAdministrativeExpenses": 168600000,
    "otherExpenses": 0,
    "operatingExpenses": 241100000,
    "costAndExpenses": 4697000000,
    "interestIncome": 1300000,
    "interestExpense": 10600000,
    "depreciationAndAmortization": 207200000,
    "ebitda": 705000000,
    "ebitdaratio": 0.1369437268,
    "operatingIncome": 451100000,
    "operatingIncomeRatio": 0.0876245605,
    "totalOtherIncomeExpensesNet": 36100000,
    "incomeBeforeTax": 487200000,
    "incomeBeforeTaxRatio": 0.0946368563,
    "incomeTaxExpense": 106700000,
    "netIncome": 380500000,
    "netIncomeRatio": 0.0739107632,
    "eps": 0.72,
    "epsdiluted": 0.72,
    "weightedAverageShsOut": 521700000,
    "weightedAverageShsOutDil": 522450000,
    "link": "https://www.sec.gov/Archives/edgar/data/75362/000156459021053170/0001564590-21-053170-index.htm",
    "finalLink": "https://www.sec.gov/Archives/edgar/data/75362/000156459021053170/pcar-10q_20210930.htm"
  },
  {
    "date": "2021-06-30",
    "symbol": "PCAR",
    "reportedCurrency": "USD",
    "cik": "0000075362",
    "fillingDate": "2021-08-02",
    "acceptedDate": "2021-08-02 16:06:27",
    "calendarYear": "2021",
    "period": "Q2",
    "revenue": 5849000000,
    "costOfRevenue": 4968800000,
    "grossProfit": 880200000,
    "grossProfitRatio": 0.1504872628,
    "researchAndDevelopmentExpenses": 84400000,
    "generalAndAdministrativeExpenses": 0,
    "sellingAndMarketingExpenses": 0,
    "sellingGeneralAndAdministrativeExpenses": 163900000,
    "otherExpenses": 0,
    "operatingExpenses": 248300000,
    "costAndExpenses": 5217100000,
    "interestIncome": 4400000,
    "interestExpense": 0,
    "depreciationAndAmortization": 220500000,
    "ebitda": 860100000,
    "ebitdaratio": 0.1470507779,
    "operatingIncome": 631900000,
    "operatingIncomeRatio": 0.1080355616,
    "totalOtherIncomeExpensesNet": 8400000,
    "incomeBeforeTax": 640300000,
    "incomeBeforeTaxRatio": 0.1094717046,
    "incomeTaxExpense": 144800000,
    "netIncome": 495500000,
    "netIncomeRatio": 0.084715336,
    "eps": 0.94,
    "epsdiluted": 0.94,
    "weightedAverageShsOut": 521700000,
    "weightedAverageShsOutDil": 522750000,
    "link": "https://www.sec.gov/Archives/edgar/data/75362/000156459021039777/0001564590-21-039777-index.htm",
    "finalLink": "https://www.sec.gov/Archives/edgar/data/75362/000156459021039777/pcar-10q_20210630.htm"
  },
  {
    "date": "2021-03-31",
    "symbol": "PCAR",
    "reportedCurrency": "USD",
    "cik": "0000075362",
    "fillingDate": "2021-05-03",
    "acceptedDate": "2021-05-03 16:06:21",
    "calendarYear": "2021",
    "period": "Q1",
    "revenue": 5854000000,
    "costOfRevenue": 5034000000,
    "grossProfit": 820000000,
    "grossProfitRatio": 0.1400751623,
    "researchAndDevelopmentExpenses": 80100000,
    "generalAndAdministrativeExpenses": 0,
    "sellingAndMarketingExpenses": 0,
    "sellingGeneralAndAdministrativeExpenses": 164800000,
    "otherExpenses": 0,
    "operatingExpenses": 244900000,
    "costAndExpenses": 5278900000,
    "interestIncome": 4300000,
    "interestExpense": 10400000,
    "depreciationAndAmortization": 251700000,
    "ebitda": 869400000,
    "ebitdaratio": 0.1485138367,
    "operatingIncome": 575100000,
    "operatingIncomeRatio": 0.0982405193,
    "totalOtherIncomeExpensesNet": 32200000,
    "incomeBeforeTax": 607300000,
    "incomeBeforeTaxRatio": 0.1037410318,
    "incomeTaxExpense": 137200000,
    "netIncome": 470800000,
    "netIncomeRatio": 0.080423642,
    "eps": 0.9,
    "epsdiluted": 0.9,
    "weightedAverageShsOut": 521400000,
    "weightedAverageShsOutDil": 522600000,
    "link": "https://www.sec.gov/Archives/edgar/data/75362/000156459021022825/0001564590-21-022825-index.htm",
    "finalLink": "https://www.sec.gov/Archives/edgar/data/75362/000156459021022825/pcar-10q_20210331.htm"
  },
  {
    "date": "2020-12-31",
    "symbol": "PCAR",
    "reportedCurrency": "USD",
    "cik": "0000075362",
    "fillingDate": "2021-02-17",
    "acceptedDate": "2021-02-17 16:06:35",
    "calendarYear": "2020",
    "period": "Q4",
    "revenue": 5586800000,
    "costOfRevenue": 4736800000,
    "grossProfit": 850000000,
    "grossProfitRatio": 0.1521443402,
    "researchAndDevelopmentExpenses": 71700000,
    "generalAndAdministrativeExpenses": 0,
    "sellingAndMarketingExpenses": 0,
    "sellingGeneralAndAdministrativeExpenses": 165900000,
    "otherExpenses": 0,
    "operatingExpenses": 237600000,
    "costAndExpenses": 4974400000,
    "interestIncome": 4900000,
    "interestExpense": 0,
    "depreciationAndAmortization": 231400000,
    "ebitda": 735300000,
    "ebitdaratio": 0.131613804,
    "operatingIncome": 612400000,
    "operatingIncomeRatio": 0.1096155223,
    "totalOtherIncomeExpensesNet": -90600000,
    "incomeBeforeTax": 521799999,
    "incomeBeforeTaxRatio": 0.0933987254,
    "incomeTaxExpense": 116000000,
    "netIncome": 405800000,
    "netIncomeRatio": 0.072635498,
    "eps": 0.78,
    "epsdiluted": 0.78,
    "weightedAverageShsOut": 520800000,
    "weightedAverageShsOutDil": 522000000,
    "link": "https://www.sec.gov/Archives/edgar/data/75362/000156459021006370/0001564590-21-006370-index.htm",
    "finalLink": "https://www.sec.gov/Archives/edgar/data/75362/000156459021006370/pcar-10k_20201231.htm"
  },
  {
    "date": "2020-09-30",
    "symbol": "PCAR",
    "reportedCurrency": "USD",
    "cik": "0000075362",
    "fillingDate": "2020-11-02",
    "acceptedDate": "2020-11-02 16:06:41",
    "calendarYear": "2020",
    "period": "Q3",
    "revenue": 4925400000,
    "costOfRevenue": 4206899999,
    "grossProfit": 718500000,
    "grossProfitRatio": 0.145876477,
    "researchAndDevelopmentExpenses": 64700000,
    "generalAndAdministrativeExpenses": 0,
    "sellingAndMarketingExpenses": 0,
    "sellingGeneralAndAdministrativeExpenses": 134700000,
    "otherExpenses": 0,
    "operatingExpenses": 199400000,
    "costAndExpenses": 4406300000,
    "interestIncome": 5800000,
    "interestExpense": 2200000,
    "depreciationAndAmortization": 227400000,
    "ebitda": 719500000,
    "ebitdaratio": 0.1460795062,
    "operatingIncome": 519100000,
    "operatingIncomeRatio": 0.1053924554,
    "totalOtherIncomeExpensesNet": -29200000,
    "incomeBeforeTax": 489900000,
    "incomeBeforeTaxRatio": 0.0994640029,
    "incomeTaxExpense": 104400000,
    "netIncome": 385500000,
    "netIncomeRatio": 0.0782677549,
    "eps": 0.74,
    "epsdiluted": 0.74,
    "weightedAverageShsOut": 520200000,
    "weightedAverageShsOutDil": 521400000,
    "link": "https://www.sec.gov/Archives/edgar/data/75362/000156459020049631/0001564590-20-049631-index.htm",
    "finalLink": "https://www.sec.gov/Archives/edgar/data/75362/000156459020049631/pcar-10q_20200930.htm"
  },
  {
    "date": "2020-06-30",
    "symbol": "PCAR",
    "reportedCurrency": "USD",
    "cik": "0000075362",
    "fillingDate": "2020-08-03",
    "acceptedDate": "2020-08-03 17:09:12",
    "calendarYear": "2020",
    "period": "Q2",
    "revenue": 3050500000,
    "costOfRevenue": 2680000000,
    "grossProfit": 370500000,
    "grossProfitRatio": 0.1214554991,
    "researchAndDevelopmentExpenses": 66500000,
    "generalAndAdministrativeExpenses": 0,
    "sellingAndMarketingExpenses": 0,
    "sellingGeneralAndAdministrativeExpenses": 127300000,
    "otherExpenses": 0,
    "operatingExpenses": 193800000,
    "costAndExpenses": 2873800000,
    "interestIncome": 8400000,
    "interestExpense": 0,
    "depreciationAndAmortization": 209800000,
    "ebitda": 380700000,
    "ebitdaratio": 0.1247992132,
    "operatingIncome": 176700000,
    "operatingIncomeRatio": 0.0579249303,
    "totalOtherIncomeExpensesNet": 7300000,
    "incomeBeforeTax": 184000000,
    "incomeBeforeTaxRatio": 0.0603179807,
    "incomeTaxExpense": 36300000,
    "netIncome": 147700000,
    "netIncomeRatio": 0.0484182921,
    "eps": 0.28,
    "epsdiluted": 0.28,
    "weightedAverageShsOut": 519600000,
    "weightedAverageShsOutDil": 520200000,
    "link": "https://www.sec.gov/Archives/edgar/data/75362/000156459020035572/0001564590-20-035572-index.htm",
    "finalLink": "https://www.sec.gov/Archives/edgar/data/75362/000156459020035572/pcar-10q_20200630.htm"
  },
  {
    "date": "2020-03-31",
    "symbol": "PCAR",
    "reportedCurrency": "USD",
    "cik": "0000075362",
    "fillingDate": "2020-05-04",
    "acceptedDate": "2020-05-04 16:07:15",
    "calendarYear": "2020",
    "period": "Q1",
    "revenue": 5161800000,
    "costOfRevenue": 4417300000,
    "grossProfit": 744500000,
    "grossProfitRatio": 0.144232632,
    "researchAndDevelopmentExpenses": 71000000,
    "generalAndAdministrativeExpenses": 0,
    "sellingAndMarketingExpenses": 0,
    "sellingGeneralAndAdministrativeExpenses": 181500000,
    "otherExpenses": 0,
    "operatingExpenses": 252500000,
    "costAndExpenses": 4669800000,
    "interestIncome": 14400000,
    "interestExpense": 9100000,
    "depreciationAndAmortization": 232900000,
    "ebitda": 704200000,
    "ebitdaratio": 0.136425278,
    "operatingIncome": 492000000,
    "operatingIncomeRatio": 0.0953155876,
    "totalOtherIncomeExpensesNet": -29800000,
    "incomeBeforeTax": 462200000,
    "incomeBeforeTaxRatio": 0.0895424077,
    "incomeTaxExpense": 102800000,
    "netIncome": 359400000,
    "netIncomeRatio": 0.0696268743,
    "eps": 0.69,
    "epsdiluted": 0.69,
    "weightedAverageShsOut": 520350000,
    "weightedAverageShsOutDil": 520950000,
    "link": "https://www.sec.gov/Archives/edgar/data/75362/000156459020020820/0001564590-20-020820-index.htm",
    "finalLink": "https://www.sec.gov/Archives/edgar/data/75362/000156459020020820/pcar-10q_20200331.htm"
  },
  {
    "date": "2019-12-31",
    "symbol": "PCAR",
    "reportedCurrency": "USD",
    "cik": "0000075362",
    "fillingDate": "2020-02-19",
    "acceptedDate": "2020-02-19 16:08:44",
    "calendarYear": "2019",
    "period": "Q4",
    "revenue": 6124500000,
    "costOfRevenue": 5131100000,
    "grossProfit": 993400000,
    "grossProfitRatio": 0.162200996,
    "researchAndDevelopmentExpenses": 83600000,
    "generalAndAdministrativeExpenses": 0,
    "sellingAndMarketingExpenses": 0,
    "sellingGeneralAndAdministrativeExpenses": 186800000,
    "otherExpenses": 0,
    "operatingExpenses": 270400000,
    "costAndExpenses": 5401500000,
    "interestIncome": 20000000,
    "interestExpense": 0,
    "depreciationAndAmortization": 239900000,
    "ebitda": 915100000,
    "ebitdaratio": 0.1494162789,
    "operatingIncome": 723000000,
    "operatingIncomeRatio": 0.1180504531,
    "totalOtherIncomeExpensesNet": -35200000,
    "incomeBeforeTax": 687800000,
    "incomeBeforeTaxRatio": 0.1123030451,
    "incomeTaxExpense": 156500000,
    "netIncome": 531300000,
    "netIncomeRatio": 0.0867499388,
    "eps": 1.02,
    "epsdiluted": 1.02,
    "weightedAverageShsOut": 520050000,
    "weightedAverageShsOutDil": 521100000,
    "link": "https://www.sec.gov/Archives/edgar/data/75362/000156459020005276/0001564590-20-005276-index.htm",
    "finalLink": "https://www.sec.gov/Archives/edgar/data/75362/000156459020005276/pcar-10k_20191231.htm"
  },
  {
    "date": "2019-09-30",
    "symbol": "PCAR",
    "reportedCurrency": "USD",
    "cik": "0000075362",
    "fillingDate": "2019-10-30",
    "acceptedDate": "2019-10-30 16:38:50",
    "calendarYear": "2019",
    "period": "Q3",
    "revenue": 6363800000,
    "costOfRevenue": 5404500000,
    "grossProfit": 959300000,
    "grossProfitRatio": 0.1507432666,
    "researchAndDevelopmentExpenses": 82200000,
    "generalAndAdministrativeExpenses": 0,
    "sellingAndMarketingExpenses": 0,
    "sellingGeneralAndAdministrativeExpenses": 178200000,
    "otherExpenses": 0,
    "operatingExpenses": 260399999,
    "costAndExpenses": 5664900000,
    "interestIncome": 20900000,
    "interestExpense": 0,
    "depreciationAndAmortization": 236200000,
    "ebitda": 1000300000,
    "ebitdaratio": 0.1571859581,
    "operatingIncome": 698900000,
    "operatingIncomeRatio": 0.1098243188,
    "totalOtherIncomeExpensesNet": 78700000,
    "incomeBeforeTax": 777600000,
    "incomeBeforeTaxRatio": 0.1221911437,
    "incomeTaxExpense": 169700000,
    "netIncome": 607900000,
    "netIncomeRatio": 0.0955246865,
    "eps": 1.17,
    "epsdiluted": 1.17,
    "weightedAverageShsOut": 519900000,
    "weightedAverageShsOutDil": 520800000,
    "link": "https://www.sec.gov/Archives/edgar/data/75362/000156459019038819/0001564590-19-038819-index.htm",
    "finalLink": "https://www.sec.gov/Archives/edgar/data/75362/000156459019038819/pcar-10q_20190930.htm"
  },
  {
    "date": "2019-06-30",
    "symbol": "PCAR",
    "reportedCurrency": "USD",
    "cik": "0000075362",
    "fillingDate": "2019-08-02",
    "acceptedDate": "2019-08-02 16:08:18",
    "calendarYear": "2019",
    "period": "Q2",
    "revenue": 6635600000,
    "costOfRevenue": 5580600000,
    "grossProfit": 1055000000,
    "grossProfitRatio": 0.1589908976,
    "researchAndDevelopmentExpenses": 82500000,
    "generalAndAdministrativeExpenses": 0,
    "sellingAndMarketingExpenses": 0,
    "sellingGeneralAndAdministrativeExpenses": 177300000,
    "otherExpenses": 0,
    "operatingExpenses": 259800000,
    "costAndExpenses": 5840400000,
    "interestIncome": 21700000,
    "interestExpense": 0,
    "depreciationAndAmortization": 226700000,
    "ebitda": 1030000000,
    "ebitdaratio": 0.1552233408,
    "operatingIncome": 795200000,
    "operatingIncomeRatio": 0.1198384472,
    "totalOtherIncomeExpensesNet": 19200000,
    "incomeBeforeTax": 814400000,
    "incomeBeforeTaxRatio": 0.1227319308,
    "incomeTaxExpense": 194700000,
    "netIncome": 619700000,
    "netIncomeRatio": 0.0933901983,
    "eps": 1.19,
    "epsdiluted": 1.19,
    "weightedAverageShsOut": 520500000,
    "weightedAverageShsOutDil": 521550000,
    "link": "https://www.sec.gov/Archives/edgar/data/75362/000156459019028370/0001564590-19-028370-index.htm",
    "finalLink": "https://www.sec.gov/Archives/edgar/data/75362/000156459019028370/pcar-10q_20190630.htm"
  },
  {
    "date": "2019-03-31",
    "symbol": "PCAR",
    "reportedCurrency": "USD",
    "cik": "0000075362",
    "fillingDate": "2019-05-02",
    "acceptedDate": "2019-05-02 16:07:43",
    "calendarYear": "2019",
    "period": "Q1",
    "revenue": 6497000000,
    "costOfRevenue": 5448700000,
    "grossProfit": 1048300000,
    "grossProfitRatio": 0.161351393,
    "researchAndDevelopmentExpenses": 78300000,
    "generalAndAdministrativeExpenses": 0,
    "sellingAndMarketingExpenses": 0,
    "sellingGeneralAndAdministrativeExpenses": 171600000,
    "otherExpenses": 0,
    "operatingExpenses": 249900000,
    "costAndExpenses": 5698600000,
    "interestIncome": 19300000,
    "interestExpense": 0,
    "depreciationAndAmortization": 225100000,
    "ebitda": 1032200000,
    "ebitdaratio": 0.1588733262,
    "operatingIncome": 798400000,
    "operatingIncomeRatio": 0.1228874865,
    "totalOtherIncomeExpensesNet": 21000000,
    "incomeBeforeTax": 819400000,
    "incomeBeforeTaxRatio": 0.1261197476,
    "incomeTaxExpense": 190400000,
    "netIncome": 629000000,
    "netIncomeRatio": 0.0968139141,
    "eps": 1.21,
    "epsdiluted": 1.21,
    "weightedAverageShsOut": 520800000,
    "weightedAverageShsOutDil": 521700000,
    "link": "https://www.sec.gov/Archives/edgar/data/75362/000156459019015329/0001564590-19-015329-index.htm",
    "finalLink": "https://www.sec.gov/Archives/edgar/data/75362/000156459019015329/pcar-10q_20190331.htm"
  },
  {
    "date": "2018-12-31",
    "symbol": "PCAR",
    "reportedCurrency": "USD",
    "cik": "0000075362",
    "fillingDate": "2019-02-21",
    "acceptedDate": "2019-02-21 16:07:58",
    "calendarYear": "2018",
    "period": "Q4",
    "revenue": 6279000000,
    "costOfRevenue": 5354000000,
    "grossProfit": 925000000,
    "grossProfitRatio": 0.1473164517,
    "researchAndDevelopmentExpenses": 80500000,
    "generalAndAdministrativeExpenses": 0,
    "sellingAndMarketingExpenses": 0,
    "sellingGeneralAndAdministrativeExpenses": 167800000,
    "otherExpenses": 0,
    "operatingExpenses": 248300000,
    "costAndExpenses": 5602300000,
    "interestIncome": 40400000,
    "interestExpense": 0,
    "depreciationAndAmortization": 259700000,
    "ebitda": 1012100000,
    "ebitdaratio": 0.1611880873,
    "operatingIncome": 676700000,
    "operatingIncomeRatio": 0.1077719382,
    "totalOtherIncomeExpensesNet": 75700000,
    "incomeBeforeTax": 752400000,
    "incomeBeforeTaxRatio": 0.1198279981,
    "incomeTaxExpense": 174300000,
    "netIncome": 578100000,
    "netIncomeRatio": 0.0920688008,
    "eps": 1.1,
    "epsdiluted": 1.1,
    "weightedAverageShsOut": 523650000,
    "weightedAverageShsOutDil": 524400000,
    "link": "https://www.sec.gov/Archives/edgar/data/75362/000156459019003670/0001564590-19-003670-index.htm",
    "finalLink": "https://www.sec.gov/Archives/edgar/data/75362/000156459019003670/pcar-10k_20181231.htm"
  },
  {
    "date": "2018-09-30",
    "symbol": "PCAR",
    "reportedCurrency": "USD",
    "cik": "0000075362",
    "fillingDate": "2018-11-02",
    "acceptedDate": "2018-11-02 16:07:34",
    "calendarYear": "2018",
    "period": "Q3",
    "revenue": 5761100000,
    "costOfRevenue": 4888400000,
    "grossProfit": 872700000,
    "grossProfitRatio": 0.1514814879,
    "researchAndDevelopmentExpenses": 72900000,
    "generalAndAdministrativeExpenses": 0,
    "sellingAndMarketingExpenses": 0,
    "sellingGeneralAndAdministrativeExpenses": 156700000,
    "otherExpenses": 0,
    "operatingExpenses": 229600000,
    "costAndExpenses": 5118000000,
    "interestIncome": 16500000,
    "interestExpense": 0,
    "depreciationAndAmortization": 252600000,
    "ebitda": 913800000,
    "ebitdaratio": 0.1586155422,
    "operatingIncome": 643100000,
    "operatingIncomeRatio": 0.1116279877,
    "totalOtherIncomeExpensesNet": 25700000,
    "incomeBeforeTax": 668800000,
    "incomeBeforeTaxRatio": 0.1160889413,
    "incomeTaxExpense": 123500000,
    "netIncome": 545300000,
    "netIncomeRatio": 0.094652063,
    "eps": 1.04,
    "epsdiluted": 1.03,
    "weightedAverageShsOut": 526050000,
    "weightedAverageShsOutDil": 527250000,
    "link": "https://www.sec.gov/Archives/edgar/data/75362/000156459018026487/0001564590-18-026487-index.htm",
    "finalLink": "https://www.sec.gov/Archives/edgar/data/75362/000156459018026487/pcar-10q_20180930.htm"
  },
  {
    "date": "2018-06-30",
    "symbol": "PCAR",
    "reportedCurrency": "USD",
    "cik": "0000075362",
    "fillingDate": "2018-08-03",
    "acceptedDate": "2018-08-03 16:07:27",
    "calendarYear": "2018",
    "period": "Q2",
    "revenue": 5802400000,
    "costOfRevenue": 4963700000,
    "grossProfit": 838700000,
    "grossProfitRatio": 0.1445436371,
    "researchAndDevelopmentExpenses": 76700000,
    "generalAndAdministrativeExpenses": 0,
    "sellingAndMarketingExpenses": 0,
    "sellingGeneralAndAdministrativeExpenses": 162100000,
    "otherExpenses": 0,
    "operatingExpenses": 238800000,
    "costAndExpenses": 5202500000,
    "interestIncome": 14600000,
    "interestExpense": 0,
    "depreciationAndAmortization": 268300000,
    "ebitda": 970900000,
    "ebitdaratio": 0.1673273128,
    "operatingIncome": 599900000,
    "operatingIncomeRatio": 0.1033882531,
    "totalOtherIncomeExpensesNet": 119700000,
    "incomeBeforeTax": 719600000,
    "incomeBeforeTaxRatio": 0.1240176479,
    "incomeTaxExpense": 160000000,
    "netIncome": 559600000,
    "netIncomeRatio": 0.0964428512,
    "eps": 1.06,
    "epsdiluted": 1.06,
    "weightedAverageShsOut": 527550000,
    "weightedAverageShsOutDil": 528750000,
    "link": "https://www.sec.gov/Archives/edgar/data/75362/000156459018019160/0001564590-18-019160-index.htm",
    "finalLink": "https://www.sec.gov/Archives/edgar/data/75362/000156459018019160/pcar-10q_20180630.htm"
  },
  {
    "date": "2018-03-31",
    "symbol": "PCAR",
    "reportedCurrency": "USD",
    "cik": "0000075362",
    "fillingDate": "2018-05-04",
    "acceptedDate": "2018-05-04 08:01:41",
    "calendarYear": "2018",
    "period": "Q1",
    "revenue": 5658600000,
    "costOfRevenue": 4752900000,
    "grossProfit": 905700000,
    "grossProfitRatio": 0.160057258,
    "researchAndDevelopmentExpenses": 76000000,
    "generalAndAdministrativeExpenses": 0,
    "sellingAndMarketingExpenses": 0,
    "sellingGeneralAndAdministrativeExpenses": 172900000,
    "otherExpenses": 0,
    "operatingExpenses": 248900000,
    "costAndExpenses": 5001800000,
    "interestIncome": 9600000,
    "interestExpense": 0,
    "depreciationAndAmortization": 273500000,
    "ebitda": 921800000,
    "ebitdaratio": 0.1629024847,
    "operatingIncome": 656800000,
    "operatingIncomeRatio": 0.116071113,
    "totalOtherIncomeExpensesNet": 12600000,
    "incomeBeforeTax": 669400000,
    "incomeBeforeTaxRatio": 0.1182978122,
    "incomeTaxExpense": 157300000,
    "netIncome": 512100000,
    "netIncomeRatio": 0.0904994168,
    "eps": 0.97,
    "epsdiluted": 0.97,
    "weightedAverageShsOut": 528750000,
    "weightedAverageShsOutDil": 530250000,
    "link": "https://www.sec.gov/Archives/edgar/data/75362/000156459018010845/0001564590-18-010845-index.htm",
    "finalLink": "https://www.sec.gov/Archives/edgar/data/75362/000156459018010845/pcar-10q_20180331.htm"
  },
  {
    "date": "2017-12-31",
    "symbol": "PCAR",
    "reportedCurrency": "USD",
    "cik": "0000075362",
    "fillingDate": "2018-02-21",
    "acceptedDate": "2018-02-21 16:12:28",
    "calendarYear": "2017",
    "period": "Q4",
    "revenue": 5453400000,
    "costOfRevenue": 4636300000,
    "grossProfit": 817099999,
    "grossProfitRatio": 0.1498331314,
    "researchAndDevelopmentExpenses": 70600000,
    "generalAndAdministrativeExpenses": 0,
    "sellingAndMarketingExpenses": 0,
    "sellingGeneralAndAdministrativeExpenses": 153200000,
    "otherExpenses": 0,
    "operatingExpenses": 223800000,
    "costAndExpenses": 4860100000,
    "interestIncome": 19300000,
    "interestExpense": 3400000,
    "depreciationAndAmortization": 293200000,
    "ebitda": 897500000,
    "ebitdaratio": 0.1645762277,
    "operatingIncome": 593300000,
    "operatingIncomeRatio": 0.1087945135,
    "totalOtherIncomeExpensesNet": 11000000,
    "incomeBeforeTax": 604300000,
    "incomeBeforeTaxRatio": 0.1108116038,
    "incomeTaxExpense": 15100000,
    "netIncome": 589200000,
    "netIncomeRatio": 0.108042689,
    "eps": 1.12,
    "epsdiluted": 1.11,
    "weightedAverageShsOut": 528300000,
    "weightedAverageShsOutDil": 529800000,
    "link": "https://www.sec.gov/Archives/edgar/data/75362/000156459018002675/0001564590-18-002675-index.htm",
    "finalLink": "https://www.sec.gov/Archives/edgar/data/75362/000156459018002675/pcar-10k_20171231.htm"
  },
  {
    "date": "2017-09-30",
    "symbol": "PCAR",
    "reportedCurrency": "USD",
    "cik": "0000075362",
    "fillingDate": "2017-11-03",
    "acceptedDate": "2017-11-03 16:06:59",
    "calendarYear": "2017",
    "period": "Q3",
    "revenue": 5056700000,
    "costOfRevenue": 4244800000,
    "grossProfit": 811900000,
    "grossProfitRatio": 0.160559258,
    "researchAndDevelopmentExpenses": 67000000,
    "generalAndAdministrativeExpenses": 0,
    "sellingAndMarketingExpenses": 0,
    "sellingGeneralAndAdministrativeExpenses": 149600000,
    "otherExpenses": 0,
    "operatingExpenses": 216600000,
    "costAndExpenses": 4461400000,
    "interestIncome": 8800000,
    "interestExpense": 3200000,
    "depreciationAndAmortization": 286100000,
    "ebitda": 858100000,
    "ebitdaratio": 0.1696956513,
    "operatingIncome": 595300000,
    "operatingIncomeRatio": 0.1177249985,
    "totalOtherIncomeExpensesNet": -13500000,
    "incomeBeforeTax": 581800000,
    "incomeBeforeTaxRatio": 0.1150552732,
    "incomeTaxExpense": 179100000,
    "netIncome": 402700000,
    "netIncomeRatio": 0.0796369174,
    "eps": 0.76,
    "epsdiluted": 0.76,
    "weightedAverageShsOut": 527850000,
    "weightedAverageShsOutDil": 529350000,
    "link": "https://www.sec.gov/Archives/edgar/data/75362/000156459017021522/0001564590-17-021522-index.htm",
    "finalLink": "https://www.sec.gov/Archives/edgar/data/75362/000156459017021522/pcar-10q_20170930.htm"
  },
  {
    "date": "2017-06-30",
    "symbol": "PCAR",
    "reportedCurrency": "USD",
    "cik": "0000075362",
    "fillingDate": "2017-08-04",
    "acceptedDate": "2017-08-04 16:26:48",
    "calendarYear": "2017",
    "period": "Q2",
    "revenue": 4692100000,
    "costOfRevenue": 3912400000,
    "grossProfit": 779700000,
    "grossProfitRatio": 0.166172929,
    "researchAndDevelopmentExpenses": 66100000,
    "generalAndAdministrativeExpenses": 0,
    "sellingAndMarketingExpenses": 0,
    "sellingGeneralAndAdministrativeExpenses": 143200000,
    "otherExpenses": 0,
    "operatingExpenses": 209300000,
    "costAndExpenses": 4121700000,
    "interestIncome": 8600000,
    "interestExpense": 2800000,
    "depreciationAndAmortization": 269000000,
    "ebitda": 810800000,
    "ebitdaratio": 0.1728010912,
    "operatingIncome": 570400000,
    "operatingIncomeRatio": 0.1215660365,
    "totalOtherIncomeExpensesNet": -31400000,
    "incomeBeforeTax": 539000000,
    "incomeBeforeTaxRatio": 0.114873937,
    "incomeTaxExpense": 166000000,
    "netIncome": 373000000,
    "netIncomeRatio": 0.0794953219,
    "eps": 0.71,
    "epsdiluted": 0.71,
    "weightedAverageShsOut": 527700000,
    "weightedAverageShsOutDil": 529050000,
    "link": "https://www.sec.gov/Archives/edgar/data/75362/000119312517248773/0001193125-17-248773-index.htm",
    "finalLink": "https://www.sec.gov/Archives/edgar/data/75362/000119312517248773/d417922d10q.htm"
  },
  {
    "date": "2017-03-31",
    "symbol": "PCAR",
    "reportedCurrency": "USD",
    "cik": "0000075362",
    "fillingDate": "2017-05-04",
    "acceptedDate": "2017-05-04 16:22:27",
    "calendarYear": "2017",
    "period": "Q1",
    "revenue": 4233700000,
    "costOfRevenue": 3507600000,
    "grossProfit": 726100000,
    "grossProfitRatio": 0.1715048303,
    "researchAndDevelopmentExpenses": 61000000,
    "generalAndAdministrativeExpenses": 0,
    "sellingAndMarketingExpenses": 0,
    "sellingGeneralAndAdministrativeExpenses": 146300000,
    "otherExpenses": 0,
    "operatingExpenses": 207300000,
    "costAndExpenses": 3714900000,
    "interestIncome": 7800000,
    "interestExpense": 29900000,
    "depreciationAndAmortization": 259200000,
    "ebitda": 737300000,
    "ebitdaratio": 0.1741502704,
    "operatingIncome": 518799999,
    "operatingIncomeRatio": 0.1225405671,
    "totalOtherIncomeExpensesNet": -70599999,
    "incomeBeforeTax": 448200000,
    "incomeBeforeTaxRatio": 0.1058648464,
    "incomeTaxExpense": 137900000,
    "netIncome": 310300000,
    "netIncomeRatio": 0.0732928644,
    "eps": 0.59,
    "epsdiluted": 0.59,
    "weightedAverageShsOut": 527400000,
    "weightedAverageShsOutDil": 529050000,
    "link": "https://www.sec.gov/Archives/edgar/data/75362/000119312517158733/0001193125-17-158733-index.htm",
    "finalLink": "https://www.sec.gov/Archives/edgar/data/75362/000119312517158733/d362415d10q.htm"
  },
  {
    "date": "2016-12-31",
    "symbol": "PCAR",
    "reportedCurrency": "USD",
    "cik": "0000075362",
    "fillingDate": "2017-02-21",
    "acceptedDate": "2017-02-21 16:14:38",
    "calendarYear": "2016",
    "period": "Q4",
    "revenue": 4060400000,
    "costOfRevenue": 3484000000,
    "grossProfit": 576400000,
    "grossProfitRatio": 0.1419564575,
    "researchAndDevelopmentExpenses": 67600000,
    "generalAndAdministrativeExpenses": 0,
    "sellingAndMarketingExpenses": 0,
    "sellingGeneralAndAdministrativeExpenses": 138900000,
    "otherExpenses": 0,
    "operatingExpenses": 206500000,
    "costAndExpenses": 3690500000,
    "interestIncome": 21700000,
    "interestExpense": 7200000,
    "depreciationAndAmortization": 247500000,
    "ebitda": 673600000,
    "ebitdaratio": 0.1658949857,
    "operatingIncome": 369900000,
    "operatingIncomeRatio": 0.0910993991,
    "totalOtherIncomeExpensesNet": 49000000,
    "incomeBeforeTax": 418900000,
    "incomeBeforeTaxRatio": 0.1031671756,
    "incomeTaxExpense": 130100000,
    "netIncome": 288800000,
    "netIncomeRatio": 0.0711259974,
    "eps": 0.55,
    "epsdiluted": 0.55,
    "weightedAverageShsOut": 526650000,
    "weightedAverageShsOutDil": 527850000,
    "link": "https://www.sec.gov/Archives/edgar/data/75362/000119312517050405/0001193125-17-050405-index.htm",
    "finalLink": "https://www.sec.gov/Archives/edgar/data/75362/000119312517050405/d283100d10k.htm"
  },
  {
    "date": "2016-09-30",
    "symbol": "PCAR",
    "reportedCurrency": "USD",
    "cik": "0000075362",
    "fillingDate": "2016-11-04",
    "acceptedDate": "2016-11-04 16:12:19",
    "calendarYear": "2016",
    "period": "Q3",
    "revenue": 4237899999,
    "costOfRevenue": 3540900000,
    "grossProfit": 697000000,
    "grossProfitRatio": 0.1644682508,
    "researchAndDevelopmentExpenses": 59200000,
    "generalAndAdministrativeExpenses": 0,
    "sellingAndMarketingExpenses": 0,
    "sellingGeneralAndAdministrativeExpenses": 136800000,
    "otherExpenses": 0,
    "operatingExpenses": 196000000,
    "costAndExpenses": 3736900000,
    "interestIncome": 6100000,
    "interestExpense": 3200000,
    "depreciationAndAmortization": 250200000,
    "ebitda": 748300000,
    "ebitdaratio": 0.1765733029,
    "operatingIncome": 501000000,
    "operatingIncomeRatio": 0.1182189292,
    "totalOtherIncomeExpensesNet": -6100000,
    "incomeBeforeTax": 494900000,
    "incomeBeforeTaxRatio": 0.1167795371,
    "incomeTaxExpense": 148700000,
    "netIncome": 346200000,
    "netIncomeRatio": 0.0816914038,
    "eps": 0.66,
    "epsdiluted": 0.66,
    "weightedAverageShsOut": 526500000,
    "weightedAverageShsOutDil": 527700000,
    "link": "https://www.sec.gov/Archives/edgar/data/75362/000119312516760179/0001193125-16-760179-index.htm",
    "finalLink": "https://www.sec.gov/Archives/edgar/data/75362/000119312516760179/d245955d10q.htm"
  },
  {
    "date": "2016-06-30",
    "symbol": "PCAR",
    "reportedCurrency": "USD",
    "cik": "0000075362",
    "fillingDate": "2016-08-03",
    "acceptedDate": "2016-08-03 16:09:19",
    "calendarYear": "2016",
    "period": "Q2",
    "revenue": 4413200000,
    "costOfRevenue": 3678400000,
    "grossProfit": 734800000,
    "grossProfitRatio": 0.1665004985,
    "researchAndDevelopmentExpenses": 60800000,
    "generalAndAdministrativeExpenses": 135300000,
    "sellingAndMarketingExpenses": 0,
    "sellingGeneralAndAdministrativeExpenses": 135300000,
    "otherExpenses": 162400000,
    "operatingExpenses": 202100000,
    "costAndExpenses": 3880500000,
    "interestIncome": 0,
    "interestExpense": 2500000,
    "depreciationAndAmortization": 252900000,
    "ebitda": 659400000,
    "ebitdaratio": 0.1494153902,
    "operatingIncome": 416700000,
    "operatingIncomeRatio": 0.0944212816,
    "totalOtherIncomeExpensesNet": 229500000,
    "incomeBeforeTax": 646200000,
    "incomeBeforeTaxRatio": 0.1464243633,
    "incomeTaxExpense": 164900000,
    "netIncome": 481300000,
    "netIncomeRatio": 0.1090591861,
    "eps": 0.91,
    "epsdiluted": 0.91,
    "weightedAverageShsOut": 526350000,
    "weightedAverageShsOutDil": 527400000,
    "link": "https://www.sec.gov/Archives/edgar/data/75362/000119312516670077/0001193125-16-670077-index.htm",
    "finalLink": "https://www.sec.gov/Archives/edgar/data/75362/000119312516670077/d207462d10q.htm"
  },
  {
    "date": "2016-03-31",
    "symbol": "PCAR",
    "reportedCurrency": "USD",
    "cik": "0000075362",
    "fillingDate": "2016-05-04",
    "acceptedDate": "2016-05-04 16:15:23",
    "calendarYear": "2016",
    "period": "Q1",
    "revenue": 4300000000,
    "costOfRevenue": 3594800000,
    "grossProfit": 705200000,
    "grossProfitRatio": 0.164,
    "researchAndDevelopmentExpenses": 59600000,
    "generalAndAdministrativeExpenses": 134800000,
    "sellingAndMarketingExpenses": 0,
    "sellingGeneralAndAdministrativeExpenses": 134800000,
    "otherExpenses": 154300000,
    "operatingExpenses": 197800000,
    "costAndExpenses": 3792600000,
    "interestIncome": 0,
    "interestExpense": 1873900000,
    "depreciationAndAmortization": 242500000,
    "ebitda": 628400000,
    "ebitdaratio": 0.1461395349,
    "operatingIncome": 1444300000,
    "operatingIncomeRatio": 0.3358837209,
    "totalOtherIncomeExpensesNet": -937000000,
    "incomeBeforeTax": -429600000,
    "incomeBeforeTaxRatio": -0.0999069767,
    "incomeTaxExpense": 165000000,
    "netIncome": -594600000,
    "netIncomeRatio": -0.1382790698,
    "eps": -1.13,
    "epsdiluted": -1.13,
    "weightedAverageShsOut": 526950000,
    "weightedAverageShsOutDil": 526950000,
    "link": "https://www.sec.gov/Archives/edgar/data/75362/000119312516577596/0001193125-16-577596-index.htm",
    "finalLink": "https://www.sec.gov/Archives/edgar/data/75362/000119312516577596/d159266d10q.htm"
  },
  {
    "date": "2015-12-31",
    "symbol": "PCAR",
    "reportedCurrency": "USD",
    "cik": "0000075362",
    "fillingDate": "2016-02-16",
    "acceptedDate": "2016-02-16 16:14:11",
    "calendarYear": "2015",
    "period": "Q4",
    "revenue": 4355300000,
    "costOfRevenue": 3644400000,
    "grossProfit": 710900000,
    "grossProfitRatio": 0.1632264138,
    "researchAndDevelopmentExpenses": 66700000,
    "generalAndAdministrativeExpenses": 145400000,
    "sellingAndMarketingExpenses": 0,
    "sellingGeneralAndAdministrativeExpenses": 145400000,
    "otherExpenses": 31500000,
    "operatingExpenses": 215800000,
    "costAndExpenses": 3860200000,
    "interestIncome": 0,
    "interestExpense": 0,
    "depreciationAndAmortization": 227800000,
    "ebitda": 602300000,
    "ebitdaratio": 0.1382912773,
    "operatingIncome": 489900000,
    "operatingIncomeRatio": 0.1124836406,
    "totalOtherIncomeExpensesNet": 8800000,
    "incomeBeforeTax": 498700000,
    "incomeBeforeTaxRatio": 0.1145041673,
    "incomeTaxExpense": 151500000,
    "netIncome": 347200000,
    "netIncomeRatio": 0.0797189631,
    "eps": 0.66,
    "epsdiluted": 0.65,
    "weightedAverageShsOut": 529800000,
    "weightedAverageShsOutDil": 530850000,
    "link": "https://www.sec.gov/Archives/edgar/data/75362/000119312516465258/0001193125-16-465258-index.htm",
    "finalLink": "https://www.sec.gov/Archives/edgar/data/75362/000119312516465258/d45361d10k.htm"
  },
  {
    "date": "2015-09-30",
    "symbol": "PCAR",
    "reportedCurrency": "USD",
    "cik": "0000075362",
    "fillingDate": "2015-11-05",
    "acceptedDate": "2015-11-05 16:14:19",
    "calendarYear": "2015",
    "period": "Q3",
    "revenue": 4847200000,
    "costOfRevenue": 4033000000,
    "grossProfit": 814200000,
    "grossProfitRatio": 0.1679732629,
    "researchAndDevelopmentExpenses": 57600000,
    "generalAndAdministrativeExpenses": 131000000,
    "sellingAndMarketingExpenses": 0,
    "sellingGeneralAndAdministrativeExpenses": 131000000,
    "otherExpenses": 154900000,
    "operatingExpenses": 191000000,
    "costAndExpenses": 4224000000,
    "interestIncome": 0,
    "interestExpense": 4900000,
    "depreciationAndAmortization": 230900000,
    "ebitda": 735900000,
    "ebitdaratio": 0.1518196072,
    "operatingIncome": 617000000,
    "operatingIncomeRatio": 0.1272899818,
    "totalOtherIncomeExpensesNet": 7500000,
    "incomeBeforeTax": 624500000,
    "incomeBeforeTaxRatio": 0.1288372669,
    "incomeTaxExpense": 193300000,
    "netIncome": 431200000,
    "netIncomeRatio": 0.088958574,
    "eps": 0.81,
    "epsdiluted": 0.81,
    "weightedAverageShsOut": 532500000,
    "weightedAverageShsOutDil": 533850000,
    "link": "https://www.sec.gov/Archives/edgar/data/75362/000119312515368291/0001193125-15-368291-index.htm",
    "finalLink": "https://www.sec.gov/Archives/edgar/data/75362/000119312515368291/d53439d10q.htm"
  },
  {
    "date": "2015-06-30",
    "symbol": "PCAR",
    "reportedCurrency": "USD",
    "cik": "0000075362",
    "fillingDate": "2015-08-06",
    "acceptedDate": "2015-08-06 16:13:42",
    "calendarYear": "2015",
    "period": "Q2",
    "revenue": 5079900000,
    "costOfRevenue": 4236700000,
    "grossProfit": 843200000,
    "grossProfitRatio": 0.1659875194,
    "researchAndDevelopmentExpenses": 59300000,
    "generalAndAdministrativeExpenses": 132100000,
    "sellingAndMarketingExpenses": 0,
    "sellingGeneralAndAdministrativeExpenses": 132100000,
    "otherExpenses": 149500000,
    "operatingExpenses": 195000000,
    "costAndExpenses": 4431700000,
    "interestIncome": 0,
    "interestExpense": 1300000,
    "depreciationAndAmortization": 227300000,
    "ebitda": 763000000,
    "ebitdaratio": 0.1501998071,
    "operatingIncome": 642900000,
    "operatingIncomeRatio": 0.1265576094,
    "totalOtherIncomeExpensesNet": 9300000,
    "incomeBeforeTax": 652200000,
    "incomeBeforeTaxRatio": 0.1283883541,
    "incomeTaxExpense": 205000000,
    "netIncome": 447200000,
    "netIncomeRatio": 0.088033229,
    "eps": 0.84,
    "epsdiluted": 0.84,
    "weightedAverageShsOut": 532950000,
    "weightedAverageShsOutDil": 534450000,
    "link": "https://www.sec.gov/Archives/edgar/data/75362/000119312515281040/0001193125-15-281040-index.htm",
    "finalLink": "https://www.sec.gov/Archives/edgar/data/75362/000119312515281040/d928606d10q.htm"
  },
  {
    "date": "2015-03-31",
    "symbol": "PCAR",
    "reportedCurrency": "USD",
    "cik": "0000075362",
    "fillingDate": "2015-05-06",
    "acceptedDate": "2015-05-06 16:11:39",
    "calendarYear": "2015",
    "period": "Q1",
    "revenue": 4832700000,
    "costOfRevenue": 4079700000,
    "grossProfit": 753000000,
    "grossProfitRatio": 0.1558135204,
    "researchAndDevelopmentExpenses": 56200000,
    "generalAndAdministrativeExpenses": 133000000,
    "sellingAndMarketingExpenses": 0,
    "sellingGeneralAndAdministrativeExpenses": 133000000,
    "otherExpenses": 143100000,
    "operatingExpenses": 191900000,
    "costAndExpenses": 4271600000,
    "interestIncome": 0,
    "interestExpense": 4500000,
    "depreciationAndAmortization": 221100000,
    "ebitda": 666900000,
    "ebitdaratio": 0.1379973928,
    "operatingIncome": 556000000,
    "operatingIncomeRatio": 0.1150495582,
    "totalOtherIncomeExpensesNet": 600000,
    "incomeBeforeTax": 561700000,
    "incomeBeforeTaxRatio": 0.1162290231,
    "incomeTaxExpense": 183300000,
    "netIncome": 378400000,
    "netIncomeRatio": 0.0782999152,
    "eps": 0.71,
    "epsdiluted": 0.71,
    "weightedAverageShsOut": 532650000,
    "weightedAverageShsOutDil": 534150000,
    "link": "https://www.sec.gov/Archives/edgar/data/75362/000119312515174512/0001193125-15-174512-index.htm",
    "finalLink": "https://www.sec.gov/Archives/edgar/data/75362/000119312515174512/d886745d10q.htm"
  },
  {
    "date": "2014-12-31",
    "symbol": "PCAR",
    "reportedCurrency": "USD",
    "cik": "0000075362",
    "fillingDate": "2015-02-26",
    "acceptedDate": "2015-02-26 16:20:55",
    "calendarYear": "2014",
    "period": "Q4",
    "revenue": 5119100000,
    "costOfRevenue": 4339700000,
    "grossProfit": 779400000,
    "grossProfitRatio": 0.1522533258,
    "researchAndDevelopmentExpenses": 62500000,
    "generalAndAdministrativeExpenses": 140100000,
    "sellingAndMarketingExpenses": 0,
    "sellingGeneralAndAdministrativeExpenses": 140100000,
    "otherExpenses": 35200000,
    "operatingExpenses": 205500000,
    "costAndExpenses": 4545200000,
    "interestIncome": 0,
    "interestExpense": 0,
    "depreciationAndAmortization": 240100000,
    "ebitda": 692900000,
    "ebitdaratio": 0.1353558243,
    "operatingIncome": 568600000,
    "operatingIncomeRatio": 0.1110742123,
    "totalOtherIncomeExpensesNet": 9100000,
    "incomeBeforeTax": 577700000,
    "incomeBeforeTaxRatio": 0.1128518685,
    "incomeTaxExpense": 183400000,
    "netIncome": 394300000,
    "netIncomeRatio": 0.0770252583,
    "eps": 0.74,
    "epsdiluted": 0.74,
    "weightedAverageShsOut": 532050000,
    "weightedAverageShsOutDil": 533700000,
    "link": "https://www.sec.gov/Archives/edgar/data/75362/000119312515065702/0001193125-15-065702-index.htm",
    "finalLink": "https://www.sec.gov/Archives/edgar/data/75362/000119312515065702/d823556d10k.htm"
  },
  {
    "date": "2014-09-30",
    "symbol": "PCAR",
    "reportedCurrency": "USD",
    "cik": "0000075362",
    "fillingDate": "2014-11-06",
    "acceptedDate": "2014-11-06 16:16:32",
    "calendarYear": "2014",
    "period": "Q3",
    "revenue": 4928400000,
    "costOfRevenue": 4186200000,
    "grossProfit": 742200000,
    "grossProfitRatio": 0.1505965425,
    "researchAndDevelopmentExpenses": 50500000,
    "generalAndAdministrativeExpenses": 136700000,
    "sellingAndMarketingExpenses": 0,
    "sellingGeneralAndAdministrativeExpenses": 136700000,
    "otherExpenses": 152100000,
    "operatingExpenses": 192000000,
    "costAndExpenses": 4378200000,
    "interestIncome": 0,
    "interestExpense": 3500000,
    "depreciationAndAmortization": 230100000,
    "ebitda": 660900000,
    "ebitdaratio": 0.1341003165,
    "operatingIncome": 544500000,
    "operatingIncomeRatio": 0.1104821037,
    "totalOtherIncomeExpensesNet": 7900000,
    "incomeBeforeTax": 552400000,
    "incomeBeforeTaxRatio": 0.112085058,
    "incomeTaxExpense": 181000000,
    "netIncome": 371400000,
    "netIncomeRatio": 0.0753591429,
    "eps": 0.7,
    "epsdiluted": 0.69,
    "weightedAverageShsOut": 532800000,
    "weightedAverageShsOutDil": 534450000,
    "link": "https://www.sec.gov/Archives/edgar/data/75362/000119312514401045/0001193125-14-401045-index.htm",
    "finalLink": "https://www.sec.gov/Archives/edgar/data/75362/000119312514401045/d776048d10q.htm"
  },
  {
    "date": "2014-06-30",
    "symbol": "PCAR",
    "reportedCurrency": "USD",
    "cik": "0000075362",
    "fillingDate": "2014-08-07",
    "acceptedDate": "2014-08-07 16:51:32",
    "calendarYear": "2014",
    "period": "Q2",
    "revenue": 4569600000,
    "costOfRevenue": 3901500000,
    "grossProfit": 668100000,
    "grossProfitRatio": 0.1462053571,
    "researchAndDevelopmentExpenses": 49900000,
    "generalAndAdministrativeExpenses": 139600000,
    "sellingAndMarketingExpenses": 0,
    "sellingGeneralAndAdministrativeExpenses": 139600000,
    "otherExpenses": 152400000,
    "operatingExpenses": 193500000,
    "costAndExpenses": 4095000000,
    "interestIncome": 900000,
    "interestExpense": 0,
    "depreciationAndAmortization": 227700000,
    "ebitda": 585300000,
    "ebitdaratio": 0.1280856092,
    "operatingIncome": 469100000,
    "operatingIncomeRatio": 0.1026566877,
    "totalOtherIncomeExpensesNet": 11900000,
    "incomeBeforeTax": 481000000,
    "incomeBeforeTaxRatio": 0.1052608543,
    "incomeTaxExpense": 161800000,
    "netIncome": 319200000,
    "netIncomeRatio": 0.0698529412,
    "eps": 0.6,
    "epsdiluted": 0.6,
    "weightedAverageShsOut": 532650000,
    "weightedAverageShsOutDil": 534450000,
    "link": "https://www.sec.gov/Archives/edgar/data/75362/000119312514300871/0001193125-14-300871-index.htm",
    "finalLink": "https://www.sec.gov/Archives/edgar/data/75362/000119312514300871/d729503d10q.htm"
  },
  {
    "date": "2014-03-31",
    "symbol": "PCAR",
    "reportedCurrency": "USD",
    "cik": "0000075362",
    "fillingDate": "2014-05-07",
    "acceptedDate": "2014-05-07 16:19:40",
    "calendarYear": "2014",
    "period": "Q1",
    "revenue": 4379900000,
    "costOfRevenue": 3776400000,
    "grossProfit": 603500000,
    "grossProfitRatio": 0.137788534,
    "researchAndDevelopmentExpenses": 52700000,
    "generalAndAdministrativeExpenses": 145000000,
    "sellingAndMarketingExpenses": 0,
    "sellingGeneralAndAdministrativeExpenses": 145000000,
    "otherExpenses": 148000000,
    "operatingExpenses": 201400000,
    "costAndExpenses": 3977800000,
    "interestIncome": 0,
    "interestExpense": 1400000,
    "depreciationAndAmortization": 219800000,
    "ebitda": 507100000,
    "ebitdaratio": 0.1157788991,
    "operatingIncome": 396300000,
    "operatingIncomeRatio": 0.0904815178,
    "totalOtherIncomeExpensesNet": 10200000,
    "incomeBeforeTax": 406500000,
    "incomeBeforeTaxRatio": 0.0928103381,
    "incomeTaxExpense": 132600000,
    "netIncome": 273900000,
    "netIncomeRatio": 0.0625356743,
    "eps": 0.51,
    "epsdiluted": 0.51,
    "weightedAverageShsOut": 532350000,
    "weightedAverageShsOutDil": 534000000,
    "link": "https://www.sec.gov/Archives/edgar/data/75362/000119312514187511/0001193125-14-187511-index.htm",
    "finalLink": "https://www.sec.gov/Archives/edgar/data/75362/000119312514187511/d686623d10q.htm"
  },
  {
    "date": "2013-12-31",
    "symbol": "PCAR",
    "reportedCurrency": "USD",
    "cik": "0000075362",
    "fillingDate": "2014-02-27",
    "acceptedDate": "2014-02-27 16:27:31",
    "calendarYear": "2013",
    "period": "Q4",
    "revenue": 4598900000,
    "costOfRevenue": 3913900000,
    "grossProfit": 685000000,
    "grossProfitRatio": 0.1489486616,
    "researchAndDevelopmentExpenses": 60900000,
    "generalAndAdministrativeExpenses": 147600000,
    "sellingAndMarketingExpenses": 0,
    "sellingGeneralAndAdministrativeExpenses": 147600000,
    "otherExpenses": 9700000,
    "operatingExpenses": 206000000,
    "costAndExpenses": 4119900000,
    "interestIncome": 0,
    "interestExpense": 0,
    "depreciationAndAmortization": 222000000,
    "ebitda": 583000000,
    "ebitdaratio": 0.1267694449,
    "operatingIncome": 472200000,
    "operatingIncomeRatio": 0.102676727,
    "totalOtherIncomeExpensesNet": 12700000,
    "incomeBeforeTax": 484900000,
    "incomeBeforeTaxRatio": 0.105438257,
    "incomeTaxExpense": 150700000,
    "netIncome": 334200000,
    "netIncomeRatio": 0.0726695514,
    "eps": 0.63,
    "epsdiluted": 0.63,
    "weightedAverageShsOut": 531900000,
    "weightedAverageShsOutDil": 533400000,
    "link": "https://www.sec.gov/Archives/edgar/data/75362/000119312514073103/0001193125-14-073103-index.htm",
    "finalLink": "https://www.sec.gov/Archives/edgar/data/75362/000119312514073103/d628678d10k.htm"
  },
  {
    "date": "2013-09-30",
    "symbol": "PCAR",
    "reportedCurrency": "USD",
    "cik": "0000075362",
    "fillingDate": "2013-11-07",
    "acceptedDate": "2013-11-07 16:38:39",
    "calendarYear": "2013",
    "period": "Q3",
    "revenue": 4300100000,
    "costOfRevenue": 3669200000,
    "grossProfit": 630900000,
    "grossProfitRatio": 0.1467175182,
    "researchAndDevelopmentExpenses": 56600000,
    "generalAndAdministrativeExpenses": 134700000,
    "sellingAndMarketingExpenses": 0,
    "sellingGeneralAndAdministrativeExpenses": 134700000,
    "otherExpenses": 143800000,
    "operatingExpenses": 194900000,
    "costAndExpenses": 3864100000,
    "interestIncome": 0,
    "interestExpense": 3300000,
    "depreciationAndAmortization": 206400000,
    "ebitda": 532100000,
    "ebitdaratio": 0.1237413083,
    "operatingIncome": 428700000,
    "operatingIncomeRatio": 0.0996953559,
    "totalOtherIncomeExpensesNet": 11300000,
    "incomeBeforeTax": 440000000,
    "incomeBeforeTaxRatio": 0.1023232018,
    "incomeTaxExpense": 130600000,
    "netIncome": 309400000,
    "netIncomeRatio": 0.0719518151,
    "eps": 0.58,
    "epsdiluted": 0.58,
    "weightedAverageShsOut": 531600000,
    "weightedAverageShsOutDil": 533100000,
    "link": "https://www.sec.gov/Archives/edgar/data/75362/000119312513432974/0001193125-13-432974-index.htm",
    "finalLink": "https://www.sec.gov/Archives/edgar/data/75362/000119312513432974/d586294d10q.htm"
  },
  {
    "date": "2013-06-30",
    "symbol": "PCAR",
    "reportedCurrency": "USD",
    "cik": "0000075362",
    "fillingDate": "2013-08-07",
    "acceptedDate": "2013-08-07 16:12:33",
    "calendarYear": "2013",
    "period": "Q2",
    "revenue": 4300500000,
    "costOfRevenue": 3672900000,
    "grossProfit": 627600000,
    "grossProfitRatio": 0.145936519,
    "researchAndDevelopmentExpenses": 61800000,
    "generalAndAdministrativeExpenses": 136000000,
    "sellingAndMarketingExpenses": 0,
    "sellingGeneralAndAdministrativeExpenses": 136000000,
    "otherExpenses": 144200000,
    "operatingExpenses": 203100000,
    "costAndExpenses": 3876000000,
    "interestIncome": 400000,
    "interestExpense": 0,
    "depreciationAndAmortization": 197600000,
    "ebitda": 516300000,
    "ebitdaratio": 0.1200558075,
    "operatingIncome": 416500000,
    "operatingIncomeRatio": 0.0968492036,
    "totalOtherIncomeExpensesNet": 16400000,
    "incomeBeforeTax": 432900000,
    "incomeBeforeTaxRatio": 0.1006627136,
    "incomeTaxExpense": 141300000,
    "netIncome": 291600000,
    "netIncomeRatio": 0.0678060691,
    "eps": 0.55,
    "epsdiluted": 0.55,
    "weightedAverageShsOut": 531150000,
    "weightedAverageShsOutDil": 532500000,
    "link": "https://www.sec.gov/Archives/edgar/data/75362/000119312513324177/0001193125-13-324177-index.htm",
    "finalLink": "https://www.sec.gov/Archives/edgar/data/75362/000119312513324177/d542389d10q.htm"
  },
  {
    "date": "2013-03-31",
    "symbol": "PCAR",
    "reportedCurrency": "USD",
    "cik": "0000075362",
    "fillingDate": "2013-05-08",
    "acceptedDate": "2013-05-08 16:16:31",
    "calendarYear": "2013",
    "period": "Q1",
    "revenue": 3924300000,
    "costOfRevenue": 3372300000,
    "grossProfit": 552000000,
    "grossProfitRatio": 0.1406620289,
    "researchAndDevelopmentExpenses": 72100000,
    "generalAndAdministrativeExpenses": 141200000,
    "sellingAndMarketingExpenses": 0,
    "sellingGeneralAndAdministrativeExpenses": 141200000,
    "otherExpenses": 150600000,
    "operatingExpenses": 219800000,
    "costAndExpenses": 3592100000,
    "interestIncome": 0,
    "interestExpense": 1500000,
    "depreciationAndAmortization": 184700000,
    "ebitda": 415600000,
    "ebitdaratio": 0.1059042377,
    "operatingIncome": 325700000,
    "operatingIncomeRatio": 0.0829956935,
    "totalOtherIncomeExpensesNet": 11500000,
    "incomeBeforeTax": 337200000,
    "incomeBeforeTaxRatio": 0.0859261524,
    "incomeTaxExpense": 101100000,
    "netIncome": 236100000,
    "netIncomeRatio": 0.0601635961,
    "eps": 0.44,
    "epsdiluted": 0.44,
    "weightedAverageShsOut": 531000000,
    "weightedAverageShsOutDil": 532200000,
    "link": "https://www.sec.gov/Archives/edgar/data/75362/000119312513207512/0001193125-13-207512-index.htm",
    "finalLink": "https://www.sec.gov/Archives/edgar/data/75362/000119312513207512/d497329d10q.htm"
  },
  {
    "date": "2012-12-31",
    "symbol": "PCAR",
    "reportedCurrency": "USD",
    "cik": "0000075362",
    "fillingDate": "2013-02-27",
    "acceptedDate": "2013-02-27 16:53:38",
    "calendarYear": "2012",
    "period": "Q4",
    "revenue": 3997000000,
    "costOfRevenue": 3437300000,
    "grossProfit": 559700000,
    "grossProfitRatio": 0.1400300225,
    "researchAndDevelopmentExpenses": 66400000,
    "generalAndAdministrativeExpenses": 138600000,
    "sellingAndMarketingExpenses": 0,
    "sellingGeneralAndAdministrativeExpenses": 138600000,
    "otherExpenses": 154700000,
    "operatingExpenses": 209800000,
    "costAndExpenses": 3647100000,
    "interestIncome": 100000,
    "interestExpense": 0,
    "depreciationAndAmortization": 178500000,
    "ebitda": 384900000,
    "ebitdaratio": 0.0962972229,
    "operatingIncome": 198200000,
    "operatingIncomeRatio": 0.0495871904,
    "totalOtherIncomeExpensesNet": 160000000,
    "incomeBeforeTax": 358200000,
    "incomeBeforeTaxRatio": 0.0896172129,
    "incomeTaxExpense": 104700000,
    "netIncome": 253500000,
    "netIncomeRatio": 0.0634225669,
    "eps": 0.48,
    "epsdiluted": 0.48,
    "weightedAverageShsOut": 530400000,
    "weightedAverageShsOutDil": 531450000,
    "link": "https://www.sec.gov/Archives/edgar/data/75362/000119312513080215/0001193125-13-080215-index.htm",
    "finalLink": "https://www.sec.gov/Archives/edgar/data/75362/000119312513080215/d446518d10k.htm"
  },
  {
    "date": "2012-09-30",
    "symbol": "PCAR",
    "reportedCurrency": "USD",
    "cik": "0000075362",
    "fillingDate": "2012-11-07",
    "acceptedDate": "2012-11-07 16:21:28",
    "calendarYear": "2012",
    "period": "Q3",
    "revenue": 3820200000,
    "costOfRevenue": 3108500000,
    "grossProfit": 711700000,
    "grossProfitRatio": 0.1862991466,
    "researchAndDevelopmentExpenses": 66800000,
    "generalAndAdministrativeExpenses": 136500000,
    "sellingAndMarketingExpenses": 0,
    "sellingGeneralAndAdministrativeExpenses": 136500000,
    "otherExpenses": 129900000,
    "operatingExpenses": 206000000,
    "costAndExpenses": 3314500000,
    "interestIncome": 115500000,
    "interestExpense": 168100000,
    "depreciationAndAmortization": 176200000,
    "ebitda": 514100000,
    "ebitdaratio": 0.1345741061,
    "operatingIncome": 378500000,
    "operatingIncomeRatio": 0.0990785823,
    "totalOtherIncomeExpensesNet": -121300000,
    "incomeBeforeTax": 345400000,
    "incomeBeforeTaxRatio": 0.0904141144,
    "incomeTaxExpense": 111800000,
    "netIncome": 233600000,
    "netIncomeRatio": 0.061148631,
    "eps": 0.44,
    "epsdiluted": 0.44,
    "weightedAverageShsOut": 530550000,
    "weightedAverageShsOutDil": 531450000,
    "link": "https://www.sec.gov/Archives/edgar/data/75362/000119312512457500/0001193125-12-457500-index.htm",
    "finalLink": "https://www.sec.gov/Archives/edgar/data/75362/000119312512457500/d401434d10q.htm"
  },
  {
    "date": "2012-06-30",
    "symbol": "PCAR",
    "reportedCurrency": "USD",
    "cik": "0000075362",
    "fillingDate": "2012-08-08",
    "acceptedDate": "2012-08-08 16:56:17",
    "calendarYear": "2012",
    "period": "Q2",
    "revenue": 4457200000,
    "costOfRevenue": 3632500000,
    "grossProfit": 824700000,
    "grossProfitRatio": 0.185026474,
    "researchAndDevelopmentExpenses": 73800000,
    "generalAndAdministrativeExpenses": 146600000,
    "sellingAndMarketingExpenses": 0,
    "sellingGeneralAndAdministrativeExpenses": 146600000,
    "otherExpenses": 126500000,
    "operatingExpenses": 225400000,
    "costAndExpenses": 3857900000,
    "interestIncome": 111500000,
    "interestExpense": 161200000,
    "depreciationAndAmortization": 175600000,
    "ebitda": 615300000,
    "ebitdaratio": 0.1380463071,
    "operatingIncome": 477800000,
    "operatingIncomeRatio": 0.1071973436,
    "totalOtherIncomeExpensesNet": -117100000,
    "incomeBeforeTax": 446300000,
    "incomeBeforeTaxRatio": 0.1001301265,
    "incomeTaxExpense": 149100000,
    "netIncome": 297200000,
    "netIncomeRatio": 0.0666786323,
    "eps": 0.56,
    "epsdiluted": 0.56,
    "weightedAverageShsOut": 534000000,
    "weightedAverageShsOutDil": 535200000,
    "link": "https://www.sec.gov/Archives/edgar/data/75362/000119312512344247/0001193125-12-344247-index.htm",
    "finalLink": "https://www.sec.gov/Archives/edgar/data/75362/000119312512344247/d362696d10q.htm"
  },
  {
    "date": "2012-03-31",
    "symbol": "PCAR",
    "reportedCurrency": "USD",
    "cik": "0000075362",
    "fillingDate": "2012-05-10",
    "acceptedDate": "2012-05-10 14:23:52",
    "calendarYear": "2012",
    "period": "Q1",
    "revenue": 4514700000,
    "costOfRevenue": 3919900000,
    "grossProfit": 594800000,
    "grossProfitRatio": 0.1317474029,
    "researchAndDevelopmentExpenses": 72300000,
    "generalAndAdministrativeExpenses": 149900000,
    "sellingAndMarketingExpenses": -24100000,
    "sellingGeneralAndAdministrativeExpenses": 125800000,
    "otherExpenses": 0,
    "operatingExpenses": 198100000,
    "costAndExpenses": 4118000000,
    "interestIncome": 2100000,
    "interestExpense": 39700000,
    "depreciationAndAmortization": 170600000,
    "ebitda": 638600000,
    "ebitdaratio": 0.1414490442,
    "operatingIncome": 509800000,
    "operatingIncomeRatio": 0.1129200168,
    "totalOtherIncomeExpensesNet": -69200000,
    "incomeBeforeTax": 479000000,
    "incomeBeforeTaxRatio": 0.1060978581,
    "incomeTaxExpense": 151700000,
    "netIncome": 327300000,
    "netIncomeRatio": 0.0724965114,
    "eps": 0.61,
    "epsdiluted": 0.61,
    "weightedAverageShsOut": 535500000,
    "weightedAverageShsOutDil": 536700000,
    "link": "https://www.sec.gov/Archives/edgar/data/75362/000119312512224972/0001193125-12-224972-index.htm",
    "finalLink": "https://www.sec.gov/Archives/edgar/data/75362/000119312512224972/d311298d10q.htm"
  },
  {
    "date": "2011-12-31",
    "symbol": "PCAR",
    "reportedCurrency": "USD",
    "cik": "0000075362",
    "fillingDate": "2012-02-29",
    "acceptedDate": "2012-02-29 06:12:25",
    "calendarYear": "2011",
    "period": "Q4",
    "revenue": 4744100000,
    "costOfRevenue": 3994400000,
    "grossProfit": 749700000,
    "grossProfitRatio": 0.1580278662,
    "researchAndDevelopmentExpenses": 72300000,
    "generalAndAdministrativeExpenses": 143500000,
    "sellingAndMarketingExpenses": 0,
    "sellingGeneralAndAdministrativeExpenses": 143500000,
    "otherExpenses": 132500000,
    "operatingExpenses": 348300000,
    "costAndExpenses": 4342700000,
    "interestIncome": 109700000,
    "interestExpense": 47700000,
    "depreciationAndAmortization": 168100000,
    "ebitda": 688500000,
    "ebitdaratio": 0.1451276322,
    "operatingIncome": 511100000,
    "operatingIncomeRatio": 0.1077338167,
    "totalOtherIncomeExpensesNet": 71300000,
    "incomeBeforeTax": 472700000,
    "incomeBeforeTaxRatio": 0.0996395523,
    "incomeTaxExpense": 145000000,
    "netIncome": 327700000,
    "netIncomeRatio": 0.0690752724,
    "eps": 0.6,
    "epsdiluted": 0.6,
    "weightedAverageShsOut": 544950000,
    "weightedAverageShsOutDil": 546600000,
    "link": "https://www.sec.gov/Archives/edgar/data/75362/000119312512086978/0001193125-12-086978-index.htm",
    "finalLink": "https://www.sec.gov/Archives/edgar/data/75362/000119312512086978/d261646d10k.htm"
  },
  {
    "date": "2011-09-30",
    "symbol": "PCAR",
    "reportedCurrency": "USD",
    "cik": "0000075362",
    "fillingDate": "2011-11-07",
    "acceptedDate": "2011-11-07 16:27:23",
    "calendarYear": "2011",
    "period": "Q3",
    "revenue": 4257100000,
    "costOfRevenue": 3484000000,
    "grossProfit": 773100000,
    "grossProfitRatio": 0.1816024994,
    "researchAndDevelopmentExpenses": 70000000,
    "generalAndAdministrativeExpenses": 137100000,
    "sellingAndMarketingExpenses": 0,
    "sellingGeneralAndAdministrativeExpenses": 137100000,
    "otherExpenses": 133700000,
    "operatingExpenses": 217800000,
    "costAndExpenses": 3701800000,
    "interestIncome": 4000000,
    "interestExpense": 167600000,
    "depreciationAndAmortization": 174300000,
    "ebitda": 617600000,
    "ebitdaratio": 0.145075286,
    "operatingIncome": 432300000,
    "operatingIncomeRatio": 0.1015480022,
    "totalOtherIncomeExpensesNet": -37600000,
    "incomeBeforeTax": 394700000,
    "incomeBeforeTaxRatio": 0.0927156985,
    "incomeTaxExpense": 113100000,
    "netIncome": 281600000,
    "netIncomeRatio": 0.0661483169,
    "eps": 0.52,
    "epsdiluted": 0.52,
    "weightedAverageShsOut": 544950000,
    "weightedAverageShsOutDil": 546300000,
    "link": "https://www.sec.gov/Archives/edgar/data/75362/000119312511299857/0001193125-11-299857-index.htm",
    "finalLink": "https://www.sec.gov/Archives/edgar/data/75362/000119312511299857/d231440d10q.htm"
  },
  {
    "date": "2011-06-30",
    "symbol": "PCAR",
    "reportedCurrency": "USD",
    "cik": "0000075362",
    "fillingDate": "2011-08-08",
    "acceptedDate": "2011-08-08 16:34:37",
    "calendarYear": "2011",
    "period": "Q2",
    "revenue": 3960700000,
    "costOfRevenue": 3231100000,
    "grossProfit": 729600000,
    "grossProfitRatio": 0.1842098619,
    "researchAndDevelopmentExpenses": 77500000,
    "generalAndAdministrativeExpenses": 133200000,
    "sellingAndMarketingExpenses": 0,
    "sellingGeneralAndAdministrativeExpenses": 133200000,
    "otherExpenses": 130400000,
    "operatingExpenses": 221700000,
    "costAndExpenses": 3452800000,
    "interestIncome": 900000,
    "interestExpense": 165500000,
    "depreciationAndAmortization": 169000000,
    "ebitda": 568300000,
    "ebitdaratio": 0.1434847375,
    "operatingIncome": 389400000,
    "operatingIncomeRatio": 0.0983159543,
    "totalOtherIncomeExpensesNet": -43400000,
    "incomeBeforeTax": 353200000,
    "incomeBeforeTaxRatio": 0.0891761557,
    "incomeTaxExpense": 113500000,
    "netIncome": 239700000,
    "netIncomeRatio": 0.0605196051,
    "eps": 0.44,
    "epsdiluted": 0.44,
    "weightedAverageShsOut": 548850000,
    "weightedAverageShsOutDil": 550800000,
    "link": "https://www.sec.gov/Archives/edgar/data/75362/000119312511214310/0001193125-11-214310-index.htm",
    "finalLink": "https://www.sec.gov/Archives/edgar/data/75362/000119312511214310/d10q.htm"
  },
  {
    "date": "2011-03-31",
    "symbol": "PCAR",
    "reportedCurrency": "USD",
    "cik": "0000075362",
    "fillingDate": "2011-05-06",
    "acceptedDate": "2011-05-06 12:03:04",
    "calendarYear": "2011",
    "period": "Q1",
    "revenue": 3283600000,
    "costOfRevenue": 2632300000,
    "grossProfit": 651300000,
    "grossProfitRatio": 0.1983493726,
    "researchAndDevelopmentExpenses": 68400000,
    "generalAndAdministrativeExpenses": 133100000,
    "sellingAndMarketingExpenses": 0,
    "sellingGeneralAndAdministrativeExpenses": 133100000,
    "otherExpenses": 121000000,
    "operatingExpenses": 212000000,
    "costAndExpenses": 2844300000,
    "interestIncome": 157000000,
    "interestExpense": 4000000,
    "depreciationAndAmortization": 162400000,
    "ebitda": 499200000,
    "ebitdaratio": 0.1520282617,
    "operatingIncome": 328800000,
    "operatingIncomeRatio": 0.1001339993,
    "totalOtherIncomeExpensesNet": -42500000,
    "incomeBeforeTax": 286300000,
    "incomeBeforeTaxRatio": 0.087190888,
    "incomeTaxExpense": 93000000,
    "netIncome": 193300000,
    "netIncomeRatio": 0.0588683153,
    "eps": 0.35,
    "epsdiluted": 0.35,
    "weightedAverageShsOut": 548700000,
    "weightedAverageShsOutDil": 550800000,
    "link": "https://www.sec.gov/Archives/edgar/data/75362/000119312511130097/0001193125-11-130097-index.htm",
    "finalLink": "https://www.sec.gov/Archives/edgar/data/75362/000119312511130097/d10q.htm"
  },
  {
    "date": "2010-12-31",
    "symbol": "PCAR",
    "reportedCurrency": "USD",
    "cik": "0000075362",
    "fillingDate": "2011-03-01",
    "acceptedDate": "2011-03-01 13:49:29",
    "calendarYear": "2010",
    "period": "Q4",
    "revenue": 2950800000,
    "costOfRevenue": 2456900000,
    "grossProfit": 493900000,
    "grossProfitRatio": 0.1673783381,
    "researchAndDevelopmentExpenses": 65400000,
    "generalAndAdministrativeExpenses": 129900000,
    "sellingAndMarketingExpenses": 0,
    "sellingGeneralAndAdministrativeExpenses": 129900000,
    "otherExpenses": 121500000,
    "operatingExpenses": 316800000,
    "costAndExpenses": 2773700000,
    "interestIncome": -212000000,
    "interestExpense": 49800000,
    "depreciationAndAmortization": 161700000,
    "ebitda": 450400000,
    "ebitdaratio": 0.1526365731,
    "operatingIncome": 281900000,
    "operatingIncomeRatio": 0.0955334147,
    "totalOtherIncomeExpensesNet": 61800000,
    "incomeBeforeTax": 238900000,
    "incomeBeforeTaxRatio": 0.0809610953,
    "incomeTaxExpense": 69100000,
    "netIncome": 169800000,
    "netIncomeRatio": 0.057543717,
    "eps": 0.31,
    "epsdiluted": 0.31,
    "weightedAverageShsOut": 547500000,
    "weightedAverageShsOutDil": 549300000,
    "link": "https://www.sec.gov/Archives/edgar/data/75362/000119312511051678/0001193125-11-051678-index.htm",
    "finalLink": "https://www.sec.gov/Archives/edgar/data/75362/000119312511051678/d10k.htm"
  },
  {
    "date": "2010-09-30",
    "symbol": "PCAR",
    "reportedCurrency": "USD",
    "cik": "0000075362",
    "fillingDate": "2010-11-08",
    "acceptedDate": "2010-11-08 13:50:45",
    "calendarYear": "2010",
    "period": "Q3",
    "revenue": 2542500000,
    "costOfRevenue": 2019200000,
    "grossProfit": 523300000,
    "grossProfitRatio": 0.2058210423,
    "researchAndDevelopmentExpenses": 59900000,
    "generalAndAdministrativeExpenses": 116200000,
    "sellingAndMarketingExpenses": 0,
    "sellingGeneralAndAdministrativeExpenses": 116200000,
    "otherExpenses": 123100000,
    "operatingExpenses": 189800000,
    "costAndExpenses": 2209000000,
    "interestIncome": 203600000,
    "interestExpense": 52800000,
    "depreciationAndAmortization": 150800000,
    "ebitda": 381200000,
    "ebitdaratio": 0.1499311701,
    "operatingIncome": 224100000,
    "operatingIncomeRatio": 0.0881415929,
    "totalOtherIncomeExpensesNet": -94299999.99999999,
    "incomeBeforeTax": 176800000,
    "incomeBeforeTaxRatio": 0.0695378564,
    "incomeTaxExpense": 56900000,
    "netIncome": 119900000,
    "netIncomeRatio": 0.0471583088,
    "eps": 0.22,
    "epsdiluted": 0.22,
    "weightedAverageShsOut": 547350000,
    "weightedAverageShsOutDil": 549150000,
    "link": "https://www.sec.gov/Archives/edgar/data/75362/000119312510251749/0001193125-10-251749-index.htm",
    "finalLink": "https://www.sec.gov/Archives/edgar/data/75362/000119312510251749/d10q.htm"
  },
  {
    "date": "2010-06-30",
    "symbol": "PCAR",
    "reportedCurrency": "USD",
    "cik": "0000075362",
    "fillingDate": "2010-08-06",
    "acceptedDate": "2010-08-06 16:12:30",
    "calendarYear": "2010",
    "period": "Q2",
    "revenue": 2224800000,
    "costOfRevenue": 1954900000,
    "grossProfit": 269900000,
    "grossProfitRatio": 0.1213142754,
    "researchAndDevelopmentExpenses": 58400000,
    "generalAndAdministrativeExpenses": 119800000,
    "sellingAndMarketingExpenses": 0,
    "sellingGeneralAndAdministrativeExpenses": 119800000,
    "otherExpenses": 128300000,
    "operatingExpenses": 202300000,
    "costAndExpenses": 2157200000,
    "interestIncome": 105000000,
    "interestExpense": 58400000,
    "depreciationAndAmortization": 148600000,
    "ebitda": -27400000,
    "ebitdaratio": -0.0123157138,
    "operatingIncome": 144300000,
    "operatingIncomeRatio": 0.0648597627,
    "totalOtherIncomeExpensesNet": 12600000,
    "incomeBeforeTax": 148600000,
    "incomeBeforeTaxRatio": 0.0667925207,
    "incomeTaxExpense": 49000000,
    "netIncome": 99600000,
    "netIncomeRatio": 0.044768069,
    "eps": 0.18,
    "epsdiluted": 0.18,
    "weightedAverageShsOut": 547350000,
    "weightedAverageShsOutDil": 549000000,
    "link": "https://www.sec.gov/Archives/edgar/data/75362/000119312510181384/0001193125-10-181384-index.htm",
    "finalLink": "https://www.sec.gov/Archives/edgar/data/75362/000119312510181384/d10q.htm"
  },
  {
    "date": "2010-03-31",
    "symbol": "PCAR",
    "reportedCurrency": "USD",
    "cik": "0000075362",
    "fillingDate": "2010-05-05",
    "acceptedDate": "2010-05-05 12:25:44",
    "calendarYear": "2010",
    "period": "Q1",
    "revenue": 1984300000,
    "costOfRevenue": 1767800000,
    "grossProfit": 216500000,
    "grossProfitRatio": 0.1091064859,
    "researchAndDevelopmentExpenses": 54800000,
    "generalAndAdministrativeExpenses": 115600000,
    "sellingAndMarketingExpenses": 0,
    "sellingGeneralAndAdministrativeExpenses": 115600000,
    "otherExpenses": 139700000,
    "operatingExpenses": 192100000,
    "costAndExpenses": 1959900000,
    "interestIncome": 110000000,
    "interestExpense": 179300000,
    "depreciationAndAmortization": 162100000,
    "ebitda": 186500000,
    "ebitdaratio": 0.0939878043,
    "operatingIncome": 152800000,
    "operatingIncomeRatio": 0.0770044852,
    "totalOtherIncomeExpensesNet": 53200000,
    "incomeBeforeTax": 96000000,
    "incomeBeforeTaxRatio": 0.0483797813,
    "incomeTaxExpense": 27700000,
    "netIncome": 68300000,
    "netIncomeRatio": 0.0344201986,
    "eps": 0.12,
    "epsdiluted": 0.12,
    "weightedAverageShsOut": 546900000,
    "weightedAverageShsOutDil": 548550000,
    "link": "https://www.sec.gov/Archives/edgar/data/75362/000119312510108284/0001193125-10-108284-index.htm",
    "finalLink": "https://www.sec.gov/Archives/edgar/data/75362/000119312510108284/d10q.htm"
  },
  {
    "date": "2009-12-31",
    "symbol": "PCAR",
    "reportedCurrency": "USD",
    "cik": "0000075362",
    "fillingDate": "2010-02-26",
    "acceptedDate": "2010-02-26 14:58:49",
    "calendarYear": "2009",
    "period": "Q4",
    "revenue": 2132000000,
    "costOfRevenue": 1783000000,
    "grossProfit": 349000000,
    "grossProfitRatio": 0.16369606,
    "researchAndDevelopmentExpenses": 50700000,
    "generalAndAdministrativeExpenses": 116200000,
    "sellingAndMarketingExpenses": 0,
    "sellingGeneralAndAdministrativeExpenses": 116200000,
    "otherExpenses": 150400000,
    "operatingExpenses": 317300000,
    "costAndExpenses": 2100300000,
    "interestIncome": 123300000,
    "interestExpense": 65800000,
    "depreciationAndAmortization": 150900000,
    "ebitda": 310400000,
    "ebitdaratio": 0.1455909944,
    "operatingIncome": 155000000,
    "operatingIncomeRatio": 0.0727016886,
    "totalOtherIncomeExpensesNet": 62000000,
    "incomeBeforeTax": 93700000,
    "incomeBeforeTaxRatio": 0.0439493433,
    "incomeTaxExpense": 47600000,
    "netIncome": 46100000,
    "netIncomeRatio": 0.0216228893,
    "eps": 0.0845,
    "epsdiluted": 0.0842,
    "weightedAverageShsOut": 545700000,
    "weightedAverageShsOutDil": 547350000,
    "link": "https://www.sec.gov/Archives/edgar/data/75362/000119312510042642/0001193125-10-042642-index.htm",
    "finalLink": "https://www.sec.gov/Archives/edgar/data/75362/000119312510042642/d10k.htm"
  },
  {
    "date": "2009-09-30",
    "symbol": "PCAR",
    "reportedCurrency": "USD",
    "cik": "0000075362",
    "fillingDate": "2009-11-05",
    "acceptedDate": "2009-11-05 14:05:32",
    "calendarYear": "2009",
    "period": "Q3",
    "revenue": 2000200000,
    "costOfRevenue": 1646500000,
    "grossProfit": 353700000,
    "grossProfitRatio": 0.1768323168,
    "researchAndDevelopmentExpenses": 43400000,
    "generalAndAdministrativeExpenses": 108500000,
    "sellingAndMarketingExpenses": 0,
    "sellingGeneralAndAdministrativeExpenses": 108500000,
    "otherExpenses": 136000000,
    "operatingExpenses": 178500000,
    "costAndExpenses": 1825000000,
    "interestIncome": 121700000,
    "interestExpense": 181600000,
    "depreciationAndAmortization": 173000000,
    "ebitda": 262200000,
    "ebitdaratio": 0.1310868913,
    "operatingIncome": 65800000,
    "operatingIncomeRatio": 0.0328967103,
    "totalOtherIncomeExpensesNet": -126200000,
    "incomeBeforeTax": 16800000,
    "incomeBeforeTaxRatio": 0.0083991601,
    "incomeTaxExpense": 3800000,
    "netIncome": 13000000,
    "netIncomeRatio": 0.0064993501,
    "eps": 0.0238,
    "epsdiluted": 0.0237,
    "weightedAverageShsOut": 545700000,
    "weightedAverageShsOutDil": 547500000,
    "link": "https://www.sec.gov/Archives/edgar/data/75362/000119312509225269/0001193125-09-225269-index.htm",
    "finalLink": "https://www.sec.gov/Archives/edgar/data/75362/000119312509225269/d10q.htm"
  },
  {
    "date": "2009-06-30",
    "symbol": "PCAR",
    "reportedCurrency": "USD",
    "cik": "0000075362",
    "fillingDate": "2009-08-28",
    "acceptedDate": "2009-08-28 11:47:25",
    "calendarYear": "2009",
    "period": "Q2",
    "revenue": 1845800000,
    "costOfRevenue": 1492800000,
    "grossProfit": 353000000,
    "grossProfitRatio": 0.1912449886,
    "researchAndDevelopmentExpenses": 52800000,
    "generalAndAdministrativeExpenses": 100500000,
    "sellingAndMarketingExpenses": 0,
    "sellingGeneralAndAdministrativeExpenses": 100500000,
    "otherExpenses": 133600000,
    "operatingExpenses": 182400000,
    "costAndExpenses": 1675200000,
    "interestIncome": 125700000,
    "interestExpense": 90800000,
    "depreciationAndAmortization": 159400000,
    "ebitda": 165700000,
    "ebitdaratio": 0.0897713728,
    "operatingIncome": 66100000,
    "operatingIncomeRatio": 0.0358110304,
    "totalOtherIncomeExpensesNet": -110400000,
    "incomeBeforeTax": 27900000,
    "incomeBeforeTaxRatio": 0.0151153971,
    "incomeTaxExpense": 1400000,
    "netIncome": 26500000,
    "netIncomeRatio": 0.0143569184,
    "eps": 0.0486,
    "epsdiluted": 0.0485,
    "weightedAverageShsOut": 545100000,
    "weightedAverageShsOutDil": 546600000,
    "link": "https://www.sec.gov/Archives/edgar/data/75362/000119312509183589/0001193125-09-183589-index.htm",
    "finalLink": "https://www.sec.gov/Archives/edgar/data/75362/000119312509183589/d10qa.htm"
  },
  {
    "date": "2009-03-31",
    "symbol": "PCAR",
    "reportedCurrency": "USD",
    "cik": "0000075362",
    "fillingDate": "2009-05-07",
    "acceptedDate": "2009-05-07 13:18:38",
    "calendarYear": "2009",
    "period": "Q1",
    "revenue": 1985200000,
    "costOfRevenue": 1561100000,
    "grossProfit": 424100000,
    "grossProfitRatio": 0.2136308684,
    "researchAndDevelopmentExpenses": 52300000,
    "generalAndAdministrativeExpenses": 109700000,
    "sellingAndMarketingExpenses": 0,
    "sellingGeneralAndAdministrativeExpenses": 109700000,
    "otherExpenses": 25000000,
    "operatingExpenses": 187000000,
    "costAndExpenses": 1748100000,
    "interestIncome": 132200000,
    "interestExpense": 192500000,
    "depreciationAndAmortization": 154800000,
    "ebitda": 298000000,
    "ebitdaratio": 0.1501108201,
    "operatingIncome": 229100000,
    "operatingIncomeRatio": 0.1154039895,
    "totalOtherIncomeExpensesNet": -192500000,
    "incomeBeforeTax": 36600000,
    "incomeBeforeTaxRatio": 0.0184364296,
    "incomeTaxExpense": 10300000,
    "netIncome": 26300000,
    "netIncomeRatio": 0.0132480355,
    "eps": 0.0483,
    "epsdiluted": 0.0482,
    "weightedAverageShsOut": 544650000,
    "weightedAverageShsOutDil": 546000000,
    "link": "https://www.sec.gov/Archives/edgar/data/75362/000110465909030380/0001104659-09-030380-index.htm",
    "finalLink": "https://www.sec.gov/Archives/edgar/data/75362/000110465909030380/a09-12456_110q.htm"
  },
  {
    "date": "2008-12-31",
    "symbol": "PCAR",
    "reportedCurrency": "USD",
    "cik": "0000075362",
    "fillingDate": "2009-02-27",
    "acceptedDate": "2009-02-27 14:10:05",
    "calendarYear": "2008",
    "period": "Q4",
    "revenue": 2916700000,
    "costOfRevenue": 2341900000,
    "grossProfit": 574800000,
    "grossProfitRatio": 0.1970720335,
    "researchAndDevelopmentExpenses": 80100000,
    "generalAndAdministrativeExpenses": 45500000,
    "sellingAndMarketingExpenses": 0,
    "sellingGeneralAndAdministrativeExpenses": 45500000,
    "otherExpenses": 0,
    "operatingExpenses": 125600000,
    "costAndExpenses": 2467500000,
    "interestIncome": 0,
    "interestExpense": 371200000,
    "depreciationAndAmortization": 167200000,
    "ebitda": 704200000,
    "ebitdaratio": 0.2414372407,
    "operatingIncome": 537000000,
    "operatingIncomeRatio": 0.1841121816,
    "totalOtherIncomeExpensesNet": 12892600000,
    "incomeBeforeTax": 13341800000,
    "incomeBeforeTaxRatio": 4.5742791511,
    "incomeTaxExpense": 52700000,
    "netIncome": 113100000,
    "netIncomeRatio": 0.0387766997,
    "eps": 0.21,
    "epsdiluted": 0.21,
    "weightedAverageShsOut": 546300000,
    "weightedAverageShsOutDil": 548850000,
    "link": "https://www.sec.gov/Archives/edgar/data/75362/000110465909012954/0001104659-09-012954-index.htm",
    "finalLink": "https://www.sec.gov/Archives/edgar/data/75362/000110465909012954/a09-1261_110k.htm"
  },
  {
    "date": "2008-09-30",
    "symbol": "PCAR",
    "reportedCurrency": "USD",
    "cik": "0000075362",
    "fillingDate": "2008-10-27",
    "acceptedDate": "2008-10-27 16:26:51",
    "calendarYear": "2008",
    "period": "Q3",
    "revenue": 4004900000,
    "costOfRevenue": 3113500000,
    "grossProfit": 891400000,
    "grossProfitRatio": 0.2225773428,
    "researchAndDevelopmentExpenses": 88100000,
    "generalAndAdministrativeExpenses": 181400000,
    "sellingAndMarketingExpenses": 0,
    "sellingGeneralAndAdministrativeExpenses": 181400000,
    "otherExpenses": 0,
    "operatingExpenses": 269500000,
    "costAndExpenses": 3383000000,
    "interestIncome": 174200000,
    "interestExpense": 171100000,
    "depreciationAndAmortization": 166800000,
    "ebitda": 697800000,
    "ebitdaratio": 0.1742365602,
    "operatingIncome": 450800000,
    "operatingIncomeRatio": 0.1125621114,
    "totalOtherIncomeExpensesNet": 26300000,
    "incomeBeforeTax": 428600000,
    "incomeBeforeTaxRatio": 0.1070189018,
    "incomeTaxExpense": 129600000,
    "netIncome": 299000000,
    "netIncomeRatio": 0.0746585433,
    "eps": 0.55,
    "epsdiluted": 0.55,
    "weightedAverageShsOut": 544500000,
    "weightedAverageShsOutDil": 547200000,
    "link": "https://www.sec.gov/Archives/edgar/data/75362/000110465908065948/0001104659-08-065948-index.htm",
    "finalLink": "https://www.sec.gov/Archives/edgar/data/75362/000110465908065948/a08-25318_110q.htm"
  },
  {
    "date": "2008-06-30",
    "symbol": "PCAR",
    "reportedCurrency": "USD",
    "cik": "0000075362",
    "fillingDate": "2008-08-01",
    "acceptedDate": "2008-08-01 13:31:52",
    "calendarYear": "2008",
    "period": "Q2",
    "revenue": 4112500000,
    "costOfRevenue": 3202200000,
    "grossProfit": 910300000,
    "grossProfitRatio": 0.2213495441,
    "researchAndDevelopmentExpenses": 90700000,
    "generalAndAdministrativeExpenses": 157500000,
    "sellingAndMarketingExpenses": 0,
    "sellingGeneralAndAdministrativeExpenses": 157500000,
    "otherExpenses": 0,
    "operatingExpenses": 248200000,
    "costAndExpenses": 3450400000,
    "interestIncome": 178800000,
    "interestExpense": 217900000,
    "depreciationAndAmortization": 164500000,
    "ebitda": 712300000,
    "ebitdaratio": 0.1732036474,
    "operatingIncome": 444200000,
    "operatingIncomeRatio": 0.1080121581,
    "totalOtherIncomeExpensesNet": 18300000,
    "incomeBeforeTax": 446000000,
    "incomeBeforeTaxRatio": 0.108449848,
    "incomeTaxExpense": 132500000,
    "netIncome": 313500000,
    "netIncomeRatio": 0.076231003,
    "eps": 0.57,
    "epsdiluted": 0.57,
    "weightedAverageShsOut": 546750000,
    "weightedAverageShsOutDil": 549750000,
    "link": "https://www.sec.gov/Archives/edgar/data/75362/000110465908049197/0001104659-08-049197-index.htm",
    "finalLink": "https://www.sec.gov/Archives/edgar/data/75362/000110465908049197/a08-18614_110q.htm"
  },
  {
    "date": "2008-03-31",
    "symbol": "PCAR",
    "reportedCurrency": "USD",
    "cik": "0000075362",
    "fillingDate": "2008-05-02",
    "acceptedDate": "2008-05-02 13:05:37",
    "calendarYear": "2008",
    "period": "Q1",
    "revenue": 3938400000,
    "costOfRevenue": 3079300000,
    "grossProfit": 859100000,
    "grossProfitRatio": 0.2181342677,
    "researchAndDevelopmentExpenses": 82900000,
    "generalAndAdministrativeExpenses": 172600000,
    "sellingAndMarketingExpenses": 0,
    "sellingGeneralAndAdministrativeExpenses": 172600000,
    "otherExpenses": 0,
    "operatingExpenses": 255500000,
    "costAndExpenses": 3334800000,
    "interestIncome": -49400000,
    "interestExpense": 155300000,
    "depreciationAndAmortization": 150900000,
    "ebitda": 729800000,
    "ebitdaratio": 0.1853036766,
    "operatingIncome": 578900000,
    "operatingIncomeRatio": 0.1469886248,
    "totalOtherIncomeExpensesNet": -180000000,
    "incomeBeforeTax": 423600000,
    "incomeBeforeTaxRatio": 0.1075563681,
    "incomeTaxExpense": 131300000,
    "netIncome": 292300000,
    "netIncomeRatio": 0.0742179565,
    "eps": 0.53,
    "epsdiluted": 0.53,
    "weightedAverageShsOut": 549750000,
    "weightedAverageShsOutDil": 552450000,
    "link": "https://www.sec.gov/Archives/edgar/data/75362/000110465908029403/0001104659-08-029403-index.htm",
    "finalLink": "https://www.sec.gov/Archives/edgar/data/75362/000110465908029403/a08-11219_110q.htm"
  },
  {
    "date": "2007-12-31",
    "symbol": "PCAR",
    "reportedCurrency": "USD",
    "cik": "0000075362",
    "fillingDate": "2008-02-27",
    "acceptedDate": "2008-02-27 13:16:16",
    "calendarYear": "2007",
    "period": "Q4",
    "revenue": 3759300000,
    "costOfRevenue": 2775500000,
    "grossProfit": 983800000,
    "grossProfitRatio": 0.2616976565,
    "researchAndDevelopmentExpenses": 0,
    "generalAndAdministrativeExpenses": 131300000,
    "sellingAndMarketingExpenses": 0,
    "sellingGeneralAndAdministrativeExpenses": 131300000,
    "otherExpenses": 255500000,
    "operatingExpenses": 386800000,
    "costAndExpenses": 3162300000,
    "interestIncome": 0,
    "interestExpense": 241000000,
    "depreciationAndAmortization": 148500000,
    "ebitda": 760900000,
    "ebitdaratio": 0.202404703,
    "operatingIncome": 612400000,
    "operatingIncomeRatio": 0.162902668,
    "totalOtherIncomeExpensesNet": -225600000,
    "incomeBeforeTax": 371400000,
    "incomeBeforeTaxRatio": 0.0987949884,
    "incomeTaxExpense": 110300000,
    "netIncome": 261100000,
    "netIncomeRatio": 0.0694544197,
    "eps": 0.47,
    "epsdiluted": 0.47,
    "weightedAverageShsOut": 556650000,
    "weightedAverageShsOutDil": 559950000,
    "link": "https://www.sec.gov/Archives/edgar/data/75362/000110465908013201/0001104659-08-013201-index.htm",
    "finalLink": "https://www.sec.gov/Archives/edgar/data/75362/000110465908013201/a08-2420_110k.htm"
  },
  {
    "date": "2007-09-30",
    "symbol": "PCAR",
    "reportedCurrency": "USD",
    "cik": "0000075362",
    "fillingDate": "2007-11-02",
    "acceptedDate": "2007-11-02 14:04:36",
    "calendarYear": "2007",
    "period": "Q3",
    "revenue": 3761700000,
    "costOfRevenue": 2998400000,
    "grossProfit": 763300000,
    "grossProfitRatio": 0.2029135763,
    "researchAndDevelopmentExpenses": 0,
    "generalAndAdministrativeExpenses": 161000000,
    "sellingAndMarketingExpenses": 0,
    "sellingGeneralAndAdministrativeExpenses": 161000000,
    "otherExpenses": 0,
    "operatingExpenses": 161000000,
    "costAndExpenses": 3159400000,
    "interestIncome": 0,
    "interestExpense": 153100000,
    "depreciationAndAmortization": 130700000,
    "ebitda": 708900000,
    "ebitdaratio": 0.1884520297,
    "operatingIncome": 578200000,
    "operatingIncomeRatio": 0.1537071005,
    "totalOtherIncomeExpensesNet": -177200000,
    "incomeBeforeTax": 425100000,
    "incomeBeforeTaxRatio": 0.1130074169,
    "incomeTaxExpense": 122800000,
    "netIncome": 302300000,
    "netIncomeRatio": 0.080362602,
    "eps": 0.54,
    "epsdiluted": 0.54,
    "weightedAverageShsOut": 555600000,
    "weightedAverageShsOutDil": 558900000,
    "link": "https://www.sec.gov/Archives/edgar/data/75362/000110465907079233/0001104659-07-079233-index.htm",
    "finalLink": "https://www.sec.gov/Archives/edgar/data/75362/000110465907079233/a07-25438_110q.htm"
  },
  {
    "date": "2007-06-30",
    "symbol": "PCAR",
    "reportedCurrency": "USD",
    "cik": "0000075362",
    "fillingDate": "2007-08-03",
    "acceptedDate": "2007-08-03 12:00:41",
    "calendarYear": "2007",
    "period": "Q2",
    "revenue": 3716200000,
    "costOfRevenue": 2970700000,
    "grossProfit": 745500000,
    "grossProfitRatio": 0.2006081481,
    "researchAndDevelopmentExpenses": 0,
    "generalAndAdministrativeExpenses": 157700000,
    "sellingAndMarketingExpenses": 0,
    "sellingGeneralAndAdministrativeExpenses": 157700000,
    "otherExpenses": 0,
    "operatingExpenses": 157700000,
    "costAndExpenses": 3128400000,
    "interestIncome": 0,
    "interestExpense": 134000000,
    "depreciationAndAmortization": 129200000,
    "ebitda": 693300000,
    "ebitdaratio": 0.1865615414,
    "operatingIncome": 564100000,
    "operatingIncomeRatio": 0.1517948442,
    "totalOtherIncomeExpensesNet": -157700000,
    "incomeBeforeTax": 430100000,
    "incomeBeforeTaxRatio": 0.115736505,
    "incomeTaxExpense": 131800000,
    "netIncome": 298300000,
    "netIncomeRatio": 0.0802701685,
    "eps": 0.53,
    "epsdiluted": 0.53,
    "weightedAverageShsOut": 559650000,
    "weightedAverageShsOutDil": 562950000,
    "link": "https://www.sec.gov/Archives/edgar/data/75362/000110465907058623/0001104659-07-058623-index.htm",
    "finalLink": "https://www.sec.gov/Archives/edgar/data/75362/000110465907058623/a07-18737_110q.htm"
  },
  {
    "date": "2007-03-31",
    "symbol": "PCAR",
    "reportedCurrency": "USD",
    "cik": "0000075362",
    "fillingDate": "2007-05-04",
    "acceptedDate": "2007-05-04 11:49:00",
    "calendarYear": "2007",
    "period": "Q1",
    "revenue": 3984500000,
    "costOfRevenue": 3338900000,
    "grossProfit": 645600000,
    "grossProfitRatio": 0.1620278579,
    "researchAndDevelopmentExpenses": 0,
    "generalAndAdministrativeExpenses": 152300000,
    "sellingAndMarketingExpenses": 0,
    "sellingGeneralAndAdministrativeExpenses": 152300000,
    "otherExpenses": 0,
    "operatingExpenses": 152300000,
    "costAndExpenses": 3491200000,
    "interestIncome": 0,
    "interestExpense": 0,
    "depreciationAndAmortization": 118000000,
    "ebitda": 589300000,
    "ebitdaratio": 0.1478981052,
    "operatingIncome": 471300000,
    "operatingIncomeRatio": 0.118283348,
    "totalOtherIncomeExpensesNet": 66400000,
    "incomeBeforeTax": 537700000,
    "incomeBeforeTaxRatio": 0.1349479232,
    "incomeTaxExpense": 172100000,
    "netIncome": 365600000,
    "netIncomeRatio": 0.0917555528,
    "eps": 0.65,
    "epsdiluted": 0.65,
    "weightedAverageShsOut": 559350000,
    "weightedAverageShsOutDil": 562725000,
    "link": "https://www.sec.gov/Archives/edgar/data/75362/000110465907035836/0001104659-07-035836-index.htm",
    "finalLink": "https://www.sec.gov/Archives/edgar/data/75362/000110465907035836/a07-10674_110q.htm"
  },
  {
    "date": "2006-12-31",
    "symbol": "PCAR",
    "reportedCurrency": "USD",
    "cik": "0000075362",
    "fillingDate": "2007-02-26",
    "acceptedDate": "2007-02-26 15:48:13",
    "calendarYear": "2006",
    "period": "Q4",
    "revenue": 4229000000,
    "costOfRevenue": 3955700000,
    "grossProfit": 273300000,
    "grossProfitRatio": 0.0646252069,
    "researchAndDevelopmentExpenses": 0,
    "generalAndAdministrativeExpenses": 160000000,
    "sellingAndMarketingExpenses": 0,
    "sellingGeneralAndAdministrativeExpenses": 160000000,
    "otherExpenses": 0,
    "operatingExpenses": 160000000,
    "costAndExpenses": 4115700000,
    "interestIncome": 0,
    "interestExpense": 0,
    "depreciationAndAmortization": 113200000,
    "ebitda": 201100000,
    "ebitdaratio": 0.0475526129,
    "operatingIncome": 87900000,
    "operatingIncomeRatio": 0.0207850556,
    "totalOtherIncomeExpensesNet": 468100000,
    "incomeBeforeTax": 556000000,
    "incomeBeforeTaxRatio": 0.1314731615,
    "incomeTaxExpense": 175500000,
    "netIncome": 380500000,
    "netIncomeRatio": 0.0899739891,
    "eps": 0.68,
    "epsdiluted": 0.67,
    "weightedAverageShsOut": 562725000,
    "weightedAverageShsOutDil": 565650000,
    "link": "https://www.sec.gov/Archives/edgar/data/75362/000110465907013855/0001104659-07-013855-index.htm",
    "finalLink": "https://www.sec.gov/Archives/edgar/data/75362/000110465907013855/a07-4930_110k.htm"
  },
  {
    "date": "2006-09-30",
    "symbol": "PCAR",
    "reportedCurrency": "USD",
    "cik": "0000075362",
    "fillingDate": "2006-11-02",
    "acceptedDate": "2006-11-02 11:42:09",
    "calendarYear": "2006",
    "period": "Q3",
    "revenue": 4205400000,
    "costOfRevenue": 3364900000,
    "grossProfit": 840500000,
    "grossProfitRatio": 0.1998620821,
    "researchAndDevelopmentExpenses": 0,
    "generalAndAdministrativeExpenses": 142200000,
    "sellingAndMarketingExpenses": 0,
    "sellingGeneralAndAdministrativeExpenses": 142200000,
    "otherExpenses": 0,
    "operatingExpenses": 142200000,
    "costAndExpenses": 3507100000,
    "interestIncome": 0,
    "interestExpense": 106200000,
    "depreciationAndAmortization": 113200000,
    "ebitda": 811500000,
    "ebitdaratio": 0.1929661863,
    "operatingIncome": 592100000,
    "operatingIncomeRatio": 0.1407951681,
    "totalOtherIncomeExpensesNet": -216300000,
    "incomeBeforeTax": 570400000,
    "incomeBeforeTaxRatio": 0.1356351358,
    "incomeTaxExpense": 166800000,
    "netIncome": 403600000,
    "netIncomeRatio": 0.0959718457,
    "eps": 0.72,
    "epsdiluted": 0.72,
    "weightedAverageShsOut": 560700000,
    "weightedAverageShsOutDil": 563625000,
    "link": "https://www.sec.gov/Archives/edgar/data/75362/000110465906070576/0001104659-06-070576-index.htm",
    "finalLink": "https://www.sec.gov/Archives/edgar/data/75362/000110465906070576/a06-21521_110q.htm"
  },
  {
    "date": "2006-06-30",
    "symbol": "PCAR",
    "reportedCurrency": "USD",
    "cik": "0000075362",
    "fillingDate": "2006-07-28",
    "acceptedDate": "2006-07-28 11:15:44",
    "calendarYear": "2006",
    "period": "Q2",
    "revenue": 4168000000,
    "costOfRevenue": 3353900000,
    "grossProfit": 814100000,
    "grossProfitRatio": 0.1953214971,
    "researchAndDevelopmentExpenses": 0,
    "generalAndAdministrativeExpenses": 145400000,
    "sellingAndMarketingExpenses": 0,
    "sellingGeneralAndAdministrativeExpenses": 145400000,
    "otherExpenses": 0,
    "operatingExpenses": 145400000,
    "costAndExpenses": 3499300000,
    "interestIncome": 0,
    "interestExpense": 101900000,
    "depreciationAndAmortization": 108000000,
    "ebitda": 776700000,
    "ebitdaratio": 0.1863483685,
    "operatingIncome": 566800000,
    "operatingIncomeRatio": 0.1359884837,
    "totalOtherIncomeExpensesNet": -198800000,
    "incomeBeforeTax": 548200000,
    "incomeBeforeTaxRatio": 0.1315259117,
    "incomeTaxExpense": 178300000,
    "netIncome": 369900000,
    "netIncomeRatio": 0.0887476008,
    "eps": 0.66,
    "epsdiluted": 0.65,
    "weightedAverageShsOut": 562612500,
    "weightedAverageShsOutDil": 565650000,
    "link": "https://www.sec.gov/Archives/edgar/data/75362/000110465906049491/0001104659-06-049491-index.htm",
    "finalLink": "https://www.sec.gov/Archives/edgar/data/75362/000110465906049491/a06-15167_110q.htm"
  },
  {
    "date": "2006-03-31",
    "symbol": "PCAR",
    "reportedCurrency": "USD",
    "cik": "0000075362",
    "fillingDate": "2006-05-05",
    "acceptedDate": "2006-05-05 11:14:29",
    "calendarYear": "2006",
    "period": "Q1",
    "revenue": 3851700000,
    "costOfRevenue": 3226800000,
    "grossProfit": 624900000,
    "grossProfitRatio": 0.1622400498,
    "researchAndDevelopmentExpenses": 0,
    "generalAndAdministrativeExpenses": 139400000,
    "sellingAndMarketingExpenses": 0,
    "sellingGeneralAndAdministrativeExpenses": 139400000,
    "otherExpenses": 0,
    "operatingExpenses": 139400000,
    "costAndExpenses": 3366200000,
    "interestIncome": 0,
    "interestExpense": 0,
    "depreciationAndAmortization": 100200000,
    "ebitda": 570100000,
    "ebitdaratio": 0.1480125659,
    "operatingIncome": 469900000,
    "operatingIncomeRatio": 0.1219980788,
    "totalOtherIncomeExpensesNet": -112700000,
    "incomeBeforeTax": 500700000,
    "incomeBeforeTaxRatio": 0.1299945479,
    "incomeTaxExpense": 158700000,
    "netIncome": 342000000,
    "netIncomeRatio": 0.088791962,
    "eps": 0.6,
    "epsdiluted": 0.6,
    "weightedAverageShsOut": 567675000,
    "weightedAverageShsOutDil": 570825000,
    "link": "https://www.sec.gov/Archives/edgar/data/75362/000110465906031442/0001104659-06-031442-index.htm",
    "finalLink": "https://www.sec.gov/Archives/edgar/data/75362/000110465906031442/a06-9224_110q.htm"
  },
  {
    "date": "2005-12-31",
    "symbol": "PCAR",
    "reportedCurrency": "USD",
    "cik": "0000075362",
    "fillingDate": "2006-02-27",
    "acceptedDate": "2006-02-27 14:20:53",
    "calendarYear": "2005",
    "period": "Q4",
    "revenue": 3635000000,
    "costOfRevenue": 2931900000,
    "grossProfit": 703100000,
    "grossProfitRatio": 0.1934250344,
    "researchAndDevelopmentExpenses": 0,
    "generalAndAdministrativeExpenses": 145500000,
    "sellingAndMarketingExpenses": 0,
    "sellingGeneralAndAdministrativeExpenses": 145500000,
    "otherExpenses": 0,
    "operatingExpenses": 145500000,
    "costAndExpenses": 3077400000,
    "interestIncome": 0,
    "interestExpense": 90800000,
    "depreciationAndAmortization": 96500000,
    "ebitda": 637100000,
    "ebitdaratio": 0.1752682256,
    "operatingIncome": 540600000,
    "operatingIncomeRatio": 0.1487207703,
    "totalOtherIncomeExpensesNet": -107800000,
    "incomeBeforeTax": 449800000,
    "incomeBeforeTaxRatio": 0.123741403,
    "incomeTaxExpense": 136900000,
    "netIncome": 312900000,
    "netIncomeRatio": 0.0860797799,
    "eps": 0.54,
    "epsdiluted": 0.54,
    "weightedAverageShsOut": 579487500,
    "weightedAverageShsOutDil": 583200000,
    "link": "https://www.sec.gov/Archives/edgar/data/75362/000110465906012138/0001104659-06-012138-index.htm",
    "finalLink": "https://www.sec.gov/Archives/edgar/data/75362/000110465906012138/a06-2326_110k.htm"
  },
  {
    "date": "2005-09-30",
    "symbol": "PCAR",
    "reportedCurrency": "USD",
    "cik": "0000075362",
    "fillingDate": "2005-11-04",
    "acceptedDate": "2005-11-04 11:03:21",
    "calendarYear": "2005",
    "period": "Q3",
    "revenue": 3541000000,
    "costOfRevenue": 2842500000,
    "grossProfit": 698500000,
    "grossProfitRatio": 0.1972606608,
    "researchAndDevelopmentExpenses": 0,
    "generalAndAdministrativeExpenses": 138800000,
    "sellingAndMarketingExpenses": 0,
    "sellingGeneralAndAdministrativeExpenses": 138800000,
    "otherExpenses": 0,
    "operatingExpenses": 138800000,
    "costAndExpenses": 2981300000,
    "interestIncome": 0,
    "interestExpense": 91000000,
    "depreciationAndAmortization": 91700000,
    "ebitda": 651400000,
    "ebitdaratio": 0.1839593335,
    "operatingIncome": 468700000,
    "operatingIncomeRatio": 0.1323637391,
    "totalOtherIncomeExpensesNet": -165600000,
    "incomeBeforeTax": 455000000,
    "incomeBeforeTaxRatio": 0.1284947755,
    "incomeTaxExpense": 150200000,
    "netIncome": 304800000,
    "netIncomeRatio": 0.0860773793,
    "eps": 0.53,
    "epsdiluted": 0.53,
    "weightedAverageShsOut": 575775000,
    "weightedAverageShsOutDil": 579375000,
    "link": "https://www.sec.gov/Archives/edgar/data/75362/000110465905052547/0001104659-05-052547-index.htm",
    "finalLink": "https://www.sec.gov/Archives/edgar/data/75362/000110465905052547/a05-17917_110q.htm"
  },
  {
    "date": "2005-06-30",
    "symbol": "PCAR",
    "reportedCurrency": "USD",
    "cik": "0000075362",
    "fillingDate": "2005-07-29",
    "acceptedDate": "2005-07-29 11:32:03",
    "calendarYear": "2005",
    "period": "Q2",
    "revenue": 3555400000,
    "costOfRevenue": 2876400000,
    "grossProfit": 679000000,
    "grossProfitRatio": 0.1909771052,
    "researchAndDevelopmentExpenses": 0,
    "generalAndAdministrativeExpenses": 136000000,
    "sellingAndMarketingExpenses": 0,
    "sellingGeneralAndAdministrativeExpenses": 136000000,
    "otherExpenses": 0,
    "operatingExpenses": 136000000,
    "costAndExpenses": 3012400000,
    "interestIncome": 0,
    "interestExpense": 75900000,
    "depreciationAndAmortization": 90400000,
    "ebitda": 633400000,
    "ebitdaratio": 0.1781515441,
    "operatingIncome": 467100000,
    "operatingIncomeRatio": 0.1313776228,
    "totalOtherIncomeExpensesNet": -154600000,
    "incomeBeforeTax": 452700000,
    "incomeBeforeTaxRatio": 0.1273274456,
    "incomeTaxExpense": 211200000,
    "netIncome": 241500000,
    "netIncomeRatio": 0.0679248467,
    "eps": 0.41,
    "epsdiluted": 0.41,
    "weightedAverageShsOut": 583875000,
    "weightedAverageShsOutDil": 587587500,
    "link": "https://www.sec.gov/Archives/edgar/data/75362/000110465905035011/0001104659-05-035011-index.htm",
    "finalLink": "https://www.sec.gov/Archives/edgar/data/75362/000110465905035011/a05-12527_110q.htm"
  },
  {
    "date": "2005-03-31",
    "symbol": "PCAR",
    "reportedCurrency": "USD",
    "cik": "0000075362",
    "fillingDate": "2005-05-03",
    "acceptedDate": "2005-05-03 11:21:20",
    "calendarYear": "2005",
    "period": "Q1",
    "revenue": 3326000000,
    "costOfRevenue": 2689700000,
    "grossProfit": 636300000,
    "grossProfitRatio": 0.1913108839,
    "researchAndDevelopmentExpenses": 0,
    "generalAndAdministrativeExpenses": 134900000,
    "sellingAndMarketingExpenses": 0,
    "sellingGeneralAndAdministrativeExpenses": 134900000,
    "otherExpenses": 0,
    "operatingExpenses": 134900000,
    "costAndExpenses": 2824600000,
    "interestIncome": 0,
    "interestExpense": 73500000,
    "depreciationAndAmortization": 91500000,
    "ebitda": 581100000,
    "ebitdaratio": 0.1747143716,
    "operatingIncome": 489600000,
    "operatingIncomeRatio": 0.1472038485,
    "totalOtherIncomeExpensesNet": -73500000,
    "incomeBeforeTax": 416100000,
    "incomeBeforeTaxRatio": 0.1251052315,
    "incomeTaxExpense": 142100000,
    "netIncome": 274000000,
    "netIncomeRatio": 0.0823812387,
    "eps": 0.47,
    "epsdiluted": 0.46,
    "weightedAverageShsOut": 587250000,
    "weightedAverageShsOutDil": 590962500,
    "link": "https://www.sec.gov/Archives/edgar/data/75362/000110465905019880/0001104659-05-019880-index.htm",
    "finalLink": "https://www.sec.gov/Archives/edgar/data/75362/000110465905019880/a05-7503_110q.htm"
  },
  {
    "date": "2004-12-31",
    "symbol": "PCAR",
    "reportedCurrency": "USD",
    "cik": "0000075362",
    "fillingDate": "2005-03-04",
    "acceptedDate": "2005-03-04 11:53:42",
    "calendarYear": "2004",
    "period": "Q4",
    "revenue": 3190400000,
    "costOfRevenue": 2591000000,
    "grossProfit": 599400000,
    "grossProfitRatio": 0.1878761284,
    "researchAndDevelopmentExpenses": 0,
    "generalAndAdministrativeExpenses": 133000000,
    "sellingAndMarketingExpenses": 0,
    "sellingGeneralAndAdministrativeExpenses": 133000000,
    "otherExpenses": 0,
    "operatingExpenses": 133000000,
    "costAndExpenses": 2724000000,
    "interestIncome": 0,
    "interestExpense": 86400000,
    "depreciationAndAmortization": 84900000,
    "ebitda": 537900000,
    "ebitdaratio": 0.1685995486,
    "operatingIncome": 453000000,
    "operatingIncomeRatio": 0.1419884654,
    "totalOtherIncomeExpensesNet": -99800000,
    "incomeBeforeTax": 366600000,
    "incomeBeforeTaxRatio": 0.1149072217,
    "incomeTaxExpense": 125200000,
    "netIncome": 241400000,
    "netIncomeRatio": 0.0756644935,
    "eps": 0.41,
    "epsdiluted": 0.41,
    "weightedAverageShsOut": 589275000,
    "weightedAverageShsOutDil": 592987500,
    "link": "https://www.sec.gov/Archives/edgar/data/75362/000110465905009484/0001104659-05-009484-index.htm",
    "finalLink": "https://www.sec.gov/Archives/edgar/data/75362/000110465905009484/a05-1783_110k.htm"
  },
  {
    "date": "2004-09-30",
    "symbol": "PCAR",
    "reportedCurrency": "USD",
    "cik": "0000075362",
    "fillingDate": "2004-11-05",
    "acceptedDate": "2004-11-05 12:05:59",
    "calendarYear": "2004",
    "period": "Q3",
    "revenue": 2917800000,
    "costOfRevenue": 2378900000,
    "grossProfit": 538900000,
    "grossProfitRatio": 0.1846939475,
    "researchAndDevelopmentExpenses": 0,
    "generalAndAdministrativeExpenses": 119700000,
    "sellingAndMarketingExpenses": 0,
    "sellingGeneralAndAdministrativeExpenses": 119700000,
    "otherExpenses": 0,
    "operatingExpenses": 119700000,
    "costAndExpenses": 2498600000,
    "interestIncome": 0,
    "interestExpense": 42700000,
    "depreciationAndAmortization": 78700000,
    "ebitda": 481800000,
    "ebitdaratio": 0.1651244088,
    "operatingIncome": 403100000,
    "operatingIncomeRatio": 0.1381520324,
    "totalOtherIncomeExpensesNet": -58800000,
    "incomeBeforeTax": 360400000,
    "incomeBeforeTaxRatio": 0.1235177188,
    "incomeTaxExpense": 113700000,
    "netIncome": 246700000,
    "netIncomeRatio": 0.0845500034,
    "eps": 0.42,
    "epsdiluted": 0.42,
    "weightedAverageShsOut": 586912500,
    "weightedAverageShsOutDil": 590625000,
    "link": "https://www.sec.gov/Archives/edgar/data/75362/000110465904033820/0001104659-04-033820-index.htm",
    "finalLink": "https://www.sec.gov/Archives/edgar/data/75362/000110465904033820/a04-12608_110q.htm"
  },
  {
    "date": "2004-06-30",
    "symbol": "PCAR",
    "reportedCurrency": "USD",
    "cik": "0000075362",
    "fillingDate": "2004-08-06",
    "acceptedDate": "2004-08-06 13:18:13",
    "calendarYear": "2004",
    "period": "Q2",
    "revenue": 2786800000,
    "costOfRevenue": 2255200000,
    "grossProfit": 531600000,
    "grossProfitRatio": 0.1907564231,
    "researchAndDevelopmentExpenses": 0,
    "generalAndAdministrativeExpenses": 116200000,
    "sellingAndMarketingExpenses": 0,
    "sellingGeneralAndAdministrativeExpenses": 116200000,
    "otherExpenses": 0,
    "operatingExpenses": 116200000,
    "costAndExpenses": 2371400000,
    "interestIncome": 0,
    "interestExpense": 33900000,
    "depreciationAndAmortization": 75800000,
    "ebitda": 472300000,
    "ebitdaratio": 0.169477537,
    "operatingIncome": 396500000,
    "operatingIncomeRatio": 0.1422778814,
    "totalOtherIncomeExpensesNet": -52800000,
    "incomeBeforeTax": 362600000,
    "incomeBeforeTaxRatio": 0.1301133917,
    "incomeTaxExpense": 126100000,
    "netIncome": 236500000,
    "netIncomeRatio": 0.0848643606,
    "eps": 0.4,
    "epsdiluted": 0.4,
    "weightedAverageShsOut": 589950000,
    "weightedAverageShsOutDil": 593662500,
    "link": "https://www.sec.gov/Archives/edgar/data/75362/000110465904022926/0001104659-04-022926-index.htm",
    "finalLink": "https://www.sec.gov/Archives/edgar/data/75362/000110465904022926/j9005-110q.htm"
  },
  {
    "date": "2004-03-31",
    "symbol": "PCAR",
    "reportedCurrency": "USD",
    "cik": "0000075362",
    "fillingDate": "2004-05-07",
    "acceptedDate": "2004-05-07 12:19:28",
    "calendarYear": "2004",
    "period": "Q1",
    "revenue": 2501300000,
    "costOfRevenue": 2043500000,
    "grossProfit": 457800000,
    "grossProfitRatio": 0.1830248271,
    "researchAndDevelopmentExpenses": 0,
    "generalAndAdministrativeExpenses": 119600000,
    "sellingAndMarketingExpenses": 0,
    "sellingGeneralAndAdministrativeExpenses": 119600000,
    "otherExpenses": 0,
    "operatingExpenses": 119600000,
    "costAndExpenses": 2163100000,
    "interestIncome": 0,
    "interestExpense": 48100000,
    "depreciationAndAmortization": 75600000,
    "ebitda": 402300000,
    "ebitdaratio": 0.1608363651,
    "operatingIncome": 326700000,
    "operatingIncomeRatio": 0.1306120817,
    "totalOtherIncomeExpensesNet": -59600000,
    "incomeBeforeTax": 278600000,
    "incomeBeforeTaxRatio": 0.1113820813,
    "incomeTaxExpense": 96400000,
    "netIncome": 182200000,
    "netIncomeRatio": 0.0728421221,
    "eps": 0.31,
    "epsdiluted": 0.31,
    "weightedAverageShsOut": 592312500,
    "weightedAverageShsOutDil": 596362500,
    "link": "https://www.sec.gov/Archives/edgar/data/75362/000110465904013142/0001104659-04-013142-index.htm",
    "finalLink": "https://www.sec.gov/Archives/edgar/data/75362/000110465904013142/a5592-1ba.htm"
  },
  {
    "date": "2003-12-31",
    "symbol": "PCAR",
    "reportedCurrency": "USD",
    "cik": "0000075362",
    "fillingDate": "2004-03-12",
    "acceptedDate": "2004-03-12 14:52:34",
    "calendarYear": "2003",
    "period": "Q4",
    "revenue": 2207400000,
    "costOfRevenue": 1801700000,
    "grossProfit": 405700000,
    "grossProfitRatio": 0.1837908852,
    "researchAndDevelopmentExpenses": 0,
    "generalAndAdministrativeExpenses": 110300000,
    "sellingAndMarketingExpenses": 0,
    "sellingGeneralAndAdministrativeExpenses": 110300000,
    "otherExpenses": 0,
    "operatingExpenses": 110300000,
    "costAndExpenses": 1912000000,
    "interestIncome": 0,
    "interestExpense": 55600000,
    "depreciationAndAmortization": -10100000,
    "ebitda": 295400000,
    "ebitdaratio": 0.1338225967,
    "operatingIncome": 295400000,
    "operatingIncomeRatio": 0.1338225967,
    "totalOtherIncomeExpensesNet": -55600000,
    "incomeBeforeTax": 239800000,
    "incomeBeforeTaxRatio": 0.1086345927,
    "incomeTaxExpense": 80700000,
    "netIncome": 159100000,
    "netIncomeRatio": 0.0720757452,
    "eps": 0.27,
    "epsdiluted": 0.27,
    "weightedAverageShsOut": 589950000,
    "weightedAverageShsOutDil": 594337500,
    "link": "https://www.sec.gov/Archives/edgar/data/75362/000110465904007210/0001104659-04-007210-index.htm",
    "finalLink": "https://www.sec.gov/Archives/edgar/data/75362/000110465904007210/ba_10k.htm"
  },
  {
    "date": "2003-09-30",
    "symbol": "PCAR",
    "reportedCurrency": "USD",
    "cik": "0000075362",
    "fillingDate": "2003-11-07",
    "acceptedDate": "2003-11-07 14:21:25",
    "calendarYear": "2003",
    "period": "Q3",
    "revenue": 2058500000,
    "costOfRevenue": 1695900000,
    "grossProfit": 362600000,
    "grossProfitRatio": 0.1761476803,
    "researchAndDevelopmentExpenses": 0,
    "generalAndAdministrativeExpenses": 108600000,
    "sellingAndMarketingExpenses": 0,
    "sellingGeneralAndAdministrativeExpenses": 108600000,
    "otherExpenses": 0,
    "operatingExpenses": 108600000,
    "costAndExpenses": 1804500000,
    "interestIncome": 0,
    "interestExpense": 51700000,
    "depreciationAndAmortization": -9500000,
    "ebitda": 244500000,
    "ebitdaratio": 0.1187758076,
    "operatingIncome": 254000000,
    "operatingIncomeRatio": 0.1233908186,
    "totalOtherIncomeExpensesNet": -51700000,
    "incomeBeforeTax": 202300000,
    "incomeBeforeTaxRatio": 0.0982754433,
    "incomeTaxExpense": 69800000,
    "netIncome": 132500000,
    "netIncomeRatio": 0.0643672577,
    "eps": 0.22,
    "epsdiluted": 0.22,
    "weightedAverageShsOut": 590962500,
    "weightedAverageShsOutDil": 595350000,
    "link": "https://www.sec.gov/Archives/edgar/data/75362/000110465903025115/0001104659-03-025115-index.htm",
    "finalLink": "https://www.sec.gov/Archives/edgar/data/75362/000110465903025115/j47861be.htm"
  },
  {
    "date": "2003-06-30",
    "symbol": "PCAR",
    "reportedCurrency": "USD",
    "cik": "0000075362",
    "fillingDate": "2003-08-08",
    "acceptedDate": "2003-08-08 16:10:35",
    "calendarYear": "2003",
    "period": "Q2",
    "revenue": 2012200000,
    "costOfRevenue": 1656400000,
    "grossProfit": 355800000,
    "grossProfitRatio": 0.1768213895,
    "researchAndDevelopmentExpenses": 0,
    "generalAndAdministrativeExpenses": 113100000,
    "sellingAndMarketingExpenses": 0,
    "sellingGeneralAndAdministrativeExpenses": 113100000,
    "otherExpenses": 0,
    "operatingExpenses": 113100000,
    "costAndExpenses": 1769500000,
    "interestIncome": 0,
    "interestExpense": 51600000,
    "depreciationAndAmortization": -11000000,
    "ebitda": 231700000,
    "ebitdaratio": 0.1151475996,
    "operatingIncome": 242700000,
    "operatingIncomeRatio": 0.1206142531,
    "totalOtherIncomeExpensesNet": -51600000,
    "incomeBeforeTax": 191100000,
    "incomeBeforeTaxRatio": 0.0949706789,
    "incomeTaxExpense": 67000000,
    "netIncome": 124100000,
    "netIncomeRatio": 0.0616737899,
    "eps": 0.21,
    "epsdiluted": 0.21,
    "weightedAverageShsOut": 589950000,
    "weightedAverageShsOutDil": 593662500,
    "link": "https://www.sec.gov/Archives/edgar/data/75362/000110465903017249/0001104659-03-017249-index.htm",
    "finalLink": "https://www.sec.gov/Archives/edgar/data/75362/000110465903017249/a2108-1_ba.htm"
  },
  {
    "date": "2003-03-31",
    "symbol": "PCAR",
    "reportedCurrency": "USD",
    "cik": "0000075362",
    "fillingDate": "2003-05-12",
    "acceptedDate": "2003-05-12 11:28:21",
    "calendarYear": "2003",
    "period": "Q1",
    "revenue": 1916800000,
    "costOfRevenue": 1577100000,
    "grossProfit": 339700000,
    "grossProfitRatio": 0.1772224541,
    "researchAndDevelopmentExpenses": 0,
    "generalAndAdministrativeExpenses": 114500000,
    "sellingAndMarketingExpenses": 0,
    "sellingGeneralAndAdministrativeExpenses": 114500000,
    "otherExpenses": 0,
    "operatingExpenses": 114500000,
    "costAndExpenses": 1691600000,
    "interestIncome": 0,
    "interestExpense": 52900000,
    "depreciationAndAmortization": -10700000,
    "ebitda": 214500000,
    "ebitdaratio": 0.1119052588,
    "operatingIncome": 225200000,
    "operatingIncomeRatio": 0.1174874791,
    "totalOtherIncomeExpensesNet": -52900000,
    "incomeBeforeTax": 172300000,
    "incomeBeforeTaxRatio": 0.089889399,
    "incomeTaxExpense": 61500000,
    "netIncome": 110800000,
    "netIncomeRatio": 0.0578046745,
    "eps": 0.19,
    "epsdiluted": 0.19,
    "weightedAverageShsOut": 587925000,
    "weightedAverageShsOutDil": 590962500,
    "link": "https://www.sec.gov/Archives/edgar/data/75362/000110465903009030/0001104659-03-009030-index.htm",
    "finalLink": "https://www.sec.gov/Archives/edgar/data/75362/000110465903009030/j0457_10q.htm"
  },
  {
    "date": "2002-12-31",
    "symbol": "PCAR",
    "reportedCurrency": "USD",
    "cik": "0000075362",
    "fillingDate": "2003-03-10",
    "acceptedDate": "2003-03-10 15:36:47",
    "calendarYear": "2002",
    "period": "Q4",
    "revenue": 1919000000,
    "costOfRevenue": 1567500000,
    "grossProfit": 351500000,
    "grossProfitRatio": 0.1831683168,
    "researchAndDevelopmentExpenses": 0,
    "generalAndAdministrativeExpenses": 116200000,
    "sellingAndMarketingExpenses": 0,
    "sellingGeneralAndAdministrativeExpenses": 116200000,
    "otherExpenses": 0,
    "operatingExpenses": 116200000,
    "costAndExpenses": 1683700000,
    "interestIncome": 0,
    "interestExpense": 49700000,
    "depreciationAndAmortization": -9200000,
    "ebitda": 226100000,
    "ebitdaratio": 0.1178217822,
    "operatingIncome": 235300000,
    "operatingIncomeRatio": 0.1226159458,
    "totalOtherIncomeExpensesNet": -49700000,
    "incomeBeforeTax": 185600000,
    "incomeBeforeTaxRatio": 0.0967170401,
    "incomeTaxExpense": 63400000,
    "netIncome": 122200000,
    "netIncomeRatio": 0.0636789995,
    "eps": 0.21,
    "epsdiluted": 0.21,
    "weightedAverageShsOut": 585225000,
    "weightedAverageShsOutDil": 589275000,
    "link": "https://www.sec.gov/Archives/edgar/data/75362/000110465903003908/0001104659-03-003908-index.htm",
    "finalLink": "https://www.sec.gov/Archives/edgar/data/75362/000110465903003908/j8019_10k.htm"
  },
  {
    "date": "2002-09-30",
    "symbol": "PCAR",
    "reportedCurrency": "USD",
    "cik": "0000075362",
    "fillingDate": "2002-11-12",
    "acceptedDate": "2002-11-08 18:13:10",
    "calendarYear": "2002",
    "period": "Q3",
    "revenue": 1996300000,
    "costOfRevenue": 1623900000,
    "grossProfit": 372400000,
    "grossProfitRatio": 0.1865451085,
    "researchAndDevelopmentExpenses": 0,
    "generalAndAdministrativeExpenses": 114100000,
    "sellingAndMarketingExpenses": 0,
    "sellingGeneralAndAdministrativeExpenses": 114100000,
    "otherExpenses": 0,
    "operatingExpenses": 114100000,
    "costAndExpenses": 1738000000,
    "interestIncome": 0,
    "interestExpense": 53800000,
    "depreciationAndAmortization": -6200000,
    "ebitda": 258300000,
    "ebitdaratio": 0.1293893703,
    "operatingIncome": 204500000,
    "operatingIncomeRatio": 0.1024395131,
    "totalOtherIncomeExpensesNet": -82600000,
    "incomeBeforeTax": 204500000,
    "incomeBeforeTaxRatio": 0.1024395131,
    "incomeTaxExpense": 75600000,
    "netIncome": 128900000,
    "netIncomeRatio": 0.0645694535,
    "eps": 0.22,
    "epsdiluted": 0.22,
    "weightedAverageShsOut": 585731250,
    "weightedAverageShsOutDil": 588768750,
    "link": "https://www.sec.gov/Archives/edgar/data/75362/000110465902005440/0001104659-02-005440-index.htm",
    "finalLink": "https://www.sec.gov/Archives/edgar/data/75362/000110465902005440/j5520_10q.htm"
  },
  {
    "date": "2002-06-30",
    "symbol": "PCAR",
    "reportedCurrency": "USD",
    "cik": "0000075362",
    "fillingDate": "2002-08-09",
    "acceptedDate": "2002-08-09 13:49:10",
    "calendarYear": "2002",
    "period": "Q2",
    "revenue": 1801800000,
    "costOfRevenue": 1500000000,
    "grossProfit": 301800000,
    "grossProfitRatio": 0.1674991675,
    "researchAndDevelopmentExpenses": 0,
    "generalAndAdministrativeExpenses": 123500000,
    "sellingAndMarketingExpenses": 0,
    "sellingGeneralAndAdministrativeExpenses": 123500000,
    "otherExpenses": 0,
    "operatingExpenses": 123500000,
    "costAndExpenses": 1623500000,
    "interestIncome": 0,
    "interestExpense": 63700000,
    "depreciationAndAmortization": -3700000,
    "ebitda": 178300000,
    "ebitdaratio": 0.098956599,
    "operatingIncome": 114600000,
    "operatingIncomeRatio": 0.0636030636,
    "totalOtherIncomeExpensesNet": -63700000,
    "incomeBeforeTax": 114600000,
    "incomeBeforeTaxRatio": 0.0636030636,
    "incomeTaxExpense": 40900000,
    "netIncome": 73700000,
    "netIncomeRatio": 0.0409035409,
    "eps": 0.13,
    "epsdiluted": 0.12,
    "weightedAverageShsOut": 585225000,
    "weightedAverageShsOutDil": 592232143,
    "link": "https://www.sec.gov/Archives/edgar/data/75362/000110465902003346/0001104659-02-003346-index.htm",
    "finalLink": "https://www.sec.gov/Archives/edgar/data/75362/000110465902003346/j4371_10q.htm"
  },
  {
    "date": "2002-03-31",
    "symbol": "PCAR",
    "reportedCurrency": "USD",
    "cik": "0000075362",
    "fillingDate": "2002-05-10",
    "acceptedDate": "2002-05-10 12:58:31",
    "calendarYear": "2002",
    "period": "Q1",
    "revenue": 1501500000,
    "costOfRevenue": 1255800000,
    "grossProfit": 245700000,
    "grossProfitRatio": 0.1636363636,
    "researchAndDevelopmentExpenses": 0,
    "generalAndAdministrativeExpenses": 123400000,
    "sellingAndMarketingExpenses": 0,
    "sellingGeneralAndAdministrativeExpenses": 123400000,
    "otherExpenses": 0,
    "operatingExpenses": 123400000,
    "costAndExpenses": 1379200000,
    "interestIncome": 0,
    "interestExpense": 52900000,
    "depreciationAndAmortization": -9400000,
    "ebitda": 112900000,
    "ebitdaratio": 0.0751914752,
    "operatingIncome": 122300000,
    "operatingIncomeRatio": 0.0814518815,
    "totalOtherIncomeExpensesNet": -52900000,
    "incomeBeforeTax": 69400000,
    "incomeBeforeTaxRatio": 0.0462204462,
    "incomeTaxExpense": 22200000,
    "netIncome": 47200000,
    "netIncomeRatio": 0.0314352314,
    "eps": 0.0808,
    "epsdiluted": 0.0808,
    "weightedAverageShsOut": 583959375,
    "weightedAverageShsOutDil": 583959375,
    "link": "https://www.sec.gov/Archives/edgar/data/75362/000110465902001903/0001104659-02-001903-index.htm",
    "finalLink": "https://www.sec.gov/Archives/edgar/data/75362/000110465902001903/j3664_10q.htm"
  },
  {
    "date": "2001-12-31",
    "symbol": "PCAR",
    "reportedCurrency": "USD",
    "cik": "0000075362",
    "fillingDate": "2002-03-22",
    "acceptedDate": "2002-03-22 00:00:00",
    "calendarYear": "2001",
    "period": "Q4",
    "revenue": 1536200000,
    "costOfRevenue": 1274500000,
    "grossProfit": 261700000,
    "grossProfitRatio": 0.1703554225,
    "researchAndDevelopmentExpenses": 0,
    "generalAndAdministrativeExpenses": 133100000,
    "sellingAndMarketingExpenses": 0,
    "sellingGeneralAndAdministrativeExpenses": 133100000,
    "otherExpenses": 0,
    "operatingExpenses": 133100000,
    "costAndExpenses": 1407600000,
    "interestIncome": 0,
    "interestExpense": 54500000,
    "depreciationAndAmortization": -8000000,
    "ebitda": 120600000,
    "ebitdaratio": 0.0785054029,
    "operatingIncome": 128600000,
    "operatingIncomeRatio": 0.0837130582,
    "totalOtherIncomeExpensesNet": -54500000,
    "incomeBeforeTax": 74100000,
    "incomeBeforeTaxRatio": 0.0482359068,
    "incomeTaxExpense": 23700000,
    "netIncome": 50400000,
    "netIncomeRatio": 0.0328082281,
    "eps": 0.0868,
    "epsdiluted": 0.0864,
    "weightedAverageShsOut": 580921875,
    "weightedAverageShsOutDil": 583307522,
    "link": "https://www.sec.gov/Archives/edgar/data/75362/000110465902000837/0001104659-02-000837-index.htm",
    "finalLink": "https://www.sec.gov/Archives/edgar/data/75362/000110465902000837/j3169_10k405.htm"
  },
  {
    "date": "2001-09-30",
    "symbol": "PCAR",
    "reportedCurrency": "USD",
    "cik": "0000075362",
    "fillingDate": "2001-11-09",
    "acceptedDate": "2001-11-09 00:00:00",
    "calendarYear": "2001",
    "period": "Q3",
    "revenue": 1501100000,
    "costOfRevenue": 1255900000,
    "grossProfit": 245200000,
    "grossProfitRatio": 0.163346879,
    "researchAndDevelopmentExpenses": 0,
    "generalAndAdministrativeExpenses": 129200000,
    "sellingAndMarketingExpenses": 0,
    "sellingGeneralAndAdministrativeExpenses": 129200000,
    "otherExpenses": 0,
    "operatingExpenses": 129200000,
    "costAndExpenses": 1385100000,
    "interestIncome": 0,
    "interestExpense": 57500000,
    "depreciationAndAmortization": -8500000,
    "ebitda": 107500000,
    "ebitdaratio": 0.0716141496,
    "operatingIncome": 116000000,
    "operatingIncomeRatio": 0.0772766638,
    "totalOtherIncomeExpensesNet": -60600000,
    "incomeBeforeTax": 58500000,
    "incomeBeforeTaxRatio": 0.038971421,
    "incomeTaxExpense": 19100000,
    "netIncome": 39400000,
    "netIncomeRatio": 0.0262474186,
    "eps": 0.068,
    "epsdiluted": 0.0675,
    "weightedAverageShsOut": 579798555,
    "weightedAverageShsOutDil": 583335393,
    "link": "https://www.sec.gov/Archives/edgar/data/75362/000110465901502633/0001104659-01-502633-index.htm",
    "finalLink": "https://www.sec.gov/Archives/edgar/data/75362/000110465901502633/j2339_10q.htm"
  },
  {
    "date": "2001-06-30",
    "symbol": "PCAR",
    "reportedCurrency": "USD",
    "cik": "0000075362",
    "fillingDate": "2001-08-10",
    "acceptedDate": "2001-08-10 00:00:00",
    "calendarYear": "2001",
    "period": "Q2",
    "revenue": 1532900000,
    "costOfRevenue": 1275200000,
    "grossProfit": 257700000,
    "grossProfitRatio": 0.1681127275,
    "researchAndDevelopmentExpenses": 0,
    "generalAndAdministrativeExpenses": 129800000,
    "sellingAndMarketingExpenses": 0,
    "sellingGeneralAndAdministrativeExpenses": 129800000,
    "otherExpenses": 0,
    "operatingExpenses": 129800000,
    "costAndExpenses": 1405000000,
    "interestIncome": 0,
    "interestExpense": 70800000,
    "depreciationAndAmortization": -9200000,
    "ebitda": 127400000,
    "ebitdaratio": 0.0831104443,
    "operatingIncome": 127900000,
    "operatingIncomeRatio": 0.0834366234,
    "totalOtherIncomeExpensesNet": -70300000,
    "incomeBeforeTax": 57100000,
    "incomeBeforeTaxRatio": 0.0372496575,
    "incomeTaxExpense": 17600000,
    "netIncome": 39500000,
    "netIncomeRatio": 0.0257681519,
    "eps": 0.0682,
    "epsdiluted": 0.0682,
    "weightedAverageShsOut": 579293125,
    "weightedAverageShsOutDil": 579293125,
    "link": "https://www.sec.gov/Archives/edgar/data/75362/000110465901501346/0001104659-01-501346-index.htm",
    "finalLink": "https://www.sec.gov/Archives/edgar/data/75362/000110465901501346/j1276_10q.htm"
  },
  {
    "date": "2001-03-31",
    "symbol": "PCAR",
    "reportedCurrency": "USD",
    "cik": "0000075362",
    "fillingDate": "2001-05-11",
    "acceptedDate": "2001-05-11 00:00:00",
    "calendarYear": "2001",
    "period": "Q1",
    "revenue": 1537800000,
    "costOfRevenue": 1267000000,
    "grossProfit": 270800000,
    "grossProfitRatio": 0.1760957212,
    "researchAndDevelopmentExpenses": 0,
    "generalAndAdministrativeExpenses": 132300000,
    "sellingAndMarketingExpenses": 0,
    "sellingGeneralAndAdministrativeExpenses": 132300000,
    "otherExpenses": 0,
    "operatingExpenses": 132300000,
    "costAndExpenses": 1399300000,
    "interestIncome": 0,
    "interestExpense": 72900000,
    "depreciationAndAmortization": -9600000,
    "ebitda": 128900000,
    "ebitdaratio": 0.083821043,
    "operatingIncome": 138500000,
    "operatingIncomeRatio": 0.0900637274,
    "totalOtherIncomeExpensesNet": -72900000,
    "incomeBeforeTax": 65600000,
    "incomeBeforeTaxRatio": 0.0426583431,
    "incomeTaxExpense": 21300000,
    "netIncome": 44300000,
    "netIncomeRatio": 0.0288073872,
    "eps": 0.0765,
    "epsdiluted": 0.0765,
    "weightedAverageShsOut": 579003625,
    "weightedAverageShsOutDil": 579003625,
    "link": "https://www.sec.gov/Archives/edgar/data/75362/000110465901500506/0001104659-01-500506-index.htm",
    "finalLink": "https://www.sec.gov/Archives/edgar/data/75362/000110465901500506/j0512_10q.htm"
  },
  {
    "date": "2000-12-31",
    "symbol": "PCAR",
    "reportedCurrency": "USD",
    "cik": "0000075362",
    "fillingDate": "2001-03-21",
    "acceptedDate": "2001-03-21 00:00:00",
    "calendarYear": "2000",
    "period": "Q4",
    "revenue": 1671900000,
    "costOfRevenue": 1473800000,
    "grossProfit": 198100000,
    "grossProfitRatio": 0.1184879478,
    "researchAndDevelopmentExpenses": 0,
    "generalAndAdministrativeExpenses": 119700000,
    "sellingAndMarketingExpenses": 0,
    "sellingGeneralAndAdministrativeExpenses": 119700000,
    "otherExpenses": -95100000,
    "operatingExpenses": 24600000,
    "costAndExpenses": 1498400000,
    "interestIncome": 0,
    "interestExpense": 87400000,
    "depreciationAndAmortization": 60400000,
    "ebitda": 241600000,
    "ebitdaratio": 0.1445062504,
    "operatingIncome": 181200000,
    "operatingIncomeRatio": 0.1083796878,
    "totalOtherIncomeExpensesNet": -79700000,
    "incomeBeforeTax": 93800000,
    "incomeBeforeTaxRatio": 0.056103834,
    "incomeTaxExpense": 31100000,
    "netIncome": 62700000,
    "netIncomeRatio": 0.037502243,
    "eps": 0.11,
    "epsdiluted": 0.11,
    "weightedAverageShsOut": 582440625,
    "weightedAverageShsOutDil": 585500654,
    "link": "https://www.sec.gov/Archives/edgar/data/75362/000091205701504547/0000912057-01-504547-index.htm",
    "finalLink": "https://www.sec.gov/Archives/edgar/data/75362/000091205701504547/a2040860z10-k405.htm"
  },
  {
    "date": "2000-09-30",
    "symbol": "PCAR",
    "reportedCurrency": "USD",
    "cik": "0000075362",
    "fillingDate": "2000-11-13",
    "acceptedDate": "2000-11-13 00:00:00",
    "calendarYear": "2000",
    "period": "Q3",
    "revenue": 1775300000,
    "costOfRevenue": 1462100000,
    "grossProfit": 313200000,
    "grossProfitRatio": 0.1764208866,
    "researchAndDevelopmentExpenses": 0,
    "generalAndAdministrativeExpenses": 119000000,
    "sellingAndMarketingExpenses": 0,
    "sellingGeneralAndAdministrativeExpenses": 119000000,
    "otherExpenses": 0,
    "operatingExpenses": 119000000,
    "costAndExpenses": 1581100000,
    "interestIncome": 0,
    "interestExpense": 70000000,
    "depreciationAndAmortization": -11800000,
    "ebitda": 194200000,
    "ebitdaratio": 0.1093899623,
    "operatingIncome": 194200000,
    "operatingIncomeRatio": 0.1093899623,
    "totalOtherIncomeExpensesNet": -70000000,
    "incomeBeforeTax": 124200000,
    "incomeBeforeTaxRatio": 0.0699600068,
    "incomeTaxExpense": 31100000,
    "netIncome": 93100000,
    "netIncomeRatio": 0.0524418408,
    "eps": 0.16,
    "epsdiluted": 0.16,
    "weightedAverageShsOut": 580162500,
    "weightedAverageShsOutDil": 584279442,
    "link": "https://www.sec.gov/Archives/edgar/data/75362/000091205700049185/0000912057-00-049185-index.htm",
    "finalLink": "https://www.sec.gov/Archives/edgar/data/75362/000091205700049185/a2030352z10-q.htm"
  },
  {
    "date": "2000-06-30",
    "symbol": "PCAR",
    "reportedCurrency": "USD",
    "cik": "0000075362",
    "fillingDate": "2000-08-11",
    "acceptedDate": "2000-08-11 00:00:00",
    "calendarYear": "2000",
    "period": "Q2",
    "revenue": 2140900000,
    "costOfRevenue": 1758200000,
    "grossProfit": 382700000,
    "grossProfitRatio": 0.1787565977,
    "researchAndDevelopmentExpenses": 0,
    "generalAndAdministrativeExpenses": 125700000,
    "sellingAndMarketingExpenses": 0,
    "sellingGeneralAndAdministrativeExpenses": 125700000,
    "otherExpenses": 0,
    "operatingExpenses": 125700000,
    "costAndExpenses": 1883900000,
    "interestIncome": 0,
    "interestExpense": 52700000,
    "depreciationAndAmortization": -11100000,
    "ebitda": 245900000,
    "ebitdaratio": 0.1148582372,
    "operatingIncome": 257000000,
    "operatingIncomeRatio": 0.1200429726,
    "totalOtherIncomeExpensesNet": -52700000,
    "incomeBeforeTax": 204300000,
    "incomeBeforeTaxRatio": 0.0954271568,
    "incomeTaxExpense": 73200000,
    "netIncome": 131100000,
    "netIncomeRatio": 0.0612359288,
    "eps": 0.23,
    "epsdiluted": 0.23,
    "weightedAverageShsOut": 580162500,
    "weightedAverageShsOutDil": 582187500,
    "link": "https://www.sec.gov/Archives/edgar/data/75362/000091205700036636/0000912057-00-036636-index.htm",
    "finalLink": "https://www.sec.gov/Archives/edgar/data/75362/000091205700036636/a10-q.txt"
  },
  {
    "date": "2000-03-31",
    "symbol": "PCAR",
    "reportedCurrency": "USD",
    "cik": "0000075362",
    "fillingDate": "2000-05-12",
    "acceptedDate": "2000-05-12 00:00:00",
    "calendarYear": "2000",
    "period": "Q1",
    "revenue": 2331300000,
    "costOfRevenue": 1898300000,
    "grossProfit": 433000000,
    "grossProfitRatio": 0.1857332819,
    "researchAndDevelopmentExpenses": 0,
    "generalAndAdministrativeExpenses": 133200000,
    "sellingAndMarketingExpenses": 0,
    "sellingGeneralAndAdministrativeExpenses": 133200000,
    "otherExpenses": 0,
    "operatingExpenses": 133200000,
    "costAndExpenses": 2031500000,
    "interestIncome": 0,
    "interestExpense": 57000000,
    "depreciationAndAmortization": -10800000,
    "ebitda": 289000000,
    "ebitdaratio": 0.1239651696,
    "operatingIncome": 299800000,
    "operatingIncomeRatio": 0.1285977781,
    "totalOtherIncomeExpensesNet": -57000000,
    "incomeBeforeTax": 242800000,
    "incomeBeforeTaxRatio": 0.1041479003,
    "incomeTaxExpense": 87900000,
    "netIncome": 154900000,
    "netIncomeRatio": 0.0664436152,
    "eps": 0.26,
    "epsdiluted": 0.26,
    "weightedAverageShsOut": 590034375,
    "weightedAverageShsOutDil": 594076705,
    "link": "https://www.sec.gov/Archives/edgar/data/75362/000091205700023803/0000912057-00-023803-index.html",
    "finalLink": "https://www.sec.gov/Archives/edgar/data/75362/000091205700023803/"
  },
  {
    "date": "1999-12-31",
    "symbol": "PCAR",
    "reportedCurrency": "USD",
    "cik": "0000075362",
    "fillingDate": "2000-03-17",
    "acceptedDate": "2000-03-17 00:00:00",
    "calendarYear": "1999",
    "period": "Q4",
    "revenue": 2327300000,
    "costOfRevenue": 1713400000,
    "grossProfit": 613900000,
    "grossProfitRatio": 0.2637820651,
    "researchAndDevelopmentExpenses": 0,
    "generalAndAdministrativeExpenses": 162600000,
    "sellingAndMarketingExpenses": 0,
    "sellingGeneralAndAdministrativeExpenses": 162600000,
    "otherExpenses": 146900000,
    "operatingExpenses": 309500000,
    "costAndExpenses": 2022900000,
    "interestIncome": 0,
    "interestExpense": 15600000,
    "depreciationAndAmortization": -43300000,
    "ebitda": 261100000,
    "ebitdaratio": 0.1121900915,
    "operatingIncome": 304400000,
    "operatingIncomeRatio": 0.1307953422,
    "totalOtherIncomeExpensesNet": -15600000,
    "incomeBeforeTax": 288800000,
    "incomeBeforeTaxRatio": 0.1240922958,
    "incomeTaxExpense": 108900000,
    "netIncome": 179900000,
    "netIncomeRatio": 0.0772998754,
    "eps": 0.3,
    "epsdiluted": 0.3,
    "weightedAverageShsOut": 593831250,
    "weightedAverageShsOutDil": 598071862,
    "link": "https://www.sec.gov/Archives/edgar/data/75362/000091205700012263/0000912057-00-012263-index.html",
    "finalLink": "https://www.sec.gov/Archives/edgar/data/75362/000091205700012263/"
  },
  {
    "date": "1999-09-30",
    "symbol": "PCAR",
    "reportedCurrency": "USD",
    "cik": "0000075362",
    "fillingDate": "1999-11-09",
    "acceptedDate": "1999-11-09 00:00:00",
    "calendarYear": "1999",
    "period": "Q3",
    "revenue": 2270100000,
    "costOfRevenue": 1823700000,
    "grossProfit": 446400000,
    "grossProfitRatio": 0.1966433197,
    "researchAndDevelopmentExpenses": 0,
    "generalAndAdministrativeExpenses": 172700000,
    "sellingAndMarketingExpenses": 0,
    "sellingGeneralAndAdministrativeExpenses": 172700000,
    "otherExpenses": 0,
    "operatingExpenses": 172700000,
    "costAndExpenses": 1996400000,
    "interestIncome": 0,
    "interestExpense": 45900000,
    "depreciationAndAmortization": -13000000,
    "ebitda": 260700000,
    "ebitdaratio": 0.1148407559,
    "operatingIncome": 273700000,
    "operatingIncomeRatio": 0.1205673759,
    "totalOtherIncomeExpensesNet": -45900000,
    "incomeBeforeTax": 227800000,
    "incomeBeforeTaxRatio": 0.1003480023,
    "incomeTaxExpense": 83100000,
    "netIncome": 144700000,
    "netIncomeRatio": 0.0637416854,
    "eps": 0.24,
    "epsdiluted": 0.24,
    "weightedAverageShsOut": 592767175,
    "weightedAverageShsOutDil": 599246283,
    "link": "https://www.sec.gov/Archives/edgar/data/75362/000091205799004115/0000912057-99-004115-index.html",
    "finalLink": "https://www.sec.gov/Archives/edgar/data/75362/000091205799004115/"
  },
  {
    "date": "1999-06-30",
    "symbol": "PCAR",
    "reportedCurrency": "USD",
    "cik": "0000075362",
    "fillingDate": "1999-08-11",
    "acceptedDate": "1999-08-11 00:00:00",
    "calendarYear": "1999",
    "period": "Q2",
    "revenue": 2270500000,
    "costOfRevenue": 1842600000,
    "grossProfit": 427900000,
    "grossProfitRatio": 0.1884606915,
    "researchAndDevelopmentExpenses": 0,
    "generalAndAdministrativeExpenses": 160300000,
    "sellingAndMarketingExpenses": 0,
    "sellingGeneralAndAdministrativeExpenses": 160300000,
    "otherExpenses": 0,
    "operatingExpenses": 160300000,
    "costAndExpenses": 2002900000,
    "interestIncome": 0,
    "interestExpense": 48400000,
    "depreciationAndAmortization": -6400000,
    "ebitda": 261200000,
    "ebitdaratio": 0.1150407399,
    "operatingIncome": 267600000,
    "operatingIncomeRatio": 0.1178595023,
    "totalOtherIncomeExpensesNet": -48400000,
    "incomeBeforeTax": 219200000,
    "incomeBeforeTaxRatio": 0.0965426118,
    "incomeTaxExpense": 79700000,
    "netIncome": 139500000,
    "netIncomeRatio": 0.0614402114,
    "eps": 0.23,
    "epsdiluted": 0.23,
    "weightedAverageShsOut": 593938843,
    "weightedAverageShsOutDil": 597293980,
    "link": "https://www.sec.gov/Archives/edgar/data/75362/000104746999030931/0001047469-99-030931-index.html",
    "finalLink": "https://www.sec.gov/Archives/edgar/data/75362/000104746999030931/"
  },
  {
    "date": "1999-03-31",
    "symbol": "PCAR",
    "reportedCurrency": "USD",
    "cik": "0000075362",
    "fillingDate": "1999-05-14",
    "acceptedDate": "1999-05-14 00:00:00",
    "calendarYear": "1999",
    "period": "Q1",
    "revenue": 2153100000,
    "costOfRevenue": 1755800000,
    "grossProfit": 397300000,
    "grossProfitRatio": 0.1845246389,
    "researchAndDevelopmentExpenses": 0,
    "generalAndAdministrativeExpenses": 167800000,
    "sellingAndMarketingExpenses": 0,
    "sellingGeneralAndAdministrativeExpenses": 167800000,
    "otherExpenses": 0,
    "operatingExpenses": 167800000,
    "costAndExpenses": 1923600000,
    "interestIncome": 0,
    "interestExpense": 42100000,
    "depreciationAndAmortization": -8500000,
    "ebitda": 221000000,
    "ebitdaratio": 0.1026427012,
    "operatingIncome": 229500000,
    "operatingIncomeRatio": 0.1065904974,
    "totalOtherIncomeExpensesNet": -42100000,
    "incomeBeforeTax": 187400000,
    "incomeBeforeTaxRatio": 0.0870372951,
    "incomeTaxExpense": 67900000,
    "netIncome": 119500000,
    "netIncomeRatio": 0.0555013701,
    "eps": 0.2,
    "epsdiluted": 0.2,
    "weightedAverageShsOut": 591922121,
    "weightedAverageShsOutDil": 595815827,
    "link": "https://www.sec.gov/Archives/edgar/data/75362/000104746999020558/0001047469-99-020558-index.html",
    "finalLink": "https://www.sec.gov/Archives/edgar/data/75362/"
  },
  {
    "date": "1998-12-31",
    "symbol": "PCAR",
    "reportedCurrency": "USD",
    "cik": "0000075362",
    "fillingDate": "1999-03-24",
    "acceptedDate": "1999-03-24 00:00:00",
    "calendarYear": "1998",
    "period": "Q4",
    "revenue": 2203900000,
    "costOfRevenue": 1698100000,
    "grossProfit": 505800000,
    "grossProfitRatio": 0.229502246,
    "researchAndDevelopmentExpenses": 0,
    "generalAndAdministrativeExpenses": 159200000,
    "sellingAndMarketingExpenses": 0,
    "sellingGeneralAndAdministrativeExpenses": 159200000,
    "otherExpenses": 123900000,
    "operatingExpenses": 283100000,
    "costAndExpenses": 1981200000,
    "interestIncome": 0,
    "interestExpense": 42800000,
    "depreciationAndAmortization": -7900000,
    "ebitda": 214800000,
    "ebitdaratio": 0.0974635873,
    "operatingIncome": 222700000,
    "operatingIncomeRatio": 0.1010481419,
    "totalOtherIncomeExpensesNet": -42800000,
    "incomeBeforeTax": 179900000,
    "incomeBeforeTaxRatio": 0.0816280231,
    "incomeTaxExpense": 65000000,
    "netIncome": 114900000,
    "netIncomeRatio": 0.0521348519,
    "eps": 0.19,
    "epsdiluted": 0.19,
    "weightedAverageShsOut": 593071875,
    "weightedAverageShsOutDil": 597183962,
    "link": "https://www.sec.gov/Archives/edgar/data/75362/000104746999011075/0001047469-99-011075-index.html",
    "finalLink": "https://www.sec.gov/Archives/edgar/data/75362/"
  },
  {
    "date": "1998-09-30",
    "symbol": "PCAR",
    "reportedCurrency": "USD",
    "cik": "0000075362",
    "fillingDate": "1998-11-10",
    "acceptedDate": "1998-11-10 00:00:00",
    "calendarYear": "1998",
    "period": "Q3",
    "revenue": 1938700000,
    "costOfRevenue": 1571600000,
    "grossProfit": 367100000,
    "grossProfitRatio": 0.1893536906,
    "researchAndDevelopmentExpenses": 0,
    "generalAndAdministrativeExpenses": 174900000,
    "sellingAndMarketingExpenses": 0,
    "sellingGeneralAndAdministrativeExpenses": 174900000,
    "otherExpenses": 0,
    "operatingExpenses": 174900000,
    "costAndExpenses": 1746500000,
    "interestIncome": 0,
    "interestExpense": 40300000,
    "depreciationAndAmortization": -9600000,
    "ebitda": 182600000,
    "ebitdaratio": 0.0941868262,
    "operatingIncome": 192200000,
    "operatingIncomeRatio": 0.099138598,
    "totalOtherIncomeExpensesNet": -38700000,
    "incomeBeforeTax": 151900000,
    "incomeBeforeTaxRatio": 0.0783514726,
    "incomeTaxExpense": 55300000,
    "netIncome": 96600000,
    "netIncomeRatio": 0.0498272038,
    "eps": 0.16,
    "epsdiluted": 0.16,
    "weightedAverageShsOut": 590394778,
    "weightedAverageShsOutDil": 595196530,
    "link": "https://www.sec.gov/Archives/edgar/data/75362/000104746998039774/0001047469-98-039774-index.html",
    "finalLink": "https://www.sec.gov/Archives/edgar/data/75362/"
  },
  {
    "date": "1998-06-30",
    "symbol": "PCAR",
    "reportedCurrency": "USD",
    "cik": "0000075362",
    "fillingDate": "1998-08-13",
    "acceptedDate": "1998-08-13 00:00:00",
    "calendarYear": "1998",
    "period": "Q2",
    "revenue": 1923700000,
    "costOfRevenue": 1559000000,
    "grossProfit": 364700000,
    "grossProfitRatio": 0.1895825752,
    "researchAndDevelopmentExpenses": 0,
    "generalAndAdministrativeExpenses": 165100000,
    "sellingAndMarketingExpenses": 0,
    "sellingGeneralAndAdministrativeExpenses": 165100000,
    "otherExpenses": 0,
    "operatingExpenses": 165100000,
    "costAndExpenses": 1724100000,
    "interestIncome": 0,
    "interestExpense": 35400000,
    "depreciationAndAmortization": -11500000,
    "ebitda": 188100000,
    "ebitdaratio": 0.0977803192,
    "operatingIncome": 199600000,
    "operatingIncomeRatio": 0.1037583823,
    "totalOtherIncomeExpensesNet": -37000000,
    "incomeBeforeTax": 164200000,
    "incomeBeforeTaxRatio": 0.0853563445,
    "incomeTaxExpense": 59300000,
    "netIncome": 104900000,
    "netIncomeRatio": 0.0545303322,
    "eps": 0.18,
    "epsdiluted": 0.18,
    "weightedAverageShsOut": 593278813,
    "weightedAverageShsOutDil": 597738963,
    "link": "https://www.sec.gov/Archives/edgar/data/75362/000104746998030855/0001047469-98-030855-index.html",
    "finalLink": "https://www.sec.gov/Archives/edgar/data/75362/"
  },
  {
    "date": "1998-03-31",
    "symbol": "PCAR",
    "reportedCurrency": "USD",
    "cik": "0000075362",
    "fillingDate": "1998-05-08",
    "acceptedDate": "1998-05-08 00:00:00",
    "calendarYear": "1998",
    "period": "Q1",
    "revenue": 1819500000,
    "costOfRevenue": 1478400000,
    "grossProfit": 341100000,
    "grossProfitRatio": 0.1874690849,
    "researchAndDevelopmentExpenses": 0,
    "generalAndAdministrativeExpenses": 157100000,
    "sellingAndMarketingExpenses": 0,
    "sellingGeneralAndAdministrativeExpenses": 157100000,
    "otherExpenses": 0,
    "operatingExpenses": 157100000,
    "costAndExpenses": 1635500000,
    "interestIncome": 0,
    "interestExpense": 26900000,
    "depreciationAndAmortization": -17500000,
    "ebitda": 166500000,
    "ebitdaratio": 0.0915086562,
    "operatingIncome": 184000000,
    "operatingIncomeRatio": 0.1011266832,
    "totalOtherIncomeExpensesNet": -31300000,
    "incomeBeforeTax": 157100000,
    "incomeBeforeTaxRatio": 0.0863424018,
    "incomeTaxExpense": 56700000,
    "netIncome": 100400000,
    "netIncomeRatio": 0.0551799945,
    "eps": 0.17,
    "epsdiluted": 0.17,
    "weightedAverageShsOut": 589836483,
    "weightedAverageShsOutDil": 594446308,
    "link": "https://www.sec.gov/Archives/edgar/data/75362/000104746998018851/0001047469-98-018851-index.html",
    "finalLink": "https://www.sec.gov/Archives/edgar/data/75362/"
  },
  {
    "date": "1997-12-31",
    "symbol": "PCAR",
    "reportedCurrency": "USD",
    "cik": "0000075362",
    "fillingDate": "1998-03-25",
    "acceptedDate": "1998-03-25 00:00:00",
    "calendarYear": "1997",
    "period": "Q4",
    "revenue": 1873200000,
    "costOfRevenue": 1413500000,
    "grossProfit": 459700000,
    "grossProfitRatio": 0.2454089259,
    "researchAndDevelopmentExpenses": 0,
    "generalAndAdministrativeExpenses": 164700000,
    "sellingAndMarketingExpenses": 0,
    "sellingGeneralAndAdministrativeExpenses": 164700000,
    "otherExpenses": 112000000,
    "operatingExpenses": 276700000,
    "costAndExpenses": 1690200000,
    "interestIncome": 0,
    "interestExpense": 0,
    "depreciationAndAmortization": -68500000,
    "ebitda": 114500000,
    "ebitdaratio": 0.061125347,
    "operatingIncome": 183000000,
    "operatingIncomeRatio": 0.097693786,
    "totalOtherIncomeExpensesNet": 24200000,
    "incomeBeforeTax": 207200000,
    "incomeBeforeTaxRatio": 0.110612855,
    "incomeTaxExpense": 74500000,
    "netIncome": 132700000,
    "netIncomeRatio": 0.070841341,
    "eps": 0.22,
    "epsdiluted": 0.22,
    "weightedAverageShsOut": 590793750,
    "weightedAverageShsOutDil": 593380102,
    "link": "https://www.sec.gov/Archives/edgar/data/75362/000104746998011315/0001047469-98-011315-index.html",
    "finalLink": "https://www.sec.gov/Archives/edgar/data/75362/"
  },
  {
    "date": "1997-09-30",
    "symbol": "PCAR",
    "reportedCurrency": "USD",
    "cik": "0000075362",
    "fillingDate": "1997-11-13",
    "acceptedDate": "1997-11-13 00:00:00",
    "calendarYear": "1997",
    "period": "Q3",
    "revenue": 1709100000,
    "costOfRevenue": 1402100000,
    "grossProfit": 307000000,
    "grossProfitRatio": 0.1796267041,
    "researchAndDevelopmentExpenses": 0,
    "generalAndAdministrativeExpenses": 146500000,
    "sellingAndMarketingExpenses": 0,
    "sellingGeneralAndAdministrativeExpenses": 146500000,
    "otherExpenses": 0,
    "operatingExpenses": 146500000,
    "costAndExpenses": 1548600000,
    "interestIncome": 0,
    "interestExpense": 32500000,
    "depreciationAndAmortization": -10200000,
    "ebitda": 150300000,
    "ebitdaratio": 0.0879410216,
    "operatingIncome": 160500000,
    "operatingIncomeRatio": 0.093909075,
    "totalOtherIncomeExpensesNet": -33900000,
    "incomeBeforeTax": 128000000,
    "incomeBeforeTaxRatio": 0.0748932187,
    "incomeTaxExpense": 45500000,
    "netIncome": 82500000,
    "netIncomeRatio": 0.0482710198,
    "eps": 0.14,
    "epsdiluted": 0.14,
    "weightedAverageShsOut": 589841851,
    "weightedAverageShsOutDil": 595458635,
    "link": "https://www.sec.gov/Archives/edgar/data/75362/000104746997004315/0001047469-97-004315-index.html",
    "finalLink": "https://www.sec.gov/Archives/edgar/data/75362/"
  },
  {
    "date": "1997-06-30",
    "symbol": "PCAR",
    "reportedCurrency": "USD",
    "cik": "0000075362",
    "fillingDate": "1997-08-11",
    "acceptedDate": "1997-08-11 00:00:00",
    "calendarYear": "1997",
    "period": "Q2",
    "revenue": 1658100000,
    "costOfRevenue": 1366700000,
    "grossProfit": 291400000,
    "grossProfitRatio": 0.1757433207,
    "researchAndDevelopmentExpenses": 0,
    "generalAndAdministrativeExpenses": 145100000,
    "sellingAndMarketingExpenses": 0,
    "sellingGeneralAndAdministrativeExpenses": 145100000,
    "otherExpenses": 0,
    "operatingExpenses": 145100000,
    "costAndExpenses": 1511800000,
    "interestIncome": 0,
    "interestExpense": 35500000,
    "depreciationAndAmortization": -6100000,
    "ebitda": 140200000,
    "ebitdaratio": 0.0845546107,
    "operatingIncome": 146300000,
    "operatingIncomeRatio": 0.0882335203,
    "totalOtherIncomeExpensesNet": -35500000,
    "incomeBeforeTax": 110800000,
    "incomeBeforeTaxRatio": 0.0668234726,
    "incomeTaxExpense": 39300000,
    "netIncome": 71500000,
    "netIncomeRatio": 0.0431216453,
    "eps": 0.12,
    "epsdiluted": 0.12,
    "weightedAverageShsOut": 588987984,
    "weightedAverageShsOutDil": 588987984,
    "link": "https://www.sec.gov/Archives/edgar/data/75362/000091205797026975/0000912057-97-026975-index.html",
    "finalLink": "https://www.sec.gov/Archives/edgar/data/75362/"
  },
  {
    "date": "1997-03-31",
    "symbol": "PCAR",
    "reportedCurrency": "USD",
    "cik": "0000075362",
    "fillingDate": "1997-05-14",
    "acceptedDate": "1997-05-14 00:00:00",
    "calendarYear": "1997",
    "period": "Q1",
    "revenue": 1511500000,
    "costOfRevenue": 1255000000,
    "grossProfit": 256500000,
    "grossProfitRatio": 0.1696989745,
    "researchAndDevelopmentExpenses": 0,
    "generalAndAdministrativeExpenses": 138000000,
    "sellingAndMarketingExpenses": 0,
    "sellingGeneralAndAdministrativeExpenses": 138000000,
    "otherExpenses": 0,
    "operatingExpenses": 138000000,
    "costAndExpenses": 1393000000,
    "interestIncome": 0,
    "interestExpense": 29800000,
    "depreciationAndAmortization": -10800000,
    "ebitda": 107700000,
    "ebitdaratio": 0.0712537215,
    "operatingIncome": 118500000,
    "operatingIncomeRatio": 0.0783989414,
    "totalOtherIncomeExpensesNet": -29800000,
    "incomeBeforeTax": 88700000,
    "incomeBeforeTaxRatio": 0.0586834271,
    "incomeTaxExpense": 30800000,
    "netIncome": 57900000,
    "netIncomeRatio": 0.0383063182,
    "eps": 0.0976,
    "epsdiluted": 0.0976,
    "weightedAverageShsOut": 592974431,
    "weightedAverageShsOutDil": 592974431,
    "link": "https://www.sec.gov/Archives/edgar/data/75362/000091205797017632/0000912057-97-017632-index.html",
    "finalLink": "https://www.sec.gov/Archives/edgar/data/75362/"
  },
  {
    "date": "1996-12-31",
    "symbol": "PCAR",
    "reportedCurrency": "USD",
    "cik": "0000075362",
    "fillingDate": "1997-03-27",
    "acceptedDate": "1997-03-27 00:00:00",
    "calendarYear": "1996",
    "period": "Q4",
    "revenue": 1276000000,
    "costOfRevenue": 955400000,
    "grossProfit": 320600000,
    "grossProfitRatio": 0.2512539185,
    "researchAndDevelopmentExpenses": 0,
    "generalAndAdministrativeExpenses": 123400000,
    "sellingAndMarketingExpenses": 0,
    "sellingGeneralAndAdministrativeExpenses": 123400000,
    "otherExpenses": 81100000,
    "operatingExpenses": 204500000,
    "costAndExpenses": 1159900000,
    "interestIncome": 0,
    "interestExpense": 22400000,
    "depreciationAndAmortization": -15100000,
    "ebitda": 101000000,
    "ebitdaratio": 0.079153605,
    "operatingIncome": 116100000,
    "operatingIncomeRatio": 0.0909874608,
    "totalOtherIncomeExpensesNet": -22400000,
    "incomeBeforeTax": 93700000,
    "incomeBeforeTaxRatio": 0.0734326019,
    "incomeTaxExpense": 31200000,
    "netIncome": 62500000,
    "netIncomeRatio": 0.0489811912,
    "eps": 0.11,
    "epsdiluted": 0.11,
    "weightedAverageShsOut": 590793750,
    "weightedAverageShsOutDil": 590793750,
    "link": "https://www.sec.gov/Archives/edgar/data/75362/000091205797010312/0000912057-97-010312-index.html",
    "finalLink": "https://www.sec.gov/Archives/edgar/data/75362/"
  },
  {
    "date": "1996-09-30",
    "symbol": "PCAR",
    "reportedCurrency": "USD",
    "cik": "0000075362",
    "fillingDate": "1996-11-07",
    "acceptedDate": "1996-11-07 00:00:00",
    "calendarYear": "1996",
    "period": "Q3",
    "revenue": 1113600000,
    "costOfRevenue": 908400000,
    "grossProfit": 205200000,
    "grossProfitRatio": 0.1842672414,
    "researchAndDevelopmentExpenses": 0,
    "generalAndAdministrativeExpenses": 96600000,
    "sellingAndMarketingExpenses": 0,
    "sellingGeneralAndAdministrativeExpenses": 96600000,
    "otherExpenses": 0,
    "operatingExpenses": 96600000,
    "costAndExpenses": 1005000000,
    "interestIncome": 0,
    "interestExpense": 27800000,
    "depreciationAndAmortization": -9700000,
    "ebitda": 98900000,
    "ebitdaratio": 0.0888110632,
    "operatingIncome": 108600000,
    "operatingIncomeRatio": 0.0975215517,
    "totalOtherIncomeExpensesNet": -27800000,
    "incomeBeforeTax": 80800000,
    "incomeBeforeTaxRatio": 0.0725574713,
    "incomeTaxExpense": 29700000,
    "netIncome": 51100000,
    "netIncomeRatio": 0.0458872126,
    "eps": 0.0871,
    "epsdiluted": 0.0871,
    "weightedAverageShsOut": 586767306,
    "weightedAverageShsOutDil": 586767306,
    "link": "https://www.sec.gov/Archives/edgar/data/75362/000091205796024991/0000912057-96-024991-index.html",
    "finalLink": "https://www.sec.gov/Archives/edgar/data/75362/"
  },
  {
    "date": "1996-06-30",
    "symbol": "PCAR",
    "reportedCurrency": "USD",
    "cik": "0000075362",
    "fillingDate": "1996-08-07",
    "acceptedDate": "1996-08-07 00:00:00",
    "calendarYear": "1996",
    "period": "Q2",
    "revenue": 1100500000,
    "costOfRevenue": 897400000,
    "grossProfit": 203100000,
    "grossProfitRatio": 0.1845524761,
    "researchAndDevelopmentExpenses": 0,
    "generalAndAdministrativeExpenses": 95200000,
    "sellingAndMarketingExpenses": 0,
    "sellingGeneralAndAdministrativeExpenses": 95200000,
    "otherExpenses": 0,
    "operatingExpenses": 95200000,
    "costAndExpenses": 992600000,
    "interestIncome": 0,
    "interestExpense": 25400000,
    "depreciationAndAmortization": -11900000,
    "ebitda": 96000000,
    "ebitdaratio": 0.0872330759,
    "operatingIncome": 107900000,
    "operatingIncomeRatio": 0.0980463426,
    "totalOtherIncomeExpensesNet": -25400000,
    "incomeBeforeTax": 82500000,
    "incomeBeforeTaxRatio": 0.0749659246,
    "incomeTaxExpense": 30800000,
    "netIncome": 51700000,
    "netIncomeRatio": 0.0469786461,
    "eps": 0.0884,
    "epsdiluted": 0.0884,
    "weightedAverageShsOut": 584793117,
    "weightedAverageShsOutDil": 584793117,
    "link": "https://www.sec.gov/Archives/edgar/data/75362/000091205796016457/0000912057-96-016457-index.html",
    "finalLink": "https://www.sec.gov/Archives/edgar/data/75362/"
  },
  {
    "date": "1996-03-31",
    "symbol": "PCAR",
    "reportedCurrency": "USD",
    "cik": "0000075362",
    "fillingDate": "1996-05-08",
    "acceptedDate": "1996-05-08 00:00:00",
    "calendarYear": "1996",
    "period": "Q1",
    "revenue": 1094600000,
    "costOfRevenue": 895000000,
    "grossProfit": 199600000,
    "grossProfitRatio": 0.1823497168,
    "researchAndDevelopmentExpenses": 0,
    "generalAndAdministrativeExpenses": 112600000,
    "sellingAndMarketingExpenses": 0,
    "sellingGeneralAndAdministrativeExpenses": 112600000,
    "otherExpenses": 0,
    "operatingExpenses": 112600000,
    "costAndExpenses": 1007600000,
    "interestIncome": 0,
    "interestExpense": 31200000,
    "depreciationAndAmortization": -6700000,
    "ebitda": 80300000,
    "ebitdaratio": 0.0733601316,
    "operatingIncome": 87000000,
    "operatingIncomeRatio": 0.079481089,
    "totalOtherIncomeExpensesNet": -31200000,
    "incomeBeforeTax": 55800000,
    "incomeBeforeTaxRatio": 0.050977526,
    "incomeTaxExpense": 20100000,
    "netIncome": 35700000,
    "netIncomeRatio": 0.0326146538,
    "eps": 0.0607,
    "epsdiluted": 0.0607,
    "weightedAverageShsOut": 588164225,
    "weightedAverageShsOutDil": 588164225,
    "link": "https://www.sec.gov/Archives/edgar/data/75362/000091205796008596/0000912057-96-008596-index.html",
    "finalLink": "https://www.sec.gov/Archives/edgar/data/75362/"
  },
  {
    "date": "1995-12-31",
    "symbol": "PCAR",
    "reportedCurrency": "USD",
    "cik": "0000075362",
    "fillingDate": "1996-03-25",
    "acceptedDate": "1996-03-25 00:00:00",
    "calendarYear": "1995",
    "period": "Q4",
    "revenue": 1165800000,
    "costOfRevenue": 867000000,
    "grossProfit": 298800000,
    "grossProfitRatio": 0.2563046835,
    "researchAndDevelopmentExpenses": 0,
    "generalAndAdministrativeExpenses": 101300000,
    "sellingAndMarketingExpenses": 0,
    "sellingGeneralAndAdministrativeExpenses": 101300000,
    "otherExpenses": 72400000,
    "operatingExpenses": 173700000,
    "costAndExpenses": 1040700000,
    "interestIncome": 0,
    "interestExpense": 21200000,
    "depreciationAndAmortization": -17100000,
    "ebitda": 108000000,
    "ebitdaratio": 0.092640247,
    "operatingIncome": 125100000,
    "operatingIncomeRatio": 0.1073082862,
    "totalOtherIncomeExpensesNet": -21200000,
    "incomeBeforeTax": 103900000,
    "incomeBeforeTaxRatio": 0.0891233488,
    "incomeTaxExpense": 38800000,
    "netIncome": 65100000,
    "netIncomeRatio": 0.0558414822,
    "eps": 0.11,
    "epsdiluted": 0.11,
    "weightedAverageShsOut": 590793750,
    "weightedAverageShsOutDil": 590793750,
    "link": "https://www.sec.gov/Archives/edgar/data/75362/000091205796005057/0000912057-96-005057-index.html",
    "finalLink": "https://www.sec.gov/Archives/edgar/data/75362/"
  },
  {
    "date": "1995-09-30",
    "symbol": "PCAR",
    "reportedCurrency": "USD",
    "cik": "0000075362",
    "fillingDate": "1995-11-07",
    "acceptedDate": "1995-11-07 00:00:00",
    "calendarYear": "1995",
    "period": "Q3",
    "revenue": 1212100000,
    "costOfRevenue": 992300000,
    "grossProfit": 219800000,
    "grossProfitRatio": 0.1813381734,
    "researchAndDevelopmentExpenses": 0,
    "generalAndAdministrativeExpenses": 95800000,
    "sellingAndMarketingExpenses": 0,
    "sellingGeneralAndAdministrativeExpenses": 95800000,
    "otherExpenses": 0,
    "operatingExpenses": 95800000,
    "costAndExpenses": 1088100000,
    "interestIncome": 0,
    "interestExpense": 15000000,
    "depreciationAndAmortization": -8300000,
    "ebitda": 115700000,
    "ebitdaratio": 0.0954541704,
    "operatingIncome": 124000000,
    "operatingIncomeRatio": 0.1023017903,
    "totalOtherIncomeExpensesNet": -15000000,
    "incomeBeforeTax": 109000000,
    "incomeBeforeTaxRatio": 0.0899265737,
    "incomeTaxExpense": 40700000,
    "netIncome": 68300000,
    "netIncomeRatio": 0.0563484861,
    "eps": 0.12,
    "epsdiluted": 0.12,
    "weightedAverageShsOut": 588201521,
    "weightedAverageShsOutDil": 588201521,
    "link": "https://www.sec.gov/Archives/edgar/data/75362/000089102095000490/0000891020-95-000490-index.html",
    "finalLink": "https://www.sec.gov/Archives/edgar/data/75362/"
  }
]