[
  {
    "date": "2025-06-30",
    "symbol": "PCG",
    "reportedCurrency": "USD",
    "cik": "0001004980",
    "fillingDate": "2025-07-31",
    "acceptedDate": "2025-07-30 20:18:32",
    "calendarYear": "2025",
    "period": "Q2",
    "revenue": 5898000000,
    "costOfRevenue": 4752000000,
    "grossProfit": 1146000000,
    "grossProfitRatio": 0.1943031536,
    "researchAndDevelopmentExpenses": 0,
    "generalAndAdministrativeExpenses": 0,
    "sellingAndMarketingExpenses": 0,
    "sellingGeneralAndAdministrativeExpenses": 0,
    "otherExpenses": 0,
    "operatingExpenses": 0,
    "costAndExpenses": 4752000000,
    "interestIncome": 181000000,
    "interestExpense": 792000000,
    "depreciationAndAmortization": 1182000000,
    "ebitda": 2543000000,
    "ebitdaratio": 0.4311631061,
    "operatingIncome": 1146000000,
    "operatingIncomeRatio": 0.1943031536,
    "totalOtherIncomeExpensesNet": -577000000,
    "incomeBeforeTax": 569000000,
    "incomeBeforeTaxRatio": 0.0964733808,
    "incomeTaxExpense": 20000000,
    "netIncome": 549000000,
    "netIncomeRatio": 0.0930824008,
    "eps": 0.237,
    "epsdiluted": 0.2365,
    "weightedAverageShsOut": 2198000000,
    "weightedAverageShsOutDil": 2203000000,
    "link": "https://www.sec.gov/Archives/edgar/data/1004980/000100498025000132/0001004980-25-000132-index.htm",
    "finalLink": "https://www.sec.gov/Archives/edgar/data/75488/000100498025000132/pcg-20250630.htm"
  },
  {
    "date": "2025-03-31",
    "symbol": "PCG",
    "reportedCurrency": "USD",
    "cik": "0001004980",
    "fillingDate": "2025-04-24",
    "acceptedDate": "2025-04-23 20:18:52",
    "calendarYear": "2025",
    "period": "Q1",
    "revenue": 5983000000,
    "costOfRevenue": 4714000000,
    "grossProfit": 1269000000,
    "grossProfitRatio": 0.2121009527,
    "researchAndDevelopmentExpenses": 0,
    "generalAndAdministrativeExpenses": 0,
    "sellingAndMarketingExpenses": 0,
    "sellingGeneralAndAdministrativeExpenses": 0,
    "otherExpenses": 0,
    "operatingExpenses": 0,
    "costAndExpenses": 4714000000,
    "interestIncome": 117000000,
    "interestExpense": 734000000,
    "depreciationAndAmortization": 1173000000,
    "ebitda": 2580000000,
    "ebitdaratio": 0.4312217951,
    "operatingIncome": 1269000000,
    "operatingIncomeRatio": 0.2121009527,
    "totalOtherIncomeExpensesNet": -596000000,
    "incomeBeforeTax": 673000000,
    "incomeBeforeTaxRatio": 0.1124853752,
    "incomeTaxExpense": 39000000,
    "netIncome": 634000000,
    "netIncomeRatio": 0.1059669062,
    "eps": 0.28,
    "epsdiluted": 0.28,
    "weightedAverageShsOut": 2195000000,
    "weightedAverageShsOutDil": 2200000000,
    "link": "https://www.sec.gov/Archives/edgar/data/1004980/000100498025000087/0001004980-25-000087-index.htm",
    "finalLink": "https://www.sec.gov/Archives/edgar/data/75488/000100498025000087/pcg-20250331.htm"
  },
  {
    "date": "2024-12-31",
    "symbol": "PCG",
    "reportedCurrency": "USD",
    "cik": "0001004980",
    "fillingDate": "2025-02-13",
    "acceptedDate": "2025-02-12 21:41:44",
    "calendarYear": "2024",
    "period": "Q4",
    "revenue": 6631000000,
    "costOfRevenue": 5587000000,
    "grossProfit": 1044000000,
    "grossProfitRatio": 0.1574423164,
    "researchAndDevelopmentExpenses": 0,
    "generalAndAdministrativeExpenses": 0,
    "sellingAndMarketingExpenses": 0,
    "sellingGeneralAndAdministrativeExpenses": 0,
    "otherExpenses": 0,
    "operatingExpenses": 0,
    "costAndExpenses": 5587000000,
    "interestIncome": 109000000,
    "interestExpense": 729000000,
    "depreciationAndAmortization": 1143000000,
    "ebitda": 2331000000,
    "ebitdaratio": 0.3515306892,
    "operatingIncome": 1044000000,
    "operatingIncomeRatio": 0.1574423164,
    "totalOtherIncomeExpensesNet": -585000000,
    "incomeBeforeTax": 459000000,
    "incomeBeforeTaxRatio": 0.0692203288,
    "incomeTaxExpense": -215000000,
    "netIncome": 674000000,
    "netIncomeRatio": 0.1016437943,
    "eps": 0.3,
    "epsdiluted": 0.3,
    "weightedAverageShsOut": 2141000000,
    "weightedAverageShsOutDil": 2147000000,
    "link": "https://www.sec.gov/Archives/edgar/data/1004980/000100498025000010/0001004980-25-000010-index.htm",
    "finalLink": "https://www.sec.gov/Archives/edgar/data/75488/000100498025000010/pcg-20241231.htm"
  },
  {
    "date": "2024-09-30",
    "symbol": "PCG",
    "reportedCurrency": "USD",
    "cik": "0001004980",
    "fillingDate": "2024-11-07",
    "acceptedDate": "2024-11-06 20:06:53",
    "calendarYear": "2024",
    "period": "Q3",
    "revenue": 5941000000,
    "costOfRevenue": 4805000000,
    "grossProfit": 1136000000,
    "grossProfitRatio": 0.1912136004,
    "researchAndDevelopmentExpenses": 0,
    "generalAndAdministrativeExpenses": 0,
    "sellingAndMarketingExpenses": 0,
    "sellingGeneralAndAdministrativeExpenses": 0,
    "otherExpenses": 0,
    "operatingExpenses": 0,
    "costAndExpenses": 4805000000,
    "interestIncome": 156000000,
    "interestExpense": 795000000,
    "depreciationAndAmortization": 1198000000,
    "ebitda": 2466000000,
    "ebitdaratio": 0.4150816361,
    "operatingIncome": 1136000000,
    "operatingIncomeRatio": 0.1912136004,
    "totalOtherIncomeExpensesNet": -663000000,
    "incomeBeforeTax": 473000000,
    "incomeBeforeTaxRatio": 0.0796162262,
    "incomeTaxExpense": -106000000,
    "netIncome": 579000000,
    "netIncomeRatio": 0.0974583403,
    "eps": 0.27,
    "epsdiluted": 0.27,
    "weightedAverageShsOut": 2137000000,
    "weightedAverageShsOutDil": 2143000000,
    "link": "https://www.sec.gov/Archives/edgar/data/1004980/000100498024000121/0001004980-24-000121-index.htm",
    "finalLink": "https://www.sec.gov/Archives/edgar/data/75488/000100498024000121/pcg-20240930.htm"
  },
  {
    "date": "2024-06-30",
    "symbol": "PCG",
    "reportedCurrency": "USD",
    "cik": "0001004980",
    "fillingDate": "2024-07-25",
    "acceptedDate": "2024-07-24 20:37:55",
    "calendarYear": "2024",
    "period": "Q2",
    "revenue": 5986000000,
    "costOfRevenue": 4855000000,
    "grossProfit": 1131000000,
    "grossProfitRatio": 0.188940862,
    "researchAndDevelopmentExpenses": 0,
    "generalAndAdministrativeExpenses": 0,
    "sellingAndMarketingExpenses": 0,
    "sellingGeneralAndAdministrativeExpenses": 0,
    "otherExpenses": 0,
    "operatingExpenses": 0,
    "costAndExpenses": 4855000000,
    "interestIncome": 202000000,
    "interestExpense": 812000000,
    "depreciationAndAmortization": 1131000000,
    "ebitda": 2549000000,
    "ebitdaratio": 0.4258269295,
    "operatingIncome": 1131000000,
    "operatingIncomeRatio": 0.188940862,
    "totalOtherIncomeExpensesNet": -525000000,
    "incomeBeforeTax": 606000000,
    "incomeBeforeTaxRatio": 0.1012362178,
    "incomeTaxExpense": 82000000,
    "netIncome": 524000000,
    "netIncomeRatio": 0.0875375877,
    "eps": 0.24,
    "epsdiluted": 0.24,
    "weightedAverageShsOut": 2137000000,
    "weightedAverageShsOutDil": 2142000000,
    "link": "https://www.sec.gov/Archives/edgar/data/1004980/000100498024000107/0001004980-24-000107-index.htm",
    "finalLink": "https://www.sec.gov/Archives/edgar/data/75488/000100498024000107/pcg-20240630.htm"
  },
  {
    "date": "2024-03-31",
    "symbol": "PCG",
    "reportedCurrency": "USD",
    "cik": "0001004980",
    "fillingDate": "2024-04-25",
    "acceptedDate": "2024-04-24 20:41:11",
    "calendarYear": "2024",
    "period": "Q1",
    "revenue": 5861000000,
    "costOfRevenue": 4586000000,
    "grossProfit": 1275000000,
    "grossProfitRatio": 0.217539669,
    "researchAndDevelopmentExpenses": 0,
    "generalAndAdministrativeExpenses": 0,
    "sellingAndMarketingExpenses": 0,
    "sellingGeneralAndAdministrativeExpenses": 0,
    "otherExpenses": 0,
    "operatingExpenses": 0,
    "costAndExpenses": 4586000000,
    "interestIncome": 137000000,
    "interestExpense": 715000000,
    "depreciationAndAmortization": 1100000000,
    "ebitda": 2589000000,
    "ebitdaratio": 0.4417334926,
    "operatingIncome": 1275000000,
    "operatingIncomeRatio": 0.217539669,
    "totalOtherIncomeExpensesNet": -501000000,
    "incomeBeforeTax": 774000000,
    "incomeBeforeTaxRatio": 0.1320593755,
    "incomeTaxExpense": 39000000,
    "netIncome": 735000000,
    "netIncomeRatio": 0.125405221,
    "eps": 0.34,
    "epsdiluted": 0.34,
    "weightedAverageShsOut": 2134000000,
    "weightedAverageShsOutDil": 2139000000,
    "link": "https://www.sec.gov/Archives/edgar/data/1004980/000100498024000056/0001004980-24-000056-index.htm",
    "finalLink": "https://www.sec.gov/Archives/edgar/data/75488/000100498024000056/pcg-20240331.htm"
  },
  {
    "date": "2023-12-31",
    "symbol": "PCG",
    "reportedCurrency": "USD",
    "cik": "0001004980",
    "fillingDate": "2024-02-22",
    "acceptedDate": "2024-02-21 21:28:44",
    "calendarYear": "2023",
    "period": "Q4",
    "revenue": 7041000000,
    "costOfRevenue": 5448000000,
    "grossProfit": 1593000000,
    "grossProfitRatio": 0.2262462718,
    "researchAndDevelopmentExpenses": 0,
    "generalAndAdministrativeExpenses": 0,
    "sellingAndMarketingExpenses": 0,
    "sellingGeneralAndAdministrativeExpenses": 0,
    "otherExpenses": 0,
    "operatingExpenses": 0,
    "costAndExpenses": 5448000000,
    "interestIncome": 197000000,
    "interestExpense": 926000000,
    "depreciationAndAmortization": 967000000,
    "ebitda": 2358000000,
    "ebitdaratio": 0.3348956114,
    "operatingIncome": 1593000000,
    "operatingIncomeRatio": 0.2262462718,
    "totalOtherIncomeExpensesNet": -1128000000,
    "incomeBeforeTax": 465000000,
    "incomeBeforeTaxRatio": 0.0660417554,
    "incomeTaxExpense": -458000000,
    "netIncome": 923000000,
    "netIncomeRatio": 0.1310893339,
    "eps": 0.43,
    "epsdiluted": 0.43,
    "weightedAverageShsOut": 2064000000,
    "weightedAverageShsOutDil": 2133597758,
    "link": "https://www.sec.gov/Archives/edgar/data/1004980/000100498024000014/0001004980-24-000014-index.htm",
    "finalLink": "https://www.sec.gov/Archives/edgar/data/75488/000100498024000014/pcg-20231231.htm"
  },
  {
    "date": "2023-09-30",
    "symbol": "PCG",
    "reportedCurrency": "USD",
    "cik": "0001004980",
    "fillingDate": "2023-10-26",
    "acceptedDate": "2023-10-25 20:17:35",
    "calendarYear": "2023",
    "period": "Q3",
    "revenue": 5888000000,
    "costOfRevenue": 5173000000,
    "grossProfit": 715000000,
    "grossProfitRatio": 0.1214334239,
    "researchAndDevelopmentExpenses": 0,
    "generalAndAdministrativeExpenses": 0,
    "sellingAndMarketingExpenses": 0,
    "sellingGeneralAndAdministrativeExpenses": 0,
    "otherExpenses": 0,
    "operatingExpenses": 0,
    "costAndExpenses": 5173000000,
    "interestIncome": 154000000,
    "interestExpense": 682000000,
    "depreciationAndAmortization": 1030000000,
    "ebitda": 1647000000,
    "ebitdaratio": 0.2797214674,
    "operatingIncome": 715000000,
    "operatingIncomeRatio": 0.1214334239,
    "totalOtherIncomeExpensesNet": -780000000,
    "incomeBeforeTax": -65000000,
    "incomeBeforeTaxRatio": -0.0110394022,
    "incomeTaxExpense": -416000000,
    "netIncome": 351000000,
    "netIncomeRatio": 0.0596127717,
    "eps": 0.16,
    "epsdiluted": 0.16,
    "weightedAverageShsOut": 2111000000,
    "weightedAverageShsOutDil": 2140000000,
    "link": "https://www.sec.gov/Archives/edgar/data/1004980/000100498023000149/0001004980-23-000149-index.htm",
    "finalLink": "https://www.sec.gov/Archives/edgar/data/75488/000100498023000149/pcg-20230930.htm"
  },
  {
    "date": "2023-06-30",
    "symbol": "PCG",
    "reportedCurrency": "USD",
    "cik": "0001004980",
    "fillingDate": "2023-07-27",
    "acceptedDate": "2023-07-26 20:34:51",
    "calendarYear": "2023",
    "period": "Q2",
    "revenue": 5290000000,
    "costOfRevenue": 4496000000,
    "grossProfit": 794000000,
    "grossProfitRatio": 0.150094518,
    "researchAndDevelopmentExpenses": 0,
    "generalAndAdministrativeExpenses": 0,
    "sellingAndMarketingExpenses": 0,
    "sellingGeneralAndAdministrativeExpenses": 0,
    "otherExpenses": 0,
    "operatingExpenses": 0,
    "costAndExpenses": 4496000000,
    "interestIncome": 143000000,
    "interestExpense": 640000000,
    "depreciationAndAmortization": 1114000000,
    "ebitda": 1829000000,
    "ebitdaratio": 0.3457466919,
    "operatingIncome": 794000000,
    "operatingIncomeRatio": 0.150094518,
    "totalOtherIncomeExpensesNet": -719000000,
    "incomeBeforeTax": 75000000,
    "incomeBeforeTaxRatio": 0.0141776938,
    "incomeTaxExpense": -335000000,
    "netIncome": 410000000,
    "netIncomeRatio": 0.0775047259,
    "eps": 0.2,
    "epsdiluted": 0.19,
    "weightedAverageShsOut": 2019000000,
    "weightedAverageShsOutDil": 2139000000,
    "link": "https://www.sec.gov/Archives/edgar/data/1004980/000100498023000135/0001004980-23-000135-index.htm",
    "finalLink": "https://www.sec.gov/Archives/edgar/data/75488/000100498023000135/pcg-20230630.htm"
  },
  {
    "date": "2023-03-31",
    "symbol": "PCG",
    "reportedCurrency": "USD",
    "cik": "0001004980",
    "fillingDate": "2023-05-04",
    "acceptedDate": "2023-05-03 20:14:02",
    "calendarYear": "2023",
    "period": "Q1",
    "revenue": 6209000000,
    "costOfRevenue": 5309000000,
    "grossProfit": 900000000,
    "grossProfitRatio": 0.1449508778,
    "researchAndDevelopmentExpenses": 0,
    "generalAndAdministrativeExpenses": 0,
    "sellingAndMarketingExpenses": 0,
    "sellingGeneralAndAdministrativeExpenses": 0,
    "otherExpenses": 0,
    "operatingExpenses": 0,
    "costAndExpenses": 5309000000,
    "interestIncome": 112000000,
    "interestExpense": 602000000,
    "depreciationAndAmortization": 1194000000,
    "ebitda": 2020000000,
    "ebitdaratio": 0.3253341923,
    "operatingIncome": 900000000,
    "operatingIncomeRatio": 0.1449508778,
    "totalOtherIncomeExpensesNet": -676000000,
    "incomeBeforeTax": 224000000,
    "incomeBeforeTaxRatio": 0.0360766629,
    "incomeTaxExpense": -348000000,
    "netIncome": 572000000,
    "netIncomeRatio": 0.0921243356,
    "eps": 0.29,
    "epsdiluted": 0.27,
    "weightedAverageShsOut": 1991000000,
    "weightedAverageShsOutDil": 2132000000,
    "link": "https://www.sec.gov/Archives/edgar/data/1004980/000100498023000089/0001004980-23-000089-index.htm",
    "finalLink": "https://www.sec.gov/Archives/edgar/data/75488/000100498023000089/pcg-20230331.htm"
  },
  {
    "date": "2022-12-31",
    "symbol": "PCG",
    "reportedCurrency": "USD",
    "cik": "0001004980",
    "fillingDate": "2023-02-23",
    "acceptedDate": "2023-02-22 22:00:15",
    "calendarYear": "2022",
    "period": "Q4",
    "revenue": 5370000000,
    "costOfRevenue": 4588000000,
    "grossProfit": 782000000,
    "grossProfitRatio": 0.1456238361,
    "researchAndDevelopmentExpenses": 0,
    "generalAndAdministrativeExpenses": 0,
    "sellingAndMarketingExpenses": 0,
    "sellingGeneralAndAdministrativeExpenses": 0,
    "otherExpenses": 0,
    "operatingExpenses": 0,
    "costAndExpenses": 4588000000,
    "interestIncome": 92000000,
    "interestExpense": 562000000,
    "depreciationAndAmortization": 1065000000,
    "ebitda": 1435000000,
    "ebitdaratio": 0.2672253259,
    "operatingIncome": 782000000,
    "operatingIncomeRatio": 0.1456238361,
    "totalOtherIncomeExpensesNet": -974000000,
    "incomeBeforeTax": -192000000,
    "incomeBeforeTaxRatio": -0.0357541899,
    "incomeTaxExpense": -709000000,
    "netIncome": 517000000,
    "netIncomeRatio": 0.0962756052,
    "eps": 0.26,
    "epsdiluted": 0.24,
    "weightedAverageShsOut": 1987000000,
    "weightedAverageShsOutDil": 2132000000,
    "link": "https://www.sec.gov/Archives/edgar/data/1004980/000100498023000029/0001004980-23-000029-index.htm",
    "finalLink": "https://www.sec.gov/Archives/edgar/data/75488/000100498023000029/pcg-20221231.htm"
  },
  {
    "date": "2022-09-30",
    "symbol": "PCG",
    "reportedCurrency": "USD",
    "cik": "0001004980",
    "fillingDate": "2022-10-27",
    "acceptedDate": "2022-10-27 08:06:17",
    "calendarYear": "2022",
    "period": "Q3",
    "revenue": 5394000000,
    "costOfRevenue": 4659000000,
    "grossProfit": 735000000,
    "grossProfitRatio": 0.1362625139,
    "researchAndDevelopmentExpenses": 0,
    "generalAndAdministrativeExpenses": 0,
    "sellingAndMarketingExpenses": 0,
    "sellingGeneralAndAdministrativeExpenses": 0,
    "otherExpenses": 0,
    "operatingExpenses": 0,
    "costAndExpenses": 4659000000,
    "interestIncome": 43000000,
    "interestExpense": 525000000,
    "depreciationAndAmortization": 1120000000,
    "ebitda": 2007000000,
    "ebitdaratio": 0.372080089,
    "operatingIncome": 735000000,
    "operatingIncomeRatio": 0.1362625139,
    "totalOtherIncomeExpensesNet": -373000000,
    "incomeBeforeTax": 362000000,
    "incomeBeforeTaxRatio": 0.0671116055,
    "incomeTaxExpense": -97000000,
    "netIncome": 459000000,
    "netIncomeRatio": 0.0850945495,
    "eps": 0.23,
    "epsdiluted": 0.21,
    "weightedAverageShsOut": 1987000000,
    "weightedAverageShsOutDil": 2132000000,
    "link": "https://www.sec.gov/Archives/edgar/data/1004980/000100498022000133/0001004980-22-000133-index.htm",
    "finalLink": "https://www.sec.gov/Archives/edgar/data/75488/000100498022000133/pcg-20220930.htm"
  },
  {
    "date": "2022-06-30",
    "symbol": "PCG",
    "reportedCurrency": "USD",
    "cik": "0001004980",
    "fillingDate": "2022-07-28",
    "acceptedDate": "2022-07-28 08:12:35",
    "calendarYear": "2022",
    "period": "Q2",
    "revenue": 5118000000,
    "costOfRevenue": 4488000000,
    "grossProfit": 630000000,
    "grossProfitRatio": 0.123094959,
    "researchAndDevelopmentExpenses": 0,
    "generalAndAdministrativeExpenses": 0,
    "sellingAndMarketingExpenses": 0,
    "sellingGeneralAndAdministrativeExpenses": 0,
    "otherExpenses": 0,
    "operatingExpenses": 0,
    "costAndExpenses": 4488000000,
    "interestIncome": 19000000,
    "interestExpense": 411000000,
    "depreciationAndAmortization": 1058000000,
    "ebitda": 1501000000,
    "ebitdaratio": 0.2932786245,
    "operatingIncome": 630000000,
    "operatingIncomeRatio": 0.123094959,
    "totalOtherIncomeExpensesNet": -598000000,
    "incomeBeforeTax": 32000000,
    "incomeBeforeTaxRatio": 0.0062524424,
    "incomeTaxExpense": -328000000,
    "netIncome": 360000000,
    "netIncomeRatio": 0.0703399766,
    "eps": 0.18,
    "epsdiluted": 0.17,
    "weightedAverageShsOut": 1987000000,
    "weightedAverageShsOutDil": 2141000000,
    "link": "https://www.sec.gov/Archives/edgar/data/1004980/000100498022000112/0001004980-22-000112-index.htm",
    "finalLink": "https://www.sec.gov/Archives/edgar/data/75488/000100498022000112/pcg-20220630.htm"
  },
  {
    "date": "2022-03-31",
    "symbol": "PCG",
    "reportedCurrency": "USD",
    "cik": "0001004980",
    "fillingDate": "2022-04-28",
    "acceptedDate": "2022-04-28 08:12:13",
    "calendarYear": "2022",
    "period": "Q1",
    "revenue": 5798000000,
    "costOfRevenue": 5263000000,
    "grossProfit": 535000000,
    "grossProfitRatio": 0.0922731977,
    "researchAndDevelopmentExpenses": 0,
    "generalAndAdministrativeExpenses": 0,
    "sellingAndMarketingExpenses": 0,
    "sellingGeneralAndAdministrativeExpenses": 0,
    "otherExpenses": 0,
    "operatingExpenses": 0,
    "costAndExpenses": 5263000000,
    "interestIncome": 8000000,
    "interestExpense": 419000000,
    "depreciationAndAmortization": 1090000000,
    "ebitda": 1783000000,
    "ebitdaratio": 0.3075198344,
    "operatingIncome": 535000000,
    "operatingIncomeRatio": 0.0922731977,
    "totalOtherIncomeExpensesNet": -261000000,
    "incomeBeforeTax": 274000000,
    "incomeBeforeTaxRatio": 0.0472576751,
    "incomeTaxExpense": -204000000,
    "netIncome": 478000000,
    "netIncomeRatio": 0.0824422215,
    "eps": 0.24,
    "epsdiluted": 0.22,
    "weightedAverageShsOut": 1986000000,
    "weightedAverageShsOutDil": 2134000000,
    "link": "https://www.sec.gov/Archives/edgar/data/1004980/000100498022000070/0001004980-22-000070-index.htm",
    "finalLink": "https://www.sec.gov/Archives/edgar/data/75488/000100498022000070/pcg-20220331.htm"
  },
  {
    "date": "2021-12-31",
    "symbol": "PCG",
    "reportedCurrency": "USD",
    "cik": "0001004980",
    "fillingDate": "2022-02-10",
    "acceptedDate": "2022-02-10 08:07:20",
    "calendarYear": "2021",
    "period": "Q4",
    "revenue": 5246000000,
    "costOfRevenue": 4608000000,
    "grossProfit": 638000000,
    "grossProfitRatio": 0.1216164697,
    "researchAndDevelopmentExpenses": 0,
    "generalAndAdministrativeExpenses": 0,
    "sellingAndMarketingExpenses": 0,
    "sellingGeneralAndAdministrativeExpenses": 0,
    "otherExpenses": 0,
    "operatingExpenses": 0,
    "costAndExpenses": 4608000000,
    "interestIncome": 3000000,
    "interestExpense": 396000000,
    "depreciationAndAmortization": 981000000,
    "ebitda": 1695000000,
    "ebitdaratio": 0.3231033168,
    "operatingIncome": 638000000,
    "operatingIncomeRatio": 0.1216164697,
    "totalOtherIncomeExpensesNet": -320000000,
    "incomeBeforeTax": 318000000,
    "incomeBeforeTaxRatio": 0.0606176134,
    "incomeTaxExpense": -158000000,
    "netIncome": 476000000,
    "netIncomeRatio": 0.0907357987,
    "eps": 0.24,
    "epsdiluted": 0.24,
    "weightedAverageShsOut": 1985000000,
    "weightedAverageShsOutDil": 1985000000,
    "link": "https://www.sec.gov/Archives/edgar/data/1004980/000100498022000009/0001004980-22-000009-index.htm",
    "finalLink": "https://www.sec.gov/Archives/edgar/data/75488/000100498022000009/pcg-20211231.htm"
  },
  {
    "date": "2021-09-30",
    "symbol": "PCG",
    "reportedCurrency": "USD",
    "cik": "0001004980",
    "fillingDate": "2021-11-01",
    "acceptedDate": "2021-11-01 08:20:17",
    "calendarYear": "2021",
    "period": "Q3",
    "revenue": 5465000000,
    "costOfRevenue": 5067000000,
    "grossProfit": 398000000,
    "grossProfitRatio": 0.0728270814,
    "researchAndDevelopmentExpenses": 0,
    "generalAndAdministrativeExpenses": 0,
    "sellingAndMarketingExpenses": 0,
    "sellingGeneralAndAdministrativeExpenses": 0,
    "otherExpenses": 0,
    "operatingExpenses": 0,
    "costAndExpenses": 5067000000,
    "interestIncome": 0,
    "interestExpense": 399000000,
    "depreciationAndAmortization": 963000000,
    "ebitda": 1399000000,
    "ebitdaratio": 0.2559926807,
    "operatingIncome": 398000000,
    "operatingIncomeRatio": 0.0728270814,
    "totalOtherIncomeExpensesNet": -361000000,
    "incomeBeforeTax": 37000000,
    "incomeBeforeTaxRatio": 0.0067703568,
    "incomeTaxExpense": 1125000000,
    "netIncome": -1088000000,
    "netIncomeRatio": -0.1990850869,
    "eps": -0.55,
    "epsdiluted": -0.55,
    "weightedAverageShsOut": 1985000000,
    "weightedAverageShsOutDil": 1985000000,
    "link": "https://www.sec.gov/Archives/edgar/data/1004980/000100498021000039/0001004980-21-000039-index.htm",
    "finalLink": "https://www.sec.gov/Archives/edgar/data/75488/000100498021000039/pcg-20210930.htm"
  },
  {
    "date": "2021-06-30",
    "symbol": "PCG",
    "reportedCurrency": "USD",
    "cik": "0001004980",
    "fillingDate": "2021-07-29",
    "acceptedDate": "2021-07-29 09:17:53",
    "calendarYear": "2021",
    "period": "Q2",
    "revenue": 5215000000,
    "costOfRevenue": 4586000000,
    "grossProfit": 629000000,
    "grossProfitRatio": 0.1206136146,
    "researchAndDevelopmentExpenses": 0,
    "generalAndAdministrativeExpenses": 0,
    "sellingAndMarketingExpenses": 0,
    "sellingGeneralAndAdministrativeExpenses": 0,
    "otherExpenses": 0,
    "operatingExpenses": 0,
    "costAndExpenses": 4586000000,
    "interestIncome": 15000000,
    "interestExpense": 398000000,
    "depreciationAndAmortization": 969000000,
    "ebitda": 1735000000,
    "ebitdaratio": 0.3326941515,
    "operatingIncome": 629000000,
    "operatingIncomeRatio": 0.1206136146,
    "totalOtherIncomeExpensesNet": -261000000,
    "incomeBeforeTax": 368000000,
    "incomeBeforeTaxRatio": 0.0705656759,
    "incomeTaxExpense": -33000000,
    "netIncome": 401000000,
    "netIncomeRatio": 0.0768935762,
    "eps": 0.2,
    "epsdiluted": 0.18,
    "weightedAverageShsOut": 1985000000,
    "weightedAverageShsOutDil": 2146000000,
    "link": "https://www.sec.gov/Archives/edgar/data/1004980/000100498021000031/0001004980-21-000031-index.htm",
    "finalLink": "https://www.sec.gov/Archives/edgar/data/75488/000100498021000031/pcg-20210630.htm"
  },
  {
    "date": "2021-03-31",
    "symbol": "PCG",
    "reportedCurrency": "USD",
    "cik": "0001004980",
    "fillingDate": "2021-04-29",
    "acceptedDate": "2021-04-29 08:52:12",
    "calendarYear": "2021",
    "period": "Q1",
    "revenue": 4716000000,
    "costOfRevenue": 4240000000,
    "grossProfit": 476000000,
    "grossProfitRatio": 0.1009329941,
    "researchAndDevelopmentExpenses": 0,
    "generalAndAdministrativeExpenses": 0,
    "sellingAndMarketingExpenses": 0,
    "sellingGeneralAndAdministrativeExpenses": 0,
    "otherExpenses": 0,
    "operatingExpenses": 0,
    "costAndExpenses": 4240000000,
    "interestIncome": 2000000,
    "interestExpense": 408000000,
    "depreciationAndAmortization": 1007000000,
    "ebitda": 1440000000,
    "ebitdaratio": 0.3053435115,
    "operatingIncome": 476000000,
    "operatingIncomeRatio": 0.1009329941,
    "totalOtherIncomeExpensesNet": -451000000,
    "incomeBeforeTax": 25000000,
    "incomeBeforeTaxRatio": 0.0053011026,
    "incomeTaxExpense": -98000000,
    "netIncome": 123000000,
    "netIncomeRatio": 0.0260814249,
    "eps": 0.06,
    "epsdiluted": 0.0563,
    "weightedAverageShsOut": 1985000000,
    "weightedAverageShsOutDil": 2131000000,
    "link": "https://www.sec.gov/Archives/edgar/data/1004980/000100498021000013/0001004980-21-000013-index.htm",
    "finalLink": "https://www.sec.gov/Archives/edgar/data/75488/000100498021000013/pcg-20210331.htm"
  },
  {
    "date": "2020-12-31",
    "symbol": "PCG",
    "reportedCurrency": "USD",
    "cik": "0001004980",
    "fillingDate": "2021-02-25",
    "acceptedDate": "2021-02-25 08:28:21",
    "calendarYear": "2020",
    "period": "Q4",
    "revenue": 4748000000,
    "costOfRevenue": 4272000000,
    "grossProfit": 476000000,
    "grossProfitRatio": 0.100252738,
    "researchAndDevelopmentExpenses": 0,
    "generalAndAdministrativeExpenses": 0,
    "sellingAndMarketingExpenses": 0,
    "sellingGeneralAndAdministrativeExpenses": 0,
    "otherExpenses": 0,
    "operatingExpenses": 0,
    "costAndExpenses": 4272000000,
    "interestIncome": 6000000,
    "interestExpense": 416000000,
    "depreciationAndAmortization": 1014000000,
    "ebitda": 1602000000,
    "ebitdaratio": 0.3374052233,
    "operatingIncome": 476000000,
    "operatingIncomeRatio": 0.100252738,
    "totalOtherIncomeExpensesNet": -304000000,
    "incomeBeforeTax": 172000000,
    "incomeBeforeTaxRatio": 0.0362257793,
    "incomeTaxExpense": -32000000,
    "netIncome": 204000000,
    "netIncomeRatio": 0.0429654591,
    "eps": 0.12,
    "epsdiluted": 0.12,
    "weightedAverageShsOut": 1621000000,
    "weightedAverageShsOutDil": 1694000000,
    "link": "https://www.sec.gov/Archives/edgar/data/1004980/000100498021000007/0001004980-21-000007-index.htm",
    "finalLink": "https://www.sec.gov/Archives/edgar/data/75488/000100498021000007/pcg-20201231.htm"
  },
  {
    "date": "2020-09-30",
    "symbol": "PCG",
    "reportedCurrency": "USD",
    "cik": "0001004980",
    "fillingDate": "2020-10-29",
    "acceptedDate": "2020-10-29 08:47:30",
    "calendarYear": "2020",
    "period": "Q3",
    "revenue": 4882000000,
    "costOfRevenue": 4459000000,
    "grossProfit": 423000000,
    "grossProfitRatio": 0.0866448177,
    "researchAndDevelopmentExpenses": 0,
    "generalAndAdministrativeExpenses": 0,
    "sellingAndMarketingExpenses": 0,
    "sellingGeneralAndAdministrativeExpenses": 0,
    "otherExpenses": 0,
    "operatingExpenses": 0,
    "costAndExpenses": 4459000000,
    "interestIncome": 5000000,
    "interestExpense": 391000000,
    "depreciationAndAmortization": 965000000,
    "ebitda": 1333000000,
    "ebitdaratio": 0.2730438345,
    "operatingIncome": 423000000,
    "operatingIncomeRatio": 0.0866448177,
    "totalOtherIncomeExpensesNet": -446000000,
    "incomeBeforeTax": -23000000,
    "incomeBeforeTaxRatio": -0.0047111839,
    "incomeTaxExpense": -109000000,
    "netIncome": 86000000,
    "netIncomeRatio": 0.0176157313,
    "eps": 0.042,
    "epsdiluted": 0.04,
    "weightedAverageShsOut": 1967000000,
    "weightedAverageShsOutDil": 2140000000,
    "link": "https://www.sec.gov/Archives/edgar/data/1004980/000100498020000058/0001004980-20-000058-index.htm",
    "finalLink": "https://www.sec.gov/Archives/edgar/data/75488/000100498020000058/pcg-20200930.htm"
  },
  {
    "date": "2020-06-30",
    "symbol": "PCG",
    "reportedCurrency": "USD",
    "cik": "0001004980",
    "fillingDate": "2020-07-30",
    "acceptedDate": "2020-07-30 08:54:20",
    "calendarYear": "2020",
    "period": "Q2",
    "revenue": 4533000000,
    "costOfRevenue": 4057000000,
    "grossProfit": 476000000,
    "grossProfitRatio": 0.1050077212,
    "researchAndDevelopmentExpenses": 0,
    "generalAndAdministrativeExpenses": 0,
    "sellingAndMarketingExpenses": 0,
    "sellingGeneralAndAdministrativeExpenses": 0,
    "otherExpenses": 0,
    "operatingExpenses": 0,
    "costAndExpenses": 4057000000,
    "interestIncome": 12000000,
    "interestExpense": 199000000,
    "depreciationAndAmortization": 1047000000,
    "ebitda": -183000000,
    "ebitdaratio": -0.0403706155,
    "operatingIncome": 476000000,
    "operatingIncomeRatio": 0.1050077212,
    "totalOtherIncomeExpensesNet": -1905000000,
    "incomeBeforeTax": -1429000000,
    "incomeBeforeTaxRatio": -0.3152437679,
    "incomeTaxExpense": 539000000,
    "netIncome": -1968000000,
    "netIncomeRatio": -0.4341495698,
    "eps": -3.73,
    "epsdiluted": -3.73,
    "weightedAverageShsOut": 529000000,
    "weightedAverageShsOutDil": 529000000,
    "link": "https://www.sec.gov/Archives/edgar/data/1004980/000100498020000048/0001004980-20-000048-index.htm",
    "finalLink": "https://www.sec.gov/Archives/edgar/data/75488/000100498020000048/pcg-20200630.htm"
  },
  {
    "date": "2020-03-31",
    "symbol": "PCG",
    "reportedCurrency": "USD",
    "cik": "0001004980",
    "fillingDate": "2020-05-01",
    "acceptedDate": "2020-05-01 08:45:21",
    "calendarYear": "2020",
    "period": "Q1",
    "revenue": 4306000000,
    "costOfRevenue": 3617000000,
    "grossProfit": 689000000,
    "grossProfitRatio": 0.1600092894,
    "researchAndDevelopmentExpenses": 0,
    "generalAndAdministrativeExpenses": 0,
    "sellingAndMarketingExpenses": 0,
    "sellingGeneralAndAdministrativeExpenses": 0,
    "otherExpenses": 0,
    "operatingExpenses": 0,
    "costAndExpenses": 3617000000,
    "interestIncome": 16000000,
    "interestExpense": 254000000,
    "depreciationAndAmortization": 855000000,
    "ebitda": 1447000000,
    "ebitdaratio": 0.3360427311,
    "operatingIncome": 689000000,
    "operatingIncomeRatio": 0.1600092894,
    "totalOtherIncomeExpensesNet": -351000000,
    "incomeBeforeTax": 338000000,
    "incomeBeforeTaxRatio": 0.0784951231,
    "incomeTaxExpense": -36000000,
    "netIncome": 374000000,
    "netIncomeRatio": 0.0868555504,
    "eps": 0.7,
    "epsdiluted": 0.57,
    "weightedAverageShsOut": 529000000,
    "weightedAverageShsOutDil": 648000000,
    "link": "https://www.sec.gov/Archives/edgar/data/1004980/000100498020000026/0001004980-20-000026-index.htm",
    "finalLink": "https://www.sec.gov/Archives/edgar/data/75488/000100498020000026/pcg-20200331.htm"
  },
  {
    "date": "2019-12-31",
    "symbol": "PCG",
    "reportedCurrency": "USD",
    "cik": "0001004980",
    "fillingDate": "2020-02-18",
    "acceptedDate": "2020-02-18 08:46:35",
    "calendarYear": "2019",
    "period": "Q4",
    "revenue": 4743000000,
    "costOfRevenue": 4058000000,
    "grossProfit": 685000000,
    "grossProfitRatio": 0.1444233607,
    "researchAndDevelopmentExpenses": 0,
    "generalAndAdministrativeExpenses": 0,
    "sellingAndMarketingExpenses": 0,
    "sellingGeneralAndAdministrativeExpenses": 0,
    "otherExpenses": 0,
    "operatingExpenses": 0,
    "costAndExpenses": 4058000000,
    "interestIncome": 20000000,
    "interestExpense": 719000000,
    "depreciationAndAmortization": 801000000,
    "ebitda": -3561000000,
    "ebitdaratio": -0.7507906388,
    "operatingIncome": 685000000,
    "operatingIncomeRatio": 0.1444233607,
    "totalOtherIncomeExpensesNet": -5766000000,
    "incomeBeforeTax": -5081000000,
    "incomeBeforeTaxRatio": -1.0712629138,
    "incomeTaxExpense": -1468000000,
    "netIncome": -3613000000,
    "netIncomeRatio": -0.761754164,
    "eps": -6.84,
    "epsdiluted": -6.83,
    "weightedAverageShsOut": 528000000,
    "weightedAverageShsOutDil": 528000000,
    "link": "https://www.sec.gov/Archives/edgar/data/1004980/000100498020000009/0001004980-20-000009-index.htm",
    "finalLink": "https://www.sec.gov/Archives/edgar/data/75488/000100498020000009/pcg-20191231.htm"
  },
  {
    "date": "2019-09-30",
    "symbol": "PCG",
    "reportedCurrency": "USD",
    "cik": "0001004980",
    "fillingDate": "2019-11-07",
    "acceptedDate": "2019-11-07 08:51:43",
    "calendarYear": "2019",
    "period": "Q3",
    "revenue": 4432000000,
    "costOfRevenue": 4146000000,
    "grossProfit": 286000000,
    "grossProfitRatio": 0.0645306859,
    "researchAndDevelopmentExpenses": 0,
    "generalAndAdministrativeExpenses": 0,
    "sellingAndMarketingExpenses": 0,
    "sellingGeneralAndAdministrativeExpenses": 0,
    "otherExpenses": 0,
    "operatingExpenses": 0,
    "costAndExpenses": 4146000000,
    "interestIncome": 18000000,
    "interestExpense": 52000000,
    "depreciationAndAmortization": 840000000,
    "ebitda": -1453000000,
    "ebitdaratio": -0.3278429603,
    "operatingIncome": 286000000,
    "operatingIncomeRatio": 0.0645306859,
    "totalOtherIncomeExpensesNet": -2631000000,
    "incomeBeforeTax": -2345000000,
    "incomeBeforeTaxRatio": -0.5291064982,
    "incomeTaxExpense": -729000000,
    "netIncome": -1616000000,
    "netIncomeRatio": -0.3646209386,
    "eps": -3.06,
    "epsdiluted": -3.06,
    "weightedAverageShsOut": 529000000,
    "weightedAverageShsOutDil": 529000000,
    "link": "https://www.sec.gov/Archives/edgar/data/1004980/000100498019000046/0001004980-19-000046-index.htm",
    "finalLink": "https://www.sec.gov/Archives/edgar/data/75488/000100498019000046/pcg-20190930.htm"
  },
  {
    "date": "2019-06-30",
    "symbol": "PCG",
    "reportedCurrency": "USD",
    "cik": "0001004980",
    "fillingDate": "2019-08-09",
    "acceptedDate": "2019-08-09 16:52:23",
    "calendarYear": "2019",
    "period": "Q2",
    "revenue": 3943000000,
    "costOfRevenue": 3657000000,
    "grossProfit": 286000000,
    "grossProfitRatio": 0.0725336039,
    "researchAndDevelopmentExpenses": 0,
    "generalAndAdministrativeExpenses": 3900000000,
    "sellingAndMarketingExpenses": 0,
    "sellingGeneralAndAdministrativeExpenses": 0,
    "otherExpenses": 0,
    "operatingExpenses": 0,
    "costAndExpenses": 3657000000,
    "interestIncome": 22000000,
    "interestExpense": 60000000,
    "depreciationAndAmortization": 796000000,
    "ebitda": -2812000000,
    "ebitdaratio": -0.7131625666,
    "operatingIncome": 286000000,
    "operatingIncomeRatio": 0.0725336039,
    "totalOtherIncomeExpensesNet": -3954000000,
    "incomeBeforeTax": -3668000000,
    "incomeBeforeTaxRatio": -0.9302561501,
    "incomeTaxExpense": -1119000000,
    "netIncome": -2549000000,
    "netIncomeRatio": -0.6464620847,
    "eps": -4.83,
    "epsdiluted": -4.83,
    "weightedAverageShsOut": 529000000,
    "weightedAverageShsOutDil": 529000000,
    "link": "https://www.sec.gov/Archives/edgar/data/1004980/000100498019000028/0001004980-19-000028-index.htm",
    "finalLink": "https://www.sec.gov/Archives/edgar/data/75488/000100498019000028/pge-063019x10q.htm"
  },
  {
    "date": "2019-03-31",
    "symbol": "PCG",
    "reportedCurrency": "USD",
    "cik": "0001004980",
    "fillingDate": "2019-05-02",
    "acceptedDate": "2019-05-02 17:14:29",
    "calendarYear": "2019",
    "period": "Q1",
    "revenue": 4011000000,
    "costOfRevenue": 3775000000,
    "grossProfit": 236000000,
    "grossProfitRatio": 0.058838195,
    "researchAndDevelopmentExpenses": 0,
    "generalAndAdministrativeExpenses": 0,
    "sellingAndMarketingExpenses": 0,
    "sellingGeneralAndAdministrativeExpenses": 0,
    "otherExpenses": 0,
    "operatingExpenses": 0,
    "costAndExpenses": 3775000000,
    "interestIncome": 22000000,
    "interestExpense": 103000000,
    "depreciationAndAmortization": 797000000,
    "ebitda": 952000000,
    "ebitdaratio": 0.2373472949,
    "operatingIncome": 236000000,
    "operatingIncomeRatio": 0.058838195,
    "totalOtherIncomeExpensesNet": -184000000,
    "incomeBeforeTax": 52000000,
    "incomeBeforeTaxRatio": 0.012964348,
    "incomeTaxExpense": -84000000,
    "netIncome": 136000000,
    "netIncomeRatio": 0.0339067564,
    "eps": 0.25,
    "epsdiluted": 0.25,
    "weightedAverageShsOut": 526000000,
    "weightedAverageShsOutDil": 527000000,
    "link": "https://www.sec.gov/Archives/edgar/data/1004980/000100498019000008/0001004980-19-000008-index.htm",
    "finalLink": "https://www.sec.gov/Archives/edgar/data/75488/000100498019000008/pge-033119x10q.htm"
  },
  {
    "date": "2018-12-31",
    "symbol": "PCG",
    "reportedCurrency": "USD",
    "cik": "0001004980",
    "fillingDate": "2019-04-30",
    "acceptedDate": "2019-04-30 16:31:17",
    "calendarYear": "2018",
    "period": "Q4",
    "revenue": 4088000000,
    "costOfRevenue": 3830000000,
    "grossProfit": 258000000,
    "grossProfitRatio": 0.063111546,
    "researchAndDevelopmentExpenses": 0,
    "generalAndAdministrativeExpenses": 0,
    "sellingAndMarketingExpenses": 0,
    "sellingGeneralAndAdministrativeExpenses": 0,
    "otherExpenses": 0,
    "operatingExpenses": 0,
    "costAndExpenses": 3830000000,
    "interestIncome": 41000000,
    "interestExpense": 251000000,
    "depreciationAndAmortization": 779000000,
    "ebitda": -8604000000,
    "ebitdaratio": -2.1046966732,
    "operatingIncome": 258000000,
    "operatingIncomeRatio": 0.063111546,
    "totalOtherIncomeExpensesNet": -9892000000,
    "incomeBeforeTax": -9634000000,
    "incomeBeforeTaxRatio": -2.3566536204,
    "incomeTaxExpense": -2765000000,
    "netIncome": -6869000000,
    "netIncomeRatio": -1.6802837573,
    "eps": -13.21,
    "epsdiluted": -13.06,
    "weightedAverageShsOut": 517000000,
    "weightedAverageShsOutDil": 517000000,
    "link": "https://www.sec.gov/Archives/edgar/data/1004980/000095015719000501/0000950157-19-000501-index.htm",
    "finalLink": "https://www.sec.gov/Archives/edgar/data/75488/000095015719000501/form10ka.htm"
  },
  {
    "date": "2018-09-30",
    "symbol": "PCG",
    "reportedCurrency": "USD",
    "cik": "0001004980",
    "fillingDate": "2018-11-05",
    "acceptedDate": "2018-11-05 16:06:20",
    "calendarYear": "2018",
    "period": "Q3",
    "revenue": 4381000000,
    "costOfRevenue": 3642000000,
    "grossProfit": 739000000,
    "grossProfitRatio": 0.1686829491,
    "researchAndDevelopmentExpenses": 0,
    "generalAndAdministrativeExpenses": 0,
    "sellingAndMarketingExpenses": 0,
    "sellingGeneralAndAdministrativeExpenses": 0,
    "otherExpenses": 0,
    "operatingExpenses": 0,
    "costAndExpenses": 3642000000,
    "interestIncome": 14000000,
    "interestExpense": 232000000,
    "depreciationAndAmortization": 759000000,
    "ebitda": 1573000000,
    "ebitdaratio": 0.3590504451,
    "operatingIncome": 739000000,
    "operatingIncomeRatio": 0.1686829491,
    "totalOtherIncomeExpensesNet": -157000000,
    "incomeBeforeTax": 582000000,
    "incomeBeforeTaxRatio": 0.1328463821,
    "incomeTaxExpense": 15000000,
    "netIncome": 567000000,
    "netIncomeRatio": 0.1294225063,
    "eps": 1.09,
    "epsdiluted": 1.09,
    "weightedAverageShsOut": 517000000,
    "weightedAverageShsOutDil": 517000000,
    "link": "https://www.sec.gov/Archives/edgar/data/1004980/000100498018000015/0001004980-18-000015-index.htm",
    "finalLink": "https://www.sec.gov/Archives/edgar/data/75488/000100498018000015/pge-093018x10q.htm"
  },
  {
    "date": "2018-06-30",
    "symbol": "PCG",
    "reportedCurrency": "USD",
    "cik": "0001004980",
    "fillingDate": "2018-07-26",
    "acceptedDate": "2018-07-26 14:49:14",
    "calendarYear": "2018",
    "period": "Q2",
    "revenue": 4234000000,
    "costOfRevenue": 3478000000,
    "grossProfit": 756000000,
    "grossProfitRatio": 0.1785545583,
    "researchAndDevelopmentExpenses": 0,
    "generalAndAdministrativeExpenses": 0,
    "sellingAndMarketingExpenses": 0,
    "sellingGeneralAndAdministrativeExpenses": 0,
    "otherExpenses": 0,
    "operatingExpenses": 0,
    "costAndExpenses": 3478000000,
    "interestIncome": 12000000,
    "interestExpense": 226000000,
    "depreciationAndAmortization": 746000000,
    "ebitda": -601000000,
    "ebitdaratio": -0.1419461502,
    "operatingIncome": 756000000,
    "operatingIncomeRatio": 0.1785545583,
    "totalOtherIncomeExpensesNet": -2329000000,
    "incomeBeforeTax": -1573000000,
    "incomeBeforeTaxRatio": -0.3715162966,
    "incomeTaxExpense": -593000000,
    "netIncome": -980000000,
    "netIncomeRatio": -0.2314596127,
    "eps": -1.91,
    "epsdiluted": -1.91,
    "weightedAverageShsOut": 516000000,
    "weightedAverageShsOutDil": 516000000,
    "link": "https://www.sec.gov/Archives/edgar/data/1004980/000100498018000012/0001004980-18-000012-index.htm",
    "finalLink": "https://www.sec.gov/Archives/edgar/data/75488/000100498018000012/pge-063018x10q.htm"
  },
  {
    "date": "2018-03-31",
    "symbol": "PCG",
    "reportedCurrency": "USD",
    "cik": "0001004980",
    "fillingDate": "2018-05-03",
    "acceptedDate": "2018-05-03 14:50:54",
    "calendarYear": "2018",
    "period": "Q1",
    "revenue": 4056000000,
    "costOfRevenue": 3412000000,
    "grossProfit": 644000000,
    "grossProfitRatio": 0.1587771203,
    "researchAndDevelopmentExpenses": 0,
    "generalAndAdministrativeExpenses": 0,
    "sellingAndMarketingExpenses": 0,
    "sellingGeneralAndAdministrativeExpenses": 0,
    "otherExpenses": 0,
    "operatingExpenses": 0,
    "costAndExpenses": 3412000000,
    "interestIncome": 9000000,
    "interestExpense": 220000000,
    "depreciationAndAmortization": 752000000,
    "ebitda": 1468000000,
    "ebitdaratio": 0.3619329389,
    "operatingIncome": 644000000,
    "operatingIncomeRatio": 0.1587771203,
    "totalOtherIncomeExpensesNet": -148000000,
    "incomeBeforeTax": 496000000,
    "incomeBeforeTaxRatio": 0.1222879684,
    "incomeTaxExpense": 51000000,
    "netIncome": 445000000,
    "netIncomeRatio": 0.1097140039,
    "eps": 0.86,
    "epsdiluted": 0.86,
    "weightedAverageShsOut": 515000000,
    "weightedAverageShsOutDil": 516000000,
    "link": "https://www.sec.gov/Archives/edgar/data/1004980/000100498018000005/0001004980-18-000005-index.htm",
    "finalLink": "https://www.sec.gov/Archives/edgar/data/75488/000100498018000005/pge-033118x10q.htm"
  },
  {
    "date": "2017-12-31",
    "symbol": "PCG",
    "reportedCurrency": "USD",
    "cik": "0001004980",
    "fillingDate": "2018-02-09",
    "acceptedDate": "2018-02-09 13:54:44",
    "calendarYear": "2017",
    "period": "Q4",
    "revenue": 4100000000,
    "costOfRevenue": 3683000000,
    "grossProfit": 417000000,
    "grossProfitRatio": 0.1017073171,
    "researchAndDevelopmentExpenses": 0,
    "generalAndAdministrativeExpenses": 0,
    "sellingAndMarketingExpenses": 0,
    "sellingGeneralAndAdministrativeExpenses": 0,
    "otherExpenses": 0,
    "operatingExpenses": 0,
    "costAndExpenses": 3683000000,
    "interestIncome": 9000000,
    "interestExpense": 225000000,
    "depreciationAndAmortization": 720000000,
    "ebitda": 1171000000,
    "ebitdaratio": 0.2856097561,
    "operatingIncome": 417000000,
    "operatingIncomeRatio": 0.1017073171,
    "totalOtherIncomeExpensesNet": -191000000,
    "incomeBeforeTax": 226000000,
    "incomeBeforeTaxRatio": 0.0551219512,
    "incomeTaxExpense": 108000000,
    "netIncome": 114000000,
    "netIncomeRatio": 0.027804878,
    "eps": 0.23,
    "epsdiluted": 0.23,
    "weightedAverageShsOut": 515000519,
    "weightedAverageShsOutDil": 518181818,
    "link": "https://www.sec.gov/Archives/edgar/data/1004980/000100498018000003/0001004980-18-000003-index.htm",
    "finalLink": "https://www.sec.gov/Archives/edgar/data/75488/000100498018000003/form10k.htm"
  },
  {
    "date": "2017-09-30",
    "symbol": "PCG",
    "reportedCurrency": "USD",
    "cik": "0001004980",
    "fillingDate": "2017-11-02",
    "acceptedDate": "2017-11-02 15:58:47",
    "calendarYear": "2017",
    "period": "Q3",
    "revenue": 4517000000,
    "costOfRevenue": 3578000000,
    "grossProfit": 939000000,
    "grossProfitRatio": 0.2078813372,
    "researchAndDevelopmentExpenses": 0,
    "generalAndAdministrativeExpenses": 0,
    "sellingAndMarketingExpenses": 0,
    "sellingGeneralAndAdministrativeExpenses": 0,
    "otherExpenses": 0,
    "operatingExpenses": 0,
    "costAndExpenses": 3578000000,
    "interestIncome": 9000000,
    "interestExpense": 220000000,
    "depreciationAndAmortization": 710000000,
    "ebitda": 1643000000,
    "ebitdaratio": 0.3637369936,
    "operatingIncome": 939000000,
    "operatingIncomeRatio": 0.2078813372,
    "totalOtherIncomeExpensesNet": -226000000,
    "incomeBeforeTax": 713000000,
    "incomeBeforeTaxRatio": 0.1578481293,
    "incomeTaxExpense": 160000000,
    "netIncome": 553000000,
    "netIncomeRatio": 0.1224263892,
    "eps": 1.07,
    "epsdiluted": 1.07,
    "weightedAverageShsOut": 513000000,
    "weightedAverageShsOutDil": 516000000,
    "link": "https://www.sec.gov/Archives/edgar/data/1004980/000100498017000023/0001004980-17-000023-index.htm",
    "finalLink": "https://www.sec.gov/Archives/edgar/data/75488/000100498017000023/form10q.htm"
  },
  {
    "date": "2017-06-30",
    "symbol": "PCG",
    "reportedCurrency": "USD",
    "cik": "0001004980",
    "fillingDate": "2017-07-27",
    "acceptedDate": "2017-07-27 14:47:06",
    "calendarYear": "2017",
    "period": "Q2",
    "revenue": 4250000000,
    "costOfRevenue": 3497000000,
    "grossProfit": 753000000,
    "grossProfitRatio": 0.1771764706,
    "researchAndDevelopmentExpenses": 0,
    "generalAndAdministrativeExpenses": 0,
    "sellingAndMarketingExpenses": 0,
    "sellingGeneralAndAdministrativeExpenses": 0,
    "otherExpenses": 0,
    "operatingExpenses": 0,
    "costAndExpenses": 3497000000,
    "interestIncome": 8000000,
    "interestExpense": 225000000,
    "depreciationAndAmortization": 712000000,
    "ebitda": 1481000000,
    "ebitdaratio": 0.3484705882,
    "operatingIncome": 753000000,
    "operatingIncomeRatio": 0.1771764706,
    "totalOtherIncomeExpensesNet": -209000000,
    "incomeBeforeTax": 544000000,
    "incomeBeforeTaxRatio": 0.128,
    "incomeTaxExpense": 134000000,
    "netIncome": 410000000,
    "netIncomeRatio": 0.0964705882,
    "eps": 0.79,
    "epsdiluted": 0.79,
    "weightedAverageShsOut": 511000000,
    "weightedAverageShsOutDil": 513000000,
    "link": "https://www.sec.gov/Archives/edgar/data/1004980/000100498017000020/0001004980-17-000020-index.htm",
    "finalLink": "https://www.sec.gov/Archives/edgar/data/75488/000100498017000020/form10q.htm"
  },
  {
    "date": "2017-03-31",
    "symbol": "PCG",
    "reportedCurrency": "USD",
    "cik": "0001004980",
    "fillingDate": "2017-05-02",
    "acceptedDate": "2017-05-02 15:07:27",
    "calendarYear": "2017",
    "period": "Q1",
    "revenue": 4268000000,
    "costOfRevenue": 3382000000,
    "grossProfit": 886000000,
    "grossProfitRatio": 0.2075913777,
    "researchAndDevelopmentExpenses": 0,
    "generalAndAdministrativeExpenses": 0,
    "sellingAndMarketingExpenses": 0,
    "sellingGeneralAndAdministrativeExpenses": 0,
    "otherExpenses": 0,
    "operatingExpenses": 0,
    "costAndExpenses": 3382000000,
    "interestIncome": 5000000,
    "interestExpense": 218000000,
    "depreciationAndAmortization": 712000000,
    "ebitda": 1618000000,
    "ebitdaratio": 0.3791002812,
    "operatingIncome": 886000000,
    "operatingIncomeRatio": 0.2075913777,
    "totalOtherIncomeExpensesNet": -198000000,
    "incomeBeforeTax": 688000000,
    "incomeBeforeTaxRatio": 0.1611996251,
    "incomeTaxExpense": 109000000,
    "netIncome": 579000000,
    "netIncomeRatio": 0.135660731,
    "eps": 1.13,
    "epsdiluted": 1.13,
    "weightedAverageShsOut": 508000000,
    "weightedAverageShsOutDil": 511000000,
    "link": "https://www.sec.gov/Archives/edgar/data/1004980/000100498017000012/0001004980-17-000012-index.htm",
    "finalLink": "https://www.sec.gov/Archives/edgar/data/75488/000100498017000012/form10q.htm"
  },
  {
    "date": "2016-12-31",
    "symbol": "PCG",
    "reportedCurrency": "USD",
    "cik": "0001004980",
    "fillingDate": "2017-02-16",
    "acceptedDate": "2017-02-16 16:00:54",
    "calendarYear": "2016",
    "period": "Q4",
    "revenue": 4713000000,
    "costOfRevenue": 3500000000,
    "grossProfit": 1213000000,
    "grossProfitRatio": 0.257373223,
    "researchAndDevelopmentExpenses": 0,
    "generalAndAdministrativeExpenses": 0,
    "sellingAndMarketingExpenses": 0,
    "sellingGeneralAndAdministrativeExpenses": 0,
    "otherExpenses": 0,
    "operatingExpenses": 0,
    "costAndExpenses": 3500000000,
    "interestIncome": 6000000,
    "interestExpense": 208000000,
    "depreciationAndAmortization": 665000000,
    "ebitda": 1729000000,
    "ebitdaratio": 0.3668576278,
    "operatingIncome": 1213000000,
    "operatingIncomeRatio": 0.257373223,
    "totalOtherIncomeExpensesNet": -357000000,
    "incomeBeforeTax": 856000000,
    "incomeBeforeTaxRatio": 0.1816252917,
    "incomeTaxExpense": 160000000,
    "netIncome": 696000000,
    "netIncomeRatio": 0.1476766391,
    "eps": 1.37,
    "epsdiluted": 1.37,
    "weightedAverageShsOut": 499000000,
    "weightedAverageShsOutDil": 501000000,
    "link": "https://www.sec.gov/Archives/edgar/data/1004980/000100498017000006/0001004980-17-000006-index.htm",
    "finalLink": "https://www.sec.gov/Archives/edgar/data/75488/000100498017000006/form10k.htm"
  },
  {
    "date": "2016-09-30",
    "symbol": "PCG",
    "reportedCurrency": "USD",
    "cik": "0001004980",
    "fillingDate": "2016-11-04",
    "acceptedDate": "2016-11-04 17:05:33",
    "calendarYear": "2016",
    "period": "Q3",
    "revenue": 4810000000,
    "costOfRevenue": 4079000000,
    "grossProfit": 731000000,
    "grossProfitRatio": 0.151975052,
    "researchAndDevelopmentExpenses": 0,
    "generalAndAdministrativeExpenses": 0,
    "sellingAndMarketingExpenses": 0,
    "sellingGeneralAndAdministrativeExpenses": 0,
    "otherExpenses": 0,
    "operatingExpenses": 0,
    "costAndExpenses": 4079000000,
    "interestIncome": 8000000,
    "interestExpense": 211000000,
    "depreciationAndAmortization": 694000000,
    "ebitda": 1366000000,
    "ebitdaratio": 0.283991684,
    "operatingIncome": 731000000,
    "operatingIncomeRatio": 0.151975052,
    "totalOtherIncomeExpensesNet": -270000000,
    "incomeBeforeTax": 461000000,
    "incomeBeforeTaxRatio": 0.0958419958,
    "incomeTaxExpense": 70000000,
    "netIncome": 391000000,
    "netIncomeRatio": 0.0812889813,
    "eps": 0.77,
    "epsdiluted": 0.77,
    "weightedAverageShsOut": 501000000,
    "weightedAverageShsOutDil": 503000000,
    "link": "https://www.sec.gov/Archives/edgar/data/1004980/000100498016000097/0001004980-16-000097-index.htm",
    "finalLink": "https://www.sec.gov/Archives/edgar/data/75488/000100498016000097/form10q.htm"
  },
  {
    "date": "2016-06-30",
    "symbol": "PCG",
    "reportedCurrency": "USD",
    "cik": "0001004980",
    "fillingDate": "2016-07-28",
    "acceptedDate": "2016-07-28 13:06:53",
    "calendarYear": "2016",
    "period": "Q2",
    "revenue": 4169000000,
    "costOfRevenue": 3069000000,
    "grossProfit": 1100000000,
    "grossProfitRatio": 0.2638522427,
    "researchAndDevelopmentExpenses": 0,
    "generalAndAdministrativeExpenses": 0,
    "sellingAndMarketingExpenses": 0,
    "sellingGeneralAndAdministrativeExpenses": -260000000,
    "otherExpenses": 699000000,
    "operatingExpenses": 439000000,
    "costAndExpenses": 3768000000,
    "interestIncome": 5000000,
    "interestExpense": 207000000,
    "depreciationAndAmortization": 699000000,
    "ebitda": 1128000000,
    "ebitdaratio": 0.2705684817,
    "operatingIncome": 401000000,
    "operatingIncomeRatio": 0.0961861358,
    "totalOtherIncomeExpensesNet": -179000000,
    "incomeBeforeTax": 222000000,
    "incomeBeforeTaxRatio": 0.0532501799,
    "incomeTaxExpense": 12000000,
    "netIncome": 210000000,
    "netIncomeRatio": 0.0503717918,
    "eps": 0.41,
    "epsdiluted": 0.41,
    "weightedAverageShsOut": 497000000,
    "weightedAverageShsOutDil": 498000000,
    "link": "https://www.sec.gov/Archives/edgar/data/1004980/000100498016000088/0001004980-16-000088-index.htm",
    "finalLink": "https://www.sec.gov/Archives/edgar/data/75488/000100498016000088/form10q.htm"
  },
  {
    "date": "2016-03-31",
    "symbol": "PCG",
    "reportedCurrency": "USD",
    "cik": "0001004980",
    "fillingDate": "2016-05-04",
    "acceptedDate": "2016-05-04 17:08:33",
    "calendarYear": "2016",
    "period": "Q1",
    "revenue": 3974000000,
    "costOfRevenue": 3182000000,
    "grossProfit": 792000000,
    "grossProfitRatio": 0.1992954202,
    "researchAndDevelopmentExpenses": 0,
    "generalAndAdministrativeExpenses": 0,
    "sellingAndMarketingExpenses": 0,
    "sellingGeneralAndAdministrativeExpenses": 0,
    "otherExpenses": 697000000,
    "operatingExpenses": 697000000,
    "costAndExpenses": 3879000000,
    "interestIncome": 4000000,
    "interestExpense": 203000000,
    "depreciationAndAmortization": 697000000,
    "ebitda": 792000000,
    "ebitdaratio": 0.1992954202,
    "operatingIncome": 95000000,
    "operatingIncomeRatio": 0.023905385,
    "totalOtherIncomeExpensesNet": -172000000,
    "incomeBeforeTax": -77000000,
    "incomeBeforeTaxRatio": -0.0193759436,
    "incomeTaxExpense": -187000000,
    "netIncome": 110000000,
    "netIncomeRatio": 0.0276799195,
    "eps": 0.22,
    "epsdiluted": 0.22,
    "weightedAverageShsOut": 493000000,
    "weightedAverageShsOutDil": 495000000,
    "link": "https://www.sec.gov/Archives/edgar/data/1004980/000100498016000073/0001004980-16-000073-index.htm",
    "finalLink": "https://www.sec.gov/Archives/edgar/data/75488/000100498016000073/form10q.htm"
  },
  {
    "date": "2015-12-31",
    "symbol": "PCG",
    "reportedCurrency": "USD",
    "cik": "0001004980",
    "fillingDate": "2016-02-18",
    "acceptedDate": "2016-02-18 15:28:36",
    "calendarYear": "2015",
    "period": "Q4",
    "revenue": 4167000000,
    "costOfRevenue": 3285000000,
    "grossProfit": 882000000,
    "grossProfitRatio": 0.211663067,
    "researchAndDevelopmentExpenses": 0,
    "generalAndAdministrativeExpenses": 0,
    "sellingAndMarketingExpenses": 0,
    "sellingGeneralAndAdministrativeExpenses": 0,
    "otherExpenses": 677000000,
    "operatingExpenses": 677000000,
    "costAndExpenses": 3962000000,
    "interestIncome": 3000000,
    "interestExpense": 198000000,
    "depreciationAndAmortization": 677000000,
    "ebitda": 882000000,
    "ebitdaratio": 0.211663067,
    "operatingIncome": 205000000,
    "operatingIncomeRatio": 0.0491960643,
    "totalOtherIncomeExpensesNet": -178000000,
    "incomeBeforeTax": 27000000,
    "incomeBeforeTaxRatio": 0.0064794816,
    "incomeTaxExpense": -111000000,
    "netIncome": 138000000,
    "netIncomeRatio": 0.0331173506,
    "eps": 0.28,
    "epsdiluted": 0.28,
    "weightedAverageShsOut": 506547313,
    "weightedAverageShsOutDil": 496000000,
    "link": "https://www.sec.gov/Archives/edgar/data/1004980/000100498016000065/0001004980-16-000065-index.htm",
    "finalLink": "https://www.sec.gov/Archives/edgar/data/75488/000100498016000065/form10k.htm"
  },
  {
    "date": "2015-09-30",
    "symbol": "PCG",
    "reportedCurrency": "USD",
    "cik": "0001004980",
    "fillingDate": "2015-10-28",
    "acceptedDate": "2015-10-28 14:59:32",
    "calendarYear": "2015",
    "period": "Q3",
    "revenue": 4550000000,
    "costOfRevenue": 3352000000,
    "grossProfit": 1198000000,
    "grossProfitRatio": 0.2632967033,
    "researchAndDevelopmentExpenses": 0,
    "generalAndAdministrativeExpenses": 0,
    "sellingAndMarketingExpenses": 0,
    "sellingGeneralAndAdministrativeExpenses": 0,
    "otherExpenses": 653000000,
    "operatingExpenses": 653000000,
    "costAndExpenses": 4005000000,
    "interestIncome": 2000000,
    "interestExpense": 194000000,
    "depreciationAndAmortization": 653000000,
    "ebitda": 1198000000,
    "ebitdaratio": 0.2632967033,
    "operatingIncome": 545000000,
    "operatingIncomeRatio": 0.1197802198,
    "totalOtherIncomeExpensesNet": -168000000,
    "incomeBeforeTax": 377000000,
    "incomeBeforeTaxRatio": 0.0828571429,
    "incomeTaxExpense": 67000000,
    "netIncome": 310000000,
    "netIncomeRatio": 0.0681318681,
    "eps": 0.63,
    "epsdiluted": 0.63,
    "weightedAverageShsOut": 486000000,
    "weightedAverageShsOutDil": 489000000,
    "link": "https://www.sec.gov/Archives/edgar/data/1004980/000100498015000058/0001004980-15-000058-index.htm",
    "finalLink": "https://www.sec.gov/Archives/edgar/data/75488/000100498015000058/form10q.htm"
  },
  {
    "date": "2015-06-30",
    "symbol": "PCG",
    "reportedCurrency": "USD",
    "cik": "0001004980",
    "fillingDate": "2015-07-29",
    "acceptedDate": "2015-07-29 14:54:46",
    "calendarYear": "2015",
    "period": "Q2",
    "revenue": 4217000000,
    "costOfRevenue": 2879000000,
    "grossProfit": 1338000000,
    "grossProfitRatio": 0.317287171,
    "researchAndDevelopmentExpenses": 0,
    "generalAndAdministrativeExpenses": 0,
    "sellingAndMarketingExpenses": 0,
    "sellingGeneralAndAdministrativeExpenses": 0,
    "otherExpenses": 651000000,
    "operatingExpenses": 651000000,
    "costAndExpenses": 3530000000,
    "interestIncome": 3000000,
    "interestExpense": 192000000,
    "depreciationAndAmortization": 651000000,
    "ebitda": 1338000000,
    "ebitdaratio": 0.317287171,
    "operatingIncome": 687000000,
    "operatingIncomeRatio": 0.1629120228,
    "totalOtherIncomeExpensesNet": -171000000,
    "incomeBeforeTax": 516000000,
    "incomeBeforeTaxRatio": 0.1223618686,
    "incomeTaxExpense": 110000000,
    "netIncome": 406000000,
    "netIncomeRatio": 0.0962769742,
    "eps": 0.84,
    "epsdiluted": 0.83,
    "weightedAverageShsOut": 480000000,
    "weightedAverageShsOutDil": 483000000,
    "link": "https://www.sec.gov/Archives/edgar/data/1004980/000100498015000053/0001004980-15-000053-index.htm",
    "finalLink": "https://www.sec.gov/Archives/edgar/data/75488/000100498015000053/form10q.htm"
  },
  {
    "date": "2015-03-31",
    "symbol": "PCG",
    "reportedCurrency": "USD",
    "cik": "0001004980",
    "fillingDate": "2015-04-29",
    "acceptedDate": "2015-04-29 15:43:25",
    "calendarYear": "2015",
    "period": "Q1",
    "revenue": 3899000000,
    "costOfRevenue": 3197000000,
    "grossProfit": 702000000,
    "grossProfitRatio": 0.1800461657,
    "researchAndDevelopmentExpenses": 0,
    "generalAndAdministrativeExpenses": 0,
    "sellingAndMarketingExpenses": 0,
    "sellingGeneralAndAdministrativeExpenses": 0,
    "otherExpenses": 631000000,
    "operatingExpenses": 631000000,
    "costAndExpenses": 3828000000,
    "interestIncome": 1000000,
    "interestExpense": 189000000,
    "depreciationAndAmortization": 631000000,
    "ebitda": 702000000,
    "ebitdaratio": 0.1800461657,
    "operatingIncome": 71000000,
    "operatingIncomeRatio": 0.0182097974,
    "totalOtherIncomeExpensesNet": -130000000,
    "incomeBeforeTax": -59000000,
    "incomeBeforeTaxRatio": -0.0151320852,
    "incomeTaxExpense": -93000000,
    "netIncome": 34000000,
    "netIncomeRatio": 0.0087201847,
    "eps": 0.06,
    "epsdiluted": 0.06,
    "weightedAverageShsOut": 477000000,
    "weightedAverageShsOutDil": 481000000,
    "link": "https://www.sec.gov/Archives/edgar/data/1004980/000100498015000038/0001004980-15-000038-index.htm",
    "finalLink": "https://www.sec.gov/Archives/edgar/data/75488/000100498015000038/form10q.htm"
  },
  {
    "date": "2014-12-31",
    "symbol": "PCG",
    "reportedCurrency": "USD",
    "cik": "0001004980",
    "fillingDate": "2015-02-10",
    "acceptedDate": "2015-02-10 17:03:53",
    "calendarYear": "2014",
    "period": "Q4",
    "revenue": 4308000000,
    "costOfRevenue": 3258000000,
    "grossProfit": 1050000000,
    "grossProfitRatio": 0.2437325905,
    "researchAndDevelopmentExpenses": 0,
    "generalAndAdministrativeExpenses": 0,
    "sellingAndMarketingExpenses": 0,
    "sellingGeneralAndAdministrativeExpenses": 0,
    "otherExpenses": 667000000,
    "operatingExpenses": 667000000,
    "costAndExpenses": 3925000000,
    "interestIncome": 2000000,
    "interestExpense": 187000000,
    "depreciationAndAmortization": 667000000,
    "ebitda": 1050000000,
    "ebitdaratio": 0.2437325905,
    "operatingIncome": 383000000,
    "operatingIncomeRatio": 0.088904364,
    "totalOtherIncomeExpensesNet": -213000000,
    "incomeBeforeTax": 170000000,
    "incomeBeforeTaxRatio": 0.039461467,
    "incomeTaxExpense": 35000000,
    "netIncome": 135000000,
    "netIncomeRatio": 0.0313370474,
    "eps": 0.28,
    "epsdiluted": 0.28,
    "weightedAverageShsOut": 474000528,
    "weightedAverageShsOutDil": 477000000,
    "link": "https://www.sec.gov/Archives/edgar/data/1004980/000100498015000010/0001004980-15-000010-index.htm",
    "finalLink": "https://www.sec.gov/Archives/edgar/data/75488/000100498015000010/form10k.htm"
  },
  {
    "date": "2014-09-30",
    "symbol": "PCG",
    "reportedCurrency": "USD",
    "cik": "0001004980",
    "fillingDate": "2014-10-28",
    "acceptedDate": "2014-10-28 15:23:45",
    "calendarYear": "2014",
    "period": "Q3",
    "revenue": 4939000000,
    "costOfRevenue": 3203000000,
    "grossProfit": 1736000000,
    "grossProfitRatio": 0.3514881555,
    "researchAndDevelopmentExpenses": 0,
    "generalAndAdministrativeExpenses": 0,
    "sellingAndMarketingExpenses": 0,
    "sellingGeneralAndAdministrativeExpenses": 0,
    "otherExpenses": 671000000,
    "operatingExpenses": 671000000,
    "costAndExpenses": 3874000000,
    "interestIncome": 2000000,
    "interestExpense": 174000000,
    "depreciationAndAmortization": 671000000,
    "ebitda": 1736000000,
    "ebitdaratio": 0.3514881555,
    "operatingIncome": 1065000000,
    "operatingIncomeRatio": 0.2156306945,
    "totalOtherIncomeExpensesNet": -136000000,
    "incomeBeforeTax": 929000000,
    "incomeBeforeTaxRatio": 0.188094756,
    "incomeTaxExpense": 115000000,
    "netIncome": 814000000,
    "netIncomeRatio": 0.1648106904,
    "eps": 1.72,
    "epsdiluted": 1.71,
    "weightedAverageShsOut": 472000000,
    "weightedAverageShsOutDil": 474000000,
    "link": "https://www.sec.gov/Archives/edgar/data/1004980/000100498014000093/0001004980-14-000093-index.htm",
    "finalLink": "https://www.sec.gov/Archives/edgar/data/75488/000100498014000093/form10-q.htm"
  },
  {
    "date": "2014-06-30",
    "symbol": "PCG",
    "reportedCurrency": "USD",
    "cik": "0001004980",
    "fillingDate": "2014-07-31",
    "acceptedDate": "2014-07-31 16:34:10",
    "calendarYear": "2014",
    "period": "Q2",
    "revenue": 3952000000,
    "costOfRevenue": 2877000000,
    "grossProfit": 1075000000,
    "grossProfitRatio": 0.27201417,
    "researchAndDevelopmentExpenses": 0,
    "generalAndAdministrativeExpenses": 0,
    "sellingAndMarketingExpenses": 0,
    "sellingGeneralAndAdministrativeExpenses": 0,
    "otherExpenses": 557000000,
    "operatingExpenses": 557000000,
    "costAndExpenses": 3434000000,
    "interestIncome": 2000000,
    "interestExpense": 188000000,
    "depreciationAndAmortization": 557000000,
    "ebitda": 1075000000,
    "ebitdaratio": 0.27201417,
    "operatingIncome": 518000000,
    "operatingIncomeRatio": 0.1310728745,
    "totalOtherIncomeExpensesNet": -143000000,
    "incomeBeforeTax": 375000000,
    "incomeBeforeTaxRatio": 0.094888664,
    "incomeTaxExpense": 104000000,
    "netIncome": 271000000,
    "netIncomeRatio": 0.0685728745,
    "eps": 0.57,
    "epsdiluted": 0.57,
    "weightedAverageShsOut": 467000000,
    "weightedAverageShsOutDil": 469000000,
    "link": "https://www.sec.gov/Archives/edgar/data/1004980/000100498014000069/0001004980-14-000069-index.htm",
    "finalLink": "https://www.sec.gov/Archives/edgar/data/75488/000100498014000069/form10q.htm"
  },
  {
    "date": "2014-03-31",
    "symbol": "PCG",
    "reportedCurrency": "USD",
    "cik": "0001004980",
    "fillingDate": "2014-05-01",
    "acceptedDate": "2014-05-01 14:11:31",
    "calendarYear": "2014",
    "period": "Q1",
    "revenue": 3891000000,
    "costOfRevenue": 2869000000,
    "grossProfit": 1022000000,
    "grossProfitRatio": 0.2626574145,
    "researchAndDevelopmentExpenses": 0,
    "generalAndAdministrativeExpenses": 0,
    "sellingAndMarketingExpenses": 0,
    "sellingGeneralAndAdministrativeExpenses": 0,
    "otherExpenses": 538000000,
    "operatingExpenses": 538000000,
    "costAndExpenses": 3407000000,
    "interestIncome": 3000000,
    "interestExpense": 185000000,
    "depreciationAndAmortization": 538000000,
    "ebitda": 1022000000,
    "ebitdaratio": 0.2626574145,
    "operatingIncome": 484000000,
    "operatingIncomeRatio": 0.1243896171,
    "totalOtherIncomeExpensesNet": -163000000,
    "incomeBeforeTax": 321000000,
    "incomeBeforeTaxRatio": 0.0824980725,
    "incomeTaxExpense": 91000000,
    "netIncome": 230000000,
    "netIncomeRatio": 0.0591107684,
    "eps": 0.49,
    "epsdiluted": 0.49,
    "weightedAverageShsOut": 459000000,
    "weightedAverageShsOutDil": 460000000,
    "link": "https://www.sec.gov/Archives/edgar/data/1004980/000100498014000045/0001004980-14-000045-index.htm",
    "finalLink": "https://www.sec.gov/Archives/edgar/data/75488/000100498014000045/form10q.htm"
  },
  {
    "date": "2013-12-31",
    "symbol": "PCG",
    "reportedCurrency": "USD",
    "cik": "0001004980",
    "fillingDate": "2014-02-11",
    "acceptedDate": "2014-02-11 17:08:47",
    "calendarYear": "2013",
    "period": "Q4",
    "revenue": 3975000000,
    "costOfRevenue": 3107000000,
    "grossProfit": 868000000,
    "grossProfitRatio": 0.2183647799,
    "researchAndDevelopmentExpenses": 0,
    "generalAndAdministrativeExpenses": 0,
    "sellingAndMarketingExpenses": 0,
    "sellingGeneralAndAdministrativeExpenses": 0,
    "otherExpenses": 535000000,
    "operatingExpenses": 535000000,
    "costAndExpenses": 3642000000,
    "interestIncome": 3000000,
    "interestExpense": 183000000,
    "depreciationAndAmortization": 535000000,
    "ebitda": 868000000,
    "ebitdaratio": 0.2183647799,
    "operatingIncome": 333000000,
    "operatingIncomeRatio": 0.0837735849,
    "totalOtherIncomeExpensesNet": -222000000,
    "incomeBeforeTax": 111000000,
    "incomeBeforeTaxRatio": 0.0279245283,
    "incomeTaxExpense": 25000000,
    "netIncome": 90000000,
    "netIncomeRatio": 0.0226415094,
    "eps": 0.2,
    "epsdiluted": 0.2,
    "weightedAverageShsOut": 459000000,
    "weightedAverageShsOutDil": 459000000,
    "link": "https://www.sec.gov/Archives/edgar/data/1004980/000100498014000023/0001004980-14-000023-index.htm",
    "finalLink": "https://www.sec.gov/Archives/edgar/data/75488/000100498014000023/form10k.htm"
  },
  {
    "date": "2013-09-30",
    "symbol": "PCG",
    "reportedCurrency": "USD",
    "cik": "0001004980",
    "fillingDate": "2013-10-30",
    "acceptedDate": "2013-10-30 14:42:16",
    "calendarYear": "2013",
    "period": "Q3",
    "revenue": 4175000000,
    "costOfRevenue": 3361000000,
    "grossProfit": 814000000,
    "grossProfitRatio": 0.1949700599,
    "researchAndDevelopmentExpenses": 0,
    "generalAndAdministrativeExpenses": 0,
    "sellingAndMarketingExpenses": 0,
    "sellingGeneralAndAdministrativeExpenses": 85000000,
    "otherExpenses": 523000000,
    "operatingExpenses": 608000000,
    "costAndExpenses": 3884000000,
    "interestIncome": 2000000,
    "interestExpense": 179000000,
    "depreciationAndAmortization": 523000000,
    "ebitda": 842000000,
    "ebitdaratio": 0.2016766467,
    "operatingIncome": 291000000,
    "operatingIncomeRatio": 0.0697005988,
    "totalOtherIncomeExpensesNet": -151000000,
    "incomeBeforeTax": 140000000,
    "incomeBeforeTaxRatio": 0.0335329341,
    "incomeTaxExpense": -24000000,
    "netIncome": 164000000,
    "netIncomeRatio": 0.0392814371,
    "eps": 0.36,
    "epsdiluted": 0.36,
    "weightedAverageShsOut": 446000000,
    "weightedAverageShsOutDil": 447000000,
    "link": "https://www.sec.gov/Archives/edgar/data/1004980/000100498013000082/0001004980-13-000082-index.htm",
    "finalLink": "https://www.sec.gov/Archives/edgar/data/75488/000100498013000082/form10q.htm"
  },
  {
    "date": "2013-06-30",
    "symbol": "PCG",
    "reportedCurrency": "USD",
    "cik": "0001004980",
    "fillingDate": "2013-07-31",
    "acceptedDate": "2013-07-31 15:54:10",
    "calendarYear": "2013",
    "period": "Q2",
    "revenue": 3776000000,
    "costOfRevenue": 2624000000,
    "grossProfit": 1152000000,
    "grossProfitRatio": 0.3050847458,
    "researchAndDevelopmentExpenses": 0,
    "generalAndAdministrativeExpenses": 0,
    "sellingAndMarketingExpenses": 0,
    "sellingGeneralAndAdministrativeExpenses": -69000000,
    "otherExpenses": 516000000,
    "operatingExpenses": 447000000,
    "costAndExpenses": 3116000000,
    "interestIncome": 2000000,
    "interestExpense": 177000000,
    "depreciationAndAmortization": 516000000,
    "ebitda": 1178000000,
    "ebitdaratio": 0.311970339,
    "operatingIncome": 636000000,
    "operatingIncomeRatio": 0.1684322034,
    "totalOtherIncomeExpensesNet": -151000000,
    "incomeBeforeTax": 485000000,
    "incomeBeforeTaxRatio": 0.1284427966,
    "incomeTaxExpense": 153000000,
    "netIncome": 332000000,
    "netIncomeRatio": 0.0879237288,
    "eps": 0.74,
    "epsdiluted": 0.74,
    "weightedAverageShsOut": 442000000,
    "weightedAverageShsOutDil": 443000000,
    "link": "https://www.sec.gov/Archives/edgar/data/1004980/000100498013000058/0001004980-13-000058-index.htm",
    "finalLink": "https://www.sec.gov/Archives/edgar/data/75488/000100498013000058/form10q.htm"
  },
  {
    "date": "2013-03-31",
    "symbol": "PCG",
    "reportedCurrency": "USD",
    "cik": "0001004980",
    "fillingDate": "2013-05-02",
    "acceptedDate": "2013-05-02 13:04:50",
    "calendarYear": "2013",
    "period": "Q1",
    "revenue": 3672000000,
    "costOfRevenue": 2667000000,
    "grossProfit": 1005000000,
    "grossProfitRatio": 0.2736928105,
    "researchAndDevelopmentExpenses": 0,
    "generalAndAdministrativeExpenses": 0,
    "sellingAndMarketingExpenses": 0,
    "sellingGeneralAndAdministrativeExpenses": -28000000,
    "otherExpenses": 503000000,
    "operatingExpenses": 475000000,
    "costAndExpenses": 3142000000,
    "interestIncome": 2000000,
    "interestExpense": 176000000,
    "depreciationAndAmortization": 503000000,
    "ebitda": 1035000000,
    "ebitdaratio": 0.2818627451,
    "operatingIncome": 502000000,
    "operatingIncomeRatio": 0.1367102397,
    "totalOtherIncomeExpensesNet": -146000000,
    "incomeBeforeTax": 356000000,
    "incomeBeforeTaxRatio": 0.0969498911,
    "incomeTaxExpense": 114000000,
    "netIncome": 242000000,
    "netIncomeRatio": 0.0659041394,
    "eps": 0.55,
    "epsdiluted": 0.55,
    "weightedAverageShsOut": 434000000,
    "weightedAverageShsOutDil": 435000000,
    "link": "https://www.sec.gov/Archives/edgar/data/1004980/000100498013000025/0001004980-13-000025-index.htm",
    "finalLink": "https://www.sec.gov/Archives/edgar/data/75488/000100498013000025/form10q.htm"
  },
  {
    "date": "2012-12-31",
    "symbol": "PCG",
    "reportedCurrency": "USD",
    "cik": "0001004980",
    "fillingDate": "2013-02-21",
    "acceptedDate": "2013-02-21 15:15:03",
    "calendarYear": "2012",
    "period": "Q4",
    "revenue": 3830000000,
    "costOfRevenue": 7378000000,
    "grossProfit": -3548000000,
    "grossProfitRatio": -0.9263707572,
    "researchAndDevelopmentExpenses": 0,
    "generalAndAdministrativeExpenses": 0,
    "sellingAndMarketingExpenses": 0,
    "sellingGeneralAndAdministrativeExpenses": 0,
    "otherExpenses": -3673000000,
    "operatingExpenses": -3673000000,
    "costAndExpenses": 3719000000,
    "interestIncome": 1000000,
    "interestExpense": 175000000,
    "depreciationAndAmortization": 465000000,
    "ebitda": 620000000,
    "ebitdaratio": 0.1618798956,
    "operatingIncome": 125000000,
    "operatingIncomeRatio": 0.0326370757,
    "totalOtherIncomeExpensesNet": -188000000,
    "incomeBeforeTax": -63000000,
    "incomeBeforeTaxRatio": -0.0164490862,
    "incomeTaxExpense": -54000000,
    "netIncome": -9000000,
    "netIncomeRatio": -0.0023498695,
    "eps": -0.0209,
    "epsdiluted": -0.0207,
    "weightedAverageShsOut": 424000000,
    "weightedAverageShsOutDil": 425000000,
    "link": "https://www.sec.gov/Archives/edgar/data/1004980/000100498013000013/0001004980-13-000013-index.htm",
    "finalLink": "https://www.sec.gov/Archives/edgar/data/75488/000100498013000013/form10k.htm"
  },
  {
    "date": "2012-09-30",
    "symbol": "PCG",
    "reportedCurrency": "USD",
    "cik": "0001004980",
    "fillingDate": "2012-10-29",
    "acceptedDate": "2012-10-29 15:08:02",
    "calendarYear": "2012",
    "period": "Q3",
    "revenue": 3976000000,
    "costOfRevenue": 1401000000,
    "grossProfit": 2575000000,
    "grossProfitRatio": 0.6476358149,
    "researchAndDevelopmentExpenses": 0,
    "generalAndAdministrativeExpenses": 0,
    "sellingAndMarketingExpenses": 0,
    "sellingGeneralAndAdministrativeExpenses": 0,
    "otherExpenses": 617000000,
    "operatingExpenses": 617000000,
    "costAndExpenses": 3362000000,
    "interestIncome": 2000000,
    "interestExpense": 178000000,
    "depreciationAndAmortization": 617000000,
    "ebitda": 1259000000,
    "ebitdaratio": 0.3166498994,
    "operatingIncome": 614000000,
    "operatingIncomeRatio": 0.1544265594,
    "totalOtherIncomeExpensesNet": -150000000,
    "incomeBeforeTax": 464000000,
    "incomeBeforeTaxRatio": 0.1167002012,
    "incomeTaxExpense": 100000000,
    "netIncome": 364000000,
    "netIncomeRatio": 0.0915492958,
    "eps": 0.84,
    "epsdiluted": 0.84,
    "weightedAverageShsOut": 428000000,
    "weightedAverageShsOutDil": 429000000,
    "link": "https://www.sec.gov/Archives/edgar/data/1004980/000100498012000064/0001004980-12-000064-index.htm",
    "finalLink": "https://www.sec.gov/Archives/edgar/data/75488/000100498012000064/form10q.htm"
  },
  {
    "date": "2012-06-30",
    "symbol": "PCG",
    "reportedCurrency": "USD",
    "cik": "0001004980",
    "fillingDate": "2012-08-07",
    "acceptedDate": "2012-08-07 14:07:19",
    "calendarYear": "2012",
    "period": "Q2",
    "revenue": 3593000000,
    "costOfRevenue": 1094000000,
    "grossProfit": 2499000000,
    "grossProfitRatio": 0.6955190648,
    "researchAndDevelopmentExpenses": 0,
    "generalAndAdministrativeExpenses": 0,
    "sellingAndMarketingExpenses": 0,
    "sellingGeneralAndAdministrativeExpenses": 0,
    "otherExpenses": 606000000,
    "operatingExpenses": 606000000,
    "costAndExpenses": 3126000000,
    "interestIncome": 3000000,
    "interestExpense": 176000000,
    "depreciationAndAmortization": 606000000,
    "ebitda": 1108000000,
    "ebitdaratio": 0.3083774005,
    "operatingIncome": 467000000,
    "operatingIncomeRatio": 0.1299749513,
    "totalOtherIncomeExpensesNet": -141000000,
    "incomeBeforeTax": 326000000,
    "incomeBeforeTaxRatio": 0.0907319788,
    "incomeTaxExpense": 87000000,
    "netIncome": 239000000,
    "netIncomeRatio": 0.0665182299,
    "eps": 0.56,
    "epsdiluted": 0.55,
    "weightedAverageShsOut": 423000000,
    "weightedAverageShsOutDil": 425000000,
    "link": "https://www.sec.gov/Archives/edgar/data/1004980/000119312512340421/0001193125-12-340421-index.htm",
    "finalLink": "https://www.sec.gov/Archives/edgar/data/75488/000119312512340421/d364675d10q.htm"
  },
  {
    "date": "2012-03-31",
    "symbol": "PCG",
    "reportedCurrency": "USD",
    "cik": "0001004980",
    "fillingDate": "2012-05-02",
    "acceptedDate": "2012-05-02 14:32:05",
    "calendarYear": "2012",
    "period": "Q1",
    "revenue": 3641000000,
    "costOfRevenue": 1202000000,
    "grossProfit": 2439000000,
    "grossProfitRatio": 0.6698709146,
    "researchAndDevelopmentExpenses": 0,
    "generalAndAdministrativeExpenses": 0,
    "sellingAndMarketingExpenses": 0,
    "sellingGeneralAndAdministrativeExpenses": 0,
    "otherExpenses": 584000000,
    "operatingExpenses": 584000000,
    "costAndExpenses": 3154000000,
    "interestIncome": 1000000,
    "interestExpense": 174000000,
    "depreciationAndAmortization": 584000000,
    "ebitda": 1098000000,
    "ebitdaratio": 0.301565504,
    "operatingIncome": 487000000,
    "operatingIncomeRatio": 0.1337544631,
    "totalOtherIncomeExpensesNet": -147000000,
    "incomeBeforeTax": 340000000,
    "incomeBeforeTaxRatio": 0.0933809393,
    "incomeTaxExpense": 104000000,
    "netIncome": 236000000,
    "netIncomeRatio": 0.0648173579,
    "eps": 0.56,
    "epsdiluted": 0.56,
    "weightedAverageShsOut": 414000000,
    "weightedAverageShsOutDil": 416000000,
    "link": "https://www.sec.gov/Archives/edgar/data/1004980/000119312512204034/0001193125-12-204034-index.htm",
    "finalLink": "https://www.sec.gov/Archives/edgar/data/75488/000119312512204034/d325526d10q.htm"
  },
  {
    "date": "2011-12-31",
    "symbol": "PCG",
    "reportedCurrency": "USD",
    "cik": "0001004980",
    "fillingDate": "2012-02-16",
    "acceptedDate": "2012-02-16 17:26:50",
    "calendarYear": "2011",
    "period": "Q4",
    "revenue": 3815000000,
    "costOfRevenue": 1379000000,
    "grossProfit": 2436000000,
    "grossProfitRatio": 0.6385321101,
    "researchAndDevelopmentExpenses": 0,
    "generalAndAdministrativeExpenses": 0,
    "sellingAndMarketingExpenses": 0,
    "sellingGeneralAndAdministrativeExpenses": 0,
    "otherExpenses": 2078000000,
    "operatingExpenses": 2078000000,
    "costAndExpenses": 3457000000,
    "interestIncome": 0,
    "interestExpense": 173000000,
    "depreciationAndAmortization": 567000000,
    "ebitda": 918000000,
    "ebitdaratio": 0.2406290957,
    "operatingIncome": 358000000,
    "operatingIncomeRatio": 0.0938401048,
    "totalOtherIncomeExpensesNet": -180000000,
    "incomeBeforeTax": 178000000,
    "incomeBeforeTaxRatio": 0.0466579292,
    "incomeTaxExpense": 91000000,
    "netIncome": 87000000,
    "netIncomeRatio": 0.0228047182,
    "eps": 0.21,
    "epsdiluted": 0.21,
    "weightedAverageShsOut": 407000000,
    "weightedAverageShsOutDil": 414000000,
    "link": "https://www.sec.gov/Archives/edgar/data/1004980/000119312512065537/0001193125-12-065537-index.htm",
    "finalLink": "https://www.sec.gov/Archives/edgar/data/75488/000119312512065537/d264437d10k.htm"
  },
  {
    "date": "2011-09-30",
    "symbol": "PCG",
    "reportedCurrency": "USD",
    "cik": "0001004980",
    "fillingDate": "2011-11-03",
    "acceptedDate": "2011-11-03 16:49:24",
    "calendarYear": "2011",
    "period": "Q3",
    "revenue": 3860000000,
    "costOfRevenue": 1394000000,
    "grossProfit": 2466000000,
    "grossProfitRatio": 0.6388601036,
    "researchAndDevelopmentExpenses": 0,
    "generalAndAdministrativeExpenses": 0,
    "sellingAndMarketingExpenses": 0,
    "sellingGeneralAndAdministrativeExpenses": 0,
    "otherExpenses": 2058000000,
    "operatingExpenses": 2058000000,
    "costAndExpenses": 3452000000,
    "interestIncome": 2000000,
    "interestExpense": 176000000,
    "depreciationAndAmortization": 566000000,
    "ebitda": 994000000,
    "ebitdaratio": 0.2575129534,
    "operatingIncome": 408000000,
    "operatingIncomeRatio": 0.1056994819,
    "totalOtherIncomeExpensesNet": -156000000,
    "incomeBeforeTax": 252000000,
    "incomeBeforeTaxRatio": 0.0652849741,
    "incomeTaxExpense": 49000000,
    "netIncome": 203000000,
    "netIncomeRatio": 0.0525906736,
    "eps": 0.5,
    "epsdiluted": 0.5,
    "weightedAverageShsOut": 403000000,
    "weightedAverageShsOutDil": 404000000,
    "link": "https://www.sec.gov/Archives/edgar/data/1004980/000119312511295273/0001193125-11-295273-index.htm",
    "finalLink": "https://www.sec.gov/Archives/edgar/data/75488/000119312511295273/d234790d10q.htm"
  },
  {
    "date": "2011-06-30",
    "symbol": "PCG",
    "reportedCurrency": "USD",
    "cik": "0001004980",
    "fillingDate": "2011-08-04",
    "acceptedDate": "2011-08-04 17:25:39",
    "calendarYear": "2011",
    "period": "Q2",
    "revenue": 3684000000,
    "costOfRevenue": 1164000000,
    "grossProfit": 2520000000,
    "grossProfitRatio": 0.6840390879,
    "researchAndDevelopmentExpenses": 0,
    "generalAndAdministrativeExpenses": 0,
    "sellingAndMarketingExpenses": 0,
    "sellingGeneralAndAdministrativeExpenses": 0,
    "otherExpenses": 1828000000,
    "operatingExpenses": 1828000000,
    "costAndExpenses": 2992000000,
    "interestIncome": 3000000,
    "interestExpense": 174000000,
    "depreciationAndAmortization": 591000000,
    "ebitda": 1307000000,
    "ebitdaratio": 0.3547774159,
    "operatingIncome": 692000000,
    "operatingIncomeRatio": 0.1878393051,
    "totalOtherIncomeExpensesNet": -150000000,
    "incomeBeforeTax": 542000000,
    "incomeBeforeTaxRatio": 0.1471226927,
    "incomeTaxExpense": 176000000,
    "netIncome": 366000000,
    "netIncomeRatio": 0.0993485342,
    "eps": 0.91,
    "epsdiluted": 0.91,
    "weightedAverageShsOut": 399000000,
    "weightedAverageShsOutDil": 400000000,
    "link": "https://www.sec.gov/Archives/edgar/data/1004980/000119312511210616/0001193125-11-210616-index.htm",
    "finalLink": "https://www.sec.gov/Archives/edgar/data/75488/000119312511210616/d10q.htm"
  },
  {
    "date": "2011-03-31",
    "symbol": "PCG",
    "reportedCurrency": "USD",
    "cik": "0001004980",
    "fillingDate": "2011-05-04",
    "acceptedDate": "2011-05-04 16:29:53",
    "calendarYear": "2011",
    "period": "Q1",
    "revenue": 3597000000,
    "costOfRevenue": 1396000000,
    "grossProfit": 2201000000,
    "grossProfitRatio": 0.6118988046,
    "researchAndDevelopmentExpenses": 0,
    "generalAndAdministrativeExpenses": 0,
    "sellingAndMarketingExpenses": 0,
    "sellingGeneralAndAdministrativeExpenses": 0,
    "otherExpenses": 1717000000,
    "operatingExpenses": 1717000000,
    "costAndExpenses": 3113000000,
    "interestIncome": 2000000,
    "interestExpense": 177000000,
    "depreciationAndAmortization": 491000000,
    "ebitda": 994000000,
    "ebitdaratio": 0.2763413956,
    "operatingIncome": 484000000,
    "operatingIncomeRatio": 0.1345565749,
    "totalOtherIncomeExpensesNet": -158000000,
    "incomeBeforeTax": 326000000,
    "incomeBeforeTaxRatio": 0.0906310815,
    "incomeTaxExpense": 124000000,
    "netIncome": 202000000,
    "netIncomeRatio": 0.0561579094,
    "eps": 0.5,
    "epsdiluted": 0.5,
    "weightedAverageShsOut": 396000000,
    "weightedAverageShsOutDil": 397000000,
    "link": "https://www.sec.gov/Archives/edgar/data/1004980/000119312511126167/0001193125-11-126167-index.htm",
    "finalLink": "https://www.sec.gov/Archives/edgar/data/1004980/000119312511126167/d10q.htm"
  },
  {
    "date": "2010-12-31",
    "symbol": "PCG",
    "reportedCurrency": "USD",
    "cik": "0001004980",
    "fillingDate": "2011-02-17",
    "acceptedDate": "2011-02-17 14:38:15",
    "calendarYear": "2010",
    "period": "Q4",
    "revenue": 3621000000,
    "costOfRevenue": 1380000000,
    "grossProfit": 2241000000,
    "grossProfitRatio": 0.6188898094,
    "researchAndDevelopmentExpenses": 0,
    "generalAndAdministrativeExpenses": 0,
    "sellingAndMarketingExpenses": 0,
    "sellingGeneralAndAdministrativeExpenses": 0,
    "otherExpenses": 1749000000,
    "operatingExpenses": 1749000000,
    "costAndExpenses": 3129000000,
    "interestIncome": 2000000,
    "interestExpense": 174000000,
    "depreciationAndAmortization": 542000000,
    "ebitda": 1038000000,
    "ebitdaratio": 0.2866611433,
    "operatingIncome": 492000000,
    "operatingIncomeRatio": 0.1358740679,
    "totalOtherIncomeExpensesNet": -170000000,
    "incomeBeforeTax": 322000000,
    "incomeBeforeTaxRatio": 0.0889257111,
    "incomeTaxExpense": 68000000,
    "netIncome": 254000000,
    "netIncomeRatio": 0.0701463684,
    "eps": 0.64,
    "epsdiluted": 0.64,
    "weightedAverageShsOut": 382000000,
    "weightedAverageShsOutDil": 396000000,
    "link": "https://www.sec.gov/Archives/edgar/data/1004980/000119312511038959/0001193125-11-038959-index.htm",
    "finalLink": "https://www.sec.gov/Archives/edgar/data/1004980/000119312511038959/d10k.htm"
  },
  {
    "date": "2010-09-30",
    "symbol": "PCG",
    "reportedCurrency": "USD",
    "cik": "0001004980",
    "fillingDate": "2010-11-04",
    "acceptedDate": "2010-11-04 14:33:23",
    "calendarYear": "2010",
    "period": "Q3",
    "revenue": 3513000000,
    "costOfRevenue": 1284000000,
    "grossProfit": 2229000000,
    "grossProfitRatio": 0.634500427,
    "researchAndDevelopmentExpenses": 0,
    "generalAndAdministrativeExpenses": 0,
    "sellingAndMarketingExpenses": 0,
    "sellingGeneralAndAdministrativeExpenses": 0,
    "otherExpenses": 1726000000,
    "operatingExpenses": 1726000000,
    "costAndExpenses": 3010000000,
    "interestIncome": 3000000,
    "interestExpense": 167000000,
    "depreciationAndAmortization": 501000000,
    "ebitda": 1036000000,
    "ebitdaratio": 0.2949046399,
    "operatingIncome": 503000000,
    "operatingIncomeRatio": 0.1431824651,
    "totalOtherIncomeExpensesNet": -135000000,
    "incomeBeforeTax": 368000000,
    "incomeBeforeTaxRatio": 0.1047537717,
    "incomeTaxExpense": 107000000,
    "netIncome": 261000000,
    "netIncomeRatio": 0.074295474,
    "eps": 0.66,
    "epsdiluted": 0.66,
    "weightedAverageShsOut": 390000000,
    "weightedAverageShsOutDil": 392000000,
    "link": "https://www.sec.gov/Archives/edgar/data/1004980/000119312510247854/0001193125-10-247854-index.htm",
    "finalLink": "https://www.sec.gov/Archives/edgar/data/1004980/000119312510247854/d10q.htm"
  },
  {
    "date": "2010-06-30",
    "symbol": "PCG",
    "reportedCurrency": "USD",
    "cik": "0001004980",
    "fillingDate": "2010-08-04",
    "acceptedDate": "2010-08-04 17:18:16",
    "calendarYear": "2010",
    "period": "Q2",
    "revenue": 3232000000,
    "costOfRevenue": 1110000000,
    "grossProfit": 2122000000,
    "grossProfitRatio": 0.6565594059,
    "researchAndDevelopmentExpenses": 0,
    "generalAndAdministrativeExpenses": 0,
    "sellingAndMarketingExpenses": 0,
    "sellingGeneralAndAdministrativeExpenses": 0,
    "otherExpenses": 1427000000,
    "operatingExpenses": 1427000000,
    "costAndExpenses": 2537000000,
    "interestIncome": 2000000,
    "interestExpense": 175000000,
    "depreciationAndAmortization": 532000000,
    "ebitda": 1231000000,
    "ebitdaratio": 0.3808787129,
    "operatingIncome": 695000000,
    "operatingIncomeRatio": 0.2150371287,
    "totalOtherIncomeExpensesNet": -171000000,
    "incomeBeforeTax": 524000000,
    "incomeBeforeTaxRatio": 0.1621287129,
    "incomeTaxExpense": 187000000,
    "netIncome": 337000000,
    "netIncomeRatio": 0.104269802,
    "eps": 0.88,
    "epsdiluted": 0.86,
    "weightedAverageShsOut": 373000000,
    "weightedAverageShsOutDil": 390000000,
    "link": "https://www.sec.gov/Archives/edgar/data/1004980/000119312510177404/0001193125-10-177404-index.htm",
    "finalLink": "https://www.sec.gov/Archives/edgar/data/1004980/000119312510177404/d10q.htm"
  },
  {
    "date": "2010-03-31",
    "symbol": "PCG",
    "reportedCurrency": "USD",
    "cik": "0001004980",
    "fillingDate": "2010-05-07",
    "acceptedDate": "2010-05-07 14:58:29",
    "calendarYear": "2010",
    "period": "Q1",
    "revenue": 3475000000,
    "costOfRevenue": 1415000000,
    "grossProfit": 2060000000,
    "grossProfitRatio": 0.5928057554,
    "researchAndDevelopmentExpenses": 0,
    "generalAndAdministrativeExpenses": 0,
    "sellingAndMarketingExpenses": 0,
    "sellingGeneralAndAdministrativeExpenses": 0,
    "otherExpenses": 1442000000,
    "operatingExpenses": 1442000000,
    "costAndExpenses": 2857000000,
    "interestIncome": 2000000,
    "interestExpense": 168000000,
    "depreciationAndAmortization": 506000000,
    "ebitda": 1120000000,
    "ebitdaratio": 0.3223021583,
    "operatingIncome": 618000000,
    "operatingIncomeRatio": 0.1778417266,
    "totalOtherIncomeExpensesNet": -172000000,
    "incomeBeforeTax": 446000000,
    "incomeBeforeTaxRatio": 0.1283453237,
    "incomeTaxExpense": 185000000,
    "netIncome": 261000000,
    "netIncomeRatio": 0.0751079137,
    "eps": 0.69,
    "epsdiluted": 0.67,
    "weightedAverageShsOut": 371000000,
    "weightedAverageShsOutDil": 389000000,
    "link": "https://www.sec.gov/Archives/edgar/data/1004980/000100498010000047/0001004980-10-000047-index.htm",
    "finalLink": "https://www.sec.gov/Archives/edgar/data/1004980/000100498010000047/q1form10q.htm"
  },
  {
    "date": "2009-12-31",
    "symbol": "PCG",
    "reportedCurrency": "USD",
    "cik": "0001004980",
    "fillingDate": "2010-02-19",
    "acceptedDate": "2010-02-19 17:12:56",
    "calendarYear": "2009",
    "period": "Q4",
    "revenue": 3539000000,
    "costOfRevenue": 1360000000,
    "grossProfit": 2179000000,
    "grossProfitRatio": 0.6157106527,
    "researchAndDevelopmentExpenses": 0,
    "generalAndAdministrativeExpenses": 0,
    "sellingAndMarketingExpenses": 0,
    "sellingGeneralAndAdministrativeExpenses": 0,
    "otherExpenses": 1656000000,
    "operatingExpenses": 1656000000,
    "costAndExpenses": 3016000000,
    "interestIncome": 6000000,
    "interestExpense": 172000000,
    "depreciationAndAmortization": 492000000,
    "ebitda": 1025000000,
    "ebitdaratio": 0.2896298389,
    "operatingIncome": 523000000,
    "operatingIncomeRatio": 0.1477818593,
    "totalOtherIncomeExpensesNet": -162000000,
    "incomeBeforeTax": 361000000,
    "incomeBeforeTaxRatio": 0.1020062164,
    "incomeTaxExpense": 84000000,
    "netIncome": 277000000,
    "netIncomeRatio": 0.0782706979,
    "eps": 0.75,
    "epsdiluted": 0.75,
    "weightedAverageShsOut": 371000000,
    "weightedAverageShsOutDil": 386000000,
    "link": "https://www.sec.gov/Archives/edgar/data/1004980/000100498010000015/0001004980-10-000015-index.htm",
    "finalLink": "https://www.sec.gov/Archives/edgar/data/1004980/000100498010000015/form10k.htm"
  },
  {
    "date": "2009-09-30",
    "symbol": "PCG",
    "reportedCurrency": "USD",
    "cik": "0001004980",
    "fillingDate": "2009-10-29",
    "acceptedDate": "2009-10-29 13:25:32",
    "calendarYear": "2009",
    "period": "Q3",
    "revenue": 3235000000,
    "costOfRevenue": 1131000000,
    "grossProfit": 2104000000,
    "grossProfitRatio": 0.6503863988,
    "researchAndDevelopmentExpenses": 0,
    "generalAndAdministrativeExpenses": 0,
    "sellingAndMarketingExpenses": 0,
    "sellingGeneralAndAdministrativeExpenses": 0,
    "otherExpenses": 1497000000,
    "operatingExpenses": 1497000000,
    "costAndExpenses": 2628000000,
    "interestIncome": 1000000,
    "interestExpense": 174000000,
    "depreciationAndAmortization": 511000000,
    "ebitda": 1142000000,
    "ebitdaratio": 0.3530139104,
    "operatingIncome": 607000000,
    "operatingIncomeRatio": 0.1876352396,
    "totalOtherIncomeExpensesNet": -150000000,
    "incomeBeforeTax": 457000000,
    "incomeBeforeTaxRatio": 0.1412673879,
    "incomeTaxExpense": 136000000,
    "netIncome": 321000000,
    "netIncomeRatio": 0.0992272025,
    "eps": 0.84,
    "epsdiluted": 0.83,
    "weightedAverageShsOut": 370000000,
    "weightedAverageShsOutDil": 388000000,
    "link": "https://www.sec.gov/Archives/edgar/data/1004980/000100498009000102/0001004980-09-000102-index.htm",
    "finalLink": "https://www.sec.gov/Archives/edgar/data/1004980/000100498009000102/form10q.htm"
  },
  {
    "date": "2009-06-30",
    "symbol": "PCG",
    "reportedCurrency": "USD",
    "cik": "0001004980",
    "fillingDate": "2009-08-05",
    "acceptedDate": "2009-08-05 14:21:07",
    "calendarYear": "2009",
    "period": "Q2",
    "revenue": 3194000000,
    "costOfRevenue": 1071000000,
    "grossProfit": 2123000000,
    "grossProfitRatio": 0.6646837821,
    "researchAndDevelopmentExpenses": 0,
    "generalAndAdministrativeExpenses": 0,
    "sellingAndMarketingExpenses": 0,
    "sellingGeneralAndAdministrativeExpenses": 0,
    "otherExpenses": 1467000000,
    "operatingExpenses": 1467000000,
    "costAndExpenses": 2538000000,
    "interestIncome": 17000000,
    "interestExpense": 178000000,
    "depreciationAndAmortization": 481000000,
    "ebitda": 1176000000,
    "ebitdaratio": 0.3681903569,
    "operatingIncome": 656000000,
    "operatingIncomeRatio": 0.2053850971,
    "totalOtherIncomeExpensesNet": -139000000,
    "incomeBeforeTax": 517000000,
    "incomeBeforeTaxRatio": 0.1618659987,
    "incomeTaxExpense": 125000000,
    "netIncome": 392000000,
    "netIncomeRatio": 0.122730119,
    "eps": 1.03,
    "epsdiluted": 1.02,
    "weightedAverageShsOut": 368000000,
    "weightedAverageShsOutDil": 369000000,
    "link": "https://www.sec.gov/Archives/edgar/data/1004980/000100498009000057/0001004980-09-000057-index.htm",
    "finalLink": "https://www.sec.gov/Archives/edgar/data/1004980/000100498009000057/q209_form10q.htm"
  },
  {
    "date": "2009-03-31",
    "symbol": "PCG",
    "reportedCurrency": "USD",
    "cik": "0001004980",
    "fillingDate": "2009-05-06",
    "acceptedDate": "2009-05-06 14:25:06",
    "calendarYear": "2009",
    "period": "Q1",
    "revenue": 3431000000,
    "costOfRevenue": 1440000000,
    "grossProfit": 1991000000,
    "grossProfitRatio": 0.5802972894,
    "researchAndDevelopmentExpenses": 0,
    "generalAndAdministrativeExpenses": 0,
    "sellingAndMarketingExpenses": 0,
    "sellingGeneralAndAdministrativeExpenses": 0,
    "otherExpenses": 1478000000,
    "operatingExpenses": 1478000000,
    "costAndExpenses": 2918000000,
    "interestIncome": 9000000,
    "interestExpense": 181000000,
    "depreciationAndAmortization": 463000000,
    "ebitda": 1003000000,
    "ebitdaratio": 0.2923345963,
    "operatingIncome": 513000000,
    "operatingIncomeRatio": 0.1495190906,
    "totalOtherIncomeExpensesNet": -154000000,
    "incomeBeforeTax": 359000000,
    "incomeBeforeTaxRatio": 0.1046342174,
    "incomeTaxExpense": 115000000,
    "netIncome": 244000000,
    "netIncomeRatio": 0.0711162926,
    "eps": 0.65,
    "epsdiluted": 0.65,
    "weightedAverageShsOut": 364000000,
    "weightedAverageShsOutDil": 366000000,
    "link": "https://www.sec.gov/Archives/edgar/data/1004980/000007548809000027/0000075488-09-000027-index.htm",
    "finalLink": "https://www.sec.gov/Archives/edgar/data/1004980/000007548809000027/q10910q.htm"
  },
  {
    "date": "2008-12-31",
    "symbol": "PCG",
    "reportedCurrency": "USD",
    "cik": "0001004980",
    "fillingDate": "2009-02-24",
    "acceptedDate": "2009-02-24 16:03:04",
    "calendarYear": "2008",
    "period": "Q4",
    "revenue": 3643000000,
    "costOfRevenue": 1496000000,
    "grossProfit": 2147000000,
    "grossProfitRatio": 0.5893494373,
    "researchAndDevelopmentExpenses": 0,
    "generalAndAdministrativeExpenses": 0,
    "sellingAndMarketingExpenses": 0,
    "sellingGeneralAndAdministrativeExpenses": 0,
    "otherExpenses": 1602000000,
    "operatingExpenses": 1602000000,
    "costAndExpenses": 3098000000,
    "interestIncome": 0,
    "interestExpense": 0,
    "depreciationAndAmortization": 526000000,
    "ebitda": 1147000000,
    "ebitdaratio": 0.314850398,
    "operatingIncome": 545000000,
    "operatingIncomeRatio": 0.1496019764,
    "totalOtherIncomeExpensesNet": -170000000,
    "incomeBeforeTax": 375000000,
    "incomeBeforeTaxRatio": 0.1029371397,
    "incomeTaxExpense": 12000000,
    "netIncome": 517000000,
    "netIncomeRatio": 0.1419160033,
    "eps": 1.42,
    "epsdiluted": 1.42,
    "weightedAverageShsOut": 357000000,
    "weightedAverageShsOutDil": 358000000,
    "link": "https://www.sec.gov/Archives/edgar/data/1004980/000100498009000009/0001004980-09-000009-index.htm",
    "finalLink": "https://www.sec.gov/Archives/edgar/data/1004980/000100498009000009/form10k123108.htm"
  },
  {
    "date": "2008-09-30",
    "symbol": "PCG",
    "reportedCurrency": "USD",
    "cik": "0001004980",
    "fillingDate": "2008-11-06",
    "acceptedDate": "2008-11-06 14:05:36",
    "calendarYear": "2008",
    "period": "Q3",
    "revenue": 3674000000,
    "costOfRevenue": 1633000000,
    "grossProfit": 2041000000,
    "grossProfitRatio": 0.555525313,
    "researchAndDevelopmentExpenses": 0,
    "generalAndAdministrativeExpenses": 0,
    "sellingAndMarketingExpenses": 0,
    "sellingGeneralAndAdministrativeExpenses": 0,
    "otherExpenses": 1402000000,
    "operatingExpenses": 1402000000,
    "costAndExpenses": 3035000000,
    "interestIncome": 0,
    "interestExpense": 0,
    "depreciationAndAmortization": 435000000,
    "ebitda": 1074000000,
    "ebitdaratio": 0.292324442,
    "operatingIncome": 639000000,
    "operatingIncomeRatio": 0.1739248775,
    "totalOtherIncomeExpensesNet": -172000000,
    "incomeBeforeTax": 467000000,
    "incomeBeforeTaxRatio": 0.1271094175,
    "incomeTaxExpense": 163000000,
    "netIncome": 304000000,
    "netIncomeRatio": 0.0827436037,
    "eps": 0.83,
    "epsdiluted": 0.83,
    "weightedAverageShsOut": 357000000,
    "weightedAverageShsOutDil": 358000000,
    "link": "https://www.sec.gov/Archives/edgar/data/1004980/000007548808000049/0000075488-08-000049-index.htm",
    "finalLink": "https://www.sec.gov/Archives/edgar/data/1004980/000007548808000049/q30810q.htm"
  },
  {
    "date": "2008-06-30",
    "symbol": "PCG",
    "reportedCurrency": "USD",
    "cik": "0001004980",
    "fillingDate": "2008-08-06",
    "acceptedDate": "2008-08-06 14:06:30",
    "calendarYear": "2008",
    "period": "Q2",
    "revenue": 3578000000,
    "costOfRevenue": 1584000000,
    "grossProfit": 1994000000,
    "grossProfitRatio": 0.557294578,
    "researchAndDevelopmentExpenses": 0,
    "generalAndAdministrativeExpenses": 0,
    "sellingAndMarketingExpenses": 0,
    "sellingGeneralAndAdministrativeExpenses": 0,
    "otherExpenses": 1410000000,
    "operatingExpenses": 1410000000,
    "costAndExpenses": 2994000000,
    "interestIncome": 33000000,
    "interestExpense": 185000000,
    "depreciationAndAmortization": 465000000,
    "ebitda": 1087000000,
    "ebitdaratio": 0.3038010061,
    "operatingIncome": 584000000,
    "operatingIncomeRatio": 0.1632196758,
    "totalOtherIncomeExpensesNet": -147000000,
    "incomeBeforeTax": 437000000,
    "incomeBeforeTaxRatio": 0.1221352711,
    "incomeTaxExpense": 140000000,
    "netIncome": 297000000,
    "netIncomeRatio": 0.0830072666,
    "eps": 0.8,
    "epsdiluted": 0.8,
    "weightedAverageShsOut": 356000000,
    "weightedAverageShsOutDil": 357000000,
    "link": "https://www.sec.gov/Archives/edgar/data/1004980/000007548808000034/0000075488-08-000034-index.htm",
    "finalLink": "https://www.sec.gov/Archives/edgar/data/1004980/000007548808000034/q208_form10q.htm"
  },
  {
    "date": "2008-03-31",
    "symbol": "PCG",
    "reportedCurrency": "USD",
    "cik": "0001004980",
    "fillingDate": "2008-05-06",
    "acceptedDate": "2008-05-06 13:02:46",
    "calendarYear": "2008",
    "period": "Q1",
    "revenue": 3733000000,
    "costOfRevenue": 1802000000,
    "grossProfit": 1931000000,
    "grossProfitRatio": 0.5172783284,
    "researchAndDevelopmentExpenses": 0,
    "generalAndAdministrativeExpenses": 0,
    "sellingAndMarketingExpenses": 0,
    "sellingGeneralAndAdministrativeExpenses": 0,
    "otherExpenses": 1438000000,
    "operatingExpenses": 1438000000,
    "costAndExpenses": 3240000000,
    "interestIncome": 26000000,
    "interestExpense": 187000000,
    "depreciationAndAmortization": 437000000,
    "ebitda": 961000000,
    "ebitdaratio": 0.2574336994,
    "operatingIncome": 493000000,
    "operatingIncomeRatio": 0.132065363,
    "totalOtherIncomeExpensesNet": -156000000,
    "incomeBeforeTax": 337000000,
    "incomeBeforeTaxRatio": 0.0902759175,
    "incomeTaxExpense": 110000000,
    "netIncome": 227000000,
    "netIncomeRatio": 0.0608090008,
    "eps": 0.62,
    "epsdiluted": 0.62,
    "weightedAverageShsOut": 355000000,
    "weightedAverageShsOutDil": 356000000,
    "link": "https://www.sec.gov/Archives/edgar/data/1004980/000007548808000021/0000075488-08-000021-index.htm",
    "finalLink": "https://www.sec.gov/Archives/edgar/data/1004980/000007548808000021/q108_form10q.htm"
  },
  {
    "date": "2007-12-31",
    "symbol": "PCG",
    "reportedCurrency": "USD",
    "cik": "0001004980",
    "fillingDate": "2008-02-22",
    "acceptedDate": "2008-02-22 12:57:06",
    "calendarYear": "2007",
    "period": "Q4",
    "revenue": 3416000000,
    "costOfRevenue": 1435000000,
    "grossProfit": 1981000000,
    "grossProfitRatio": 0.5799180328,
    "researchAndDevelopmentExpenses": 0,
    "generalAndAdministrativeExpenses": 0,
    "sellingAndMarketingExpenses": 0,
    "sellingGeneralAndAdministrativeExpenses": 0,
    "otherExpenses": 1532000000,
    "operatingExpenses": 1532000000,
    "costAndExpenses": 2967000000,
    "interestIncome": 0,
    "interestExpense": 0,
    "depreciationAndAmortization": 476000000,
    "ebitda": 925000000,
    "ebitdaratio": 0.2707845433,
    "operatingIncome": 449000000,
    "operatingIncomeRatio": 0.131440281,
    "totalOtherIncomeExpensesNet": -145000000,
    "incomeBeforeTax": 304000000,
    "incomeBeforeTaxRatio": 0.0889929742,
    "incomeTaxExpense": 101000000,
    "netIncome": 203000000,
    "netIncomeRatio": 0.0594262295,
    "eps": 0.57,
    "epsdiluted": 0.57,
    "weightedAverageShsOut": 346000000,
    "weightedAverageShsOutDil": 349000000,
    "link": "https://www.sec.gov/Archives/edgar/data/1004980/000100498008000054/0001004980-08-000054-index.htm",
    "finalLink": "https://www.sec.gov/Archives/edgar/data/1004980/000100498008000054/form10k2007.htm"
  },
  {
    "date": "2007-09-30",
    "symbol": "PCG",
    "reportedCurrency": "USD",
    "cik": "0001004980",
    "fillingDate": "2007-11-01",
    "acceptedDate": "2007-11-01 12:02:36",
    "calendarYear": "2007",
    "period": "Q3",
    "revenue": 3279000000,
    "costOfRevenue": 1279000000,
    "grossProfit": 2000000000,
    "grossProfitRatio": 0.6099420555,
    "researchAndDevelopmentExpenses": 0,
    "generalAndAdministrativeExpenses": 0,
    "sellingAndMarketingExpenses": 0,
    "sellingGeneralAndAdministrativeExpenses": 0,
    "otherExpenses": 1418000000,
    "operatingExpenses": 1418000000,
    "costAndExpenses": 2697000000,
    "interestIncome": 0,
    "interestExpense": 0,
    "depreciationAndAmortization": 505000000,
    "ebitda": 1087000000,
    "ebitdaratio": 0.3315035072,
    "operatingIncome": 582000000,
    "operatingIncomeRatio": 0.1774931382,
    "totalOtherIncomeExpensesNet": -153000000,
    "incomeBeforeTax": 429000000,
    "incomeBeforeTaxRatio": 0.1308325709,
    "incomeTaxExpense": 151000000,
    "netIncome": 278000000,
    "netIncomeRatio": 0.0847819457,
    "eps": 0.77,
    "epsdiluted": 0.77,
    "weightedAverageShsOut": 352000000,
    "weightedAverageShsOutDil": 352000000,
    "link": "https://www.sec.gov/Archives/edgar/data/1004980/000007548807000044/0000075488-07-000044-index.htm",
    "finalLink": "https://www.sec.gov/Archives/edgar/data/1004980/000007548807000044/q307_form10q.htm"
  },
  {
    "date": "2007-06-30",
    "symbol": "PCG",
    "reportedCurrency": "USD",
    "cik": "0001004980",
    "fillingDate": "2007-08-07",
    "acceptedDate": "2007-08-07 12:34:09",
    "calendarYear": "2007",
    "period": "Q2",
    "revenue": 3187000000,
    "costOfRevenue": 1280000000,
    "grossProfit": 1907000000,
    "grossProfitRatio": 0.5983683715,
    "researchAndDevelopmentExpenses": 0,
    "generalAndAdministrativeExpenses": 0,
    "sellingAndMarketingExpenses": 0,
    "sellingGeneralAndAdministrativeExpenses": 0,
    "otherExpenses": 1352000000,
    "operatingExpenses": 1352000000,
    "costAndExpenses": 2632000000,
    "interestIncome": 0,
    "interestExpense": 0,
    "depreciationAndAmortization": 460000000,
    "ebitda": 1015000000,
    "ebitdaratio": 0.3184813304,
    "operatingIncome": 555000000,
    "operatingIncomeRatio": 0.1741449639,
    "totalOtherIncomeExpensesNet": -138000000,
    "incomeBeforeTax": 417000000,
    "incomeBeforeTaxRatio": 0.130844054,
    "incomeTaxExpense": 148000000,
    "netIncome": 269000000,
    "netIncomeRatio": 0.0844053969,
    "eps": 0.75,
    "epsdiluted": 0.74,
    "weightedAverageShsOut": 350000000,
    "weightedAverageShsOutDil": 363513514,
    "link": "https://www.sec.gov/Archives/edgar/data/1004980/000007548807000037/0000075488-07-000037-index.htm",
    "finalLink": "https://www.sec.gov/Archives/edgar/data/1004980/000007548807000037/q207_form10q.htm"
  },
  {
    "date": "2007-03-31",
    "symbol": "PCG",
    "reportedCurrency": "USD",
    "cik": "0001004980",
    "fillingDate": "2007-05-10",
    "acceptedDate": "2007-05-10 12:02:01",
    "calendarYear": "2007",
    "period": "Q1",
    "revenue": 3356000000,
    "costOfRevenue": 1477000000,
    "grossProfit": 1879000000,
    "grossProfitRatio": 0.5598927294,
    "researchAndDevelopmentExpenses": 0,
    "generalAndAdministrativeExpenses": 0,
    "sellingAndMarketingExpenses": 0,
    "sellingGeneralAndAdministrativeExpenses": 0,
    "otherExpenses": 1350000000,
    "operatingExpenses": 1350000000,
    "costAndExpenses": 2827000000,
    "interestIncome": 0,
    "interestExpense": 0,
    "depreciationAndAmortization": 454000000,
    "ebitda": 983000000,
    "ebitdaratio": 0.2929082241,
    "operatingIncome": 529000000,
    "operatingIncomeRatio": 0.1576281287,
    "totalOtherIncomeExpensesNet": -134000000,
    "incomeBeforeTax": 395000000,
    "incomeBeforeTaxRatio": 0.1176996424,
    "incomeTaxExpense": 139000000,
    "netIncome": 256000000,
    "netIncomeRatio": 0.0762812872,
    "eps": 0.71,
    "epsdiluted": 0.71,
    "weightedAverageShsOut": 349000000,
    "weightedAverageShsOutDil": 351000000,
    "link": "https://www.sec.gov/Archives/edgar/data/1004980/000007548807000028/0000075488-07-000028-index.htm",
    "finalLink": "https://www.sec.gov/Archives/edgar/data/1004980/000007548807000028/q107_form10q.htm"
  },
  {
    "date": "2006-12-31",
    "symbol": "PCG",
    "reportedCurrency": "USD",
    "cik": "0001004980",
    "fillingDate": "2007-02-22",
    "acceptedDate": "2007-02-22 17:03:55",
    "calendarYear": "2006",
    "period": "Q4",
    "revenue": 3206000000,
    "costOfRevenue": 1285000000,
    "grossProfit": 1921000000,
    "grossProfitRatio": 0.5991890206,
    "researchAndDevelopmentExpenses": 0,
    "generalAndAdministrativeExpenses": 0,
    "sellingAndMarketingExpenses": 0,
    "sellingGeneralAndAdministrativeExpenses": 0,
    "otherExpenses": 1482000000,
    "operatingExpenses": 1482000000,
    "costAndExpenses": 2767000000,
    "interestIncome": 0,
    "interestExpense": 0,
    "depreciationAndAmortization": 413000000,
    "ebitda": 857000000,
    "ebitdaratio": 0.2673112913,
    "operatingIncome": 439000000,
    "operatingIncomeRatio": 0.1369307548,
    "totalOtherIncomeExpensesNet": -203000000,
    "incomeBeforeTax": 236000000,
    "incomeBeforeTaxRatio": 0.0736119775,
    "incomeTaxExpense": 84000000,
    "netIncome": 152000000,
    "netIncomeRatio": 0.0474111042,
    "eps": 0.44,
    "epsdiluted": 0.44,
    "weightedAverageShsOut": 349000000,
    "weightedAverageShsOutDil": 349000000,
    "link": "https://www.sec.gov/Archives/edgar/data/1004980/000100498007000057/0001004980-07-000057-index.htm",
    "finalLink": "https://www.sec.gov/Archives/edgar/data/1004980/000100498007000057/form10k.htm"
  },
  {
    "date": "2006-09-30",
    "symbol": "PCG",
    "reportedCurrency": "USD",
    "cik": "0001004980",
    "fillingDate": "2006-11-08",
    "acceptedDate": "2006-11-08 14:08:40",
    "calendarYear": "2006",
    "period": "Q3",
    "revenue": 3168000000,
    "costOfRevenue": 1182000000,
    "grossProfit": 1986000000,
    "grossProfitRatio": 0.6268939394,
    "researchAndDevelopmentExpenses": 0,
    "generalAndAdministrativeExpenses": 0,
    "sellingAndMarketingExpenses": 0,
    "sellingGeneralAndAdministrativeExpenses": 0,
    "otherExpenses": 1251000000,
    "operatingExpenses": 1251000000,
    "costAndExpenses": 2433000000,
    "interestIncome": 0,
    "interestExpense": 0,
    "depreciationAndAmortization": 475000000,
    "ebitda": 1210000000,
    "ebitdaratio": 0.3819444444,
    "operatingIncome": 735000000,
    "operatingIncomeRatio": 0.2320075758,
    "totalOtherIncomeExpensesNet": -134000000,
    "incomeBeforeTax": 601000000,
    "incomeBeforeTaxRatio": 0.189709596,
    "incomeTaxExpense": 208000000,
    "netIncome": 393000000,
    "netIncomeRatio": 0.1240530303,
    "eps": 1.09,
    "epsdiluted": 1.09,
    "weightedAverageShsOut": 347000000,
    "weightedAverageShsOutDil": 347000000,
    "link": "https://www.sec.gov/Archives/edgar/data/1004980/000100498006000255/0001004980-06-000255-index.htm",
    "finalLink": "https://www.sec.gov/Archives/edgar/data/1004980/000100498006000255/q306form10q.htm"
  },
  {
    "date": "2006-06-30",
    "symbol": "PCG",
    "reportedCurrency": "USD",
    "cik": "0001004980",
    "fillingDate": "2006-08-02",
    "acceptedDate": "2006-08-02 11:59:34",
    "calendarYear": "2006",
    "period": "Q2",
    "revenue": 3017000000,
    "costOfRevenue": 1149000000,
    "grossProfit": 1868000000,
    "grossProfitRatio": 0.6191581041,
    "researchAndDevelopmentExpenses": 0,
    "generalAndAdministrativeExpenses": 0,
    "sellingAndMarketingExpenses": 0,
    "sellingGeneralAndAdministrativeExpenses": 0,
    "otherExpenses": 1403000000,
    "operatingExpenses": 1403000000,
    "costAndExpenses": 2552000000,
    "interestIncome": 0,
    "interestExpense": 0,
    "depreciationAndAmortization": 466000000,
    "ebitda": 932000000,
    "ebitdaratio": 0.3089161419,
    "operatingIncome": 465000000,
    "operatingIncomeRatio": 0.1541266158,
    "totalOtherIncomeExpensesNet": -95000000,
    "incomeBeforeTax": 370000000,
    "incomeBeforeTaxRatio": 0.1226383825,
    "incomeTaxExpense": 138000000,
    "netIncome": 232000000,
    "netIncomeRatio": 0.0768975804,
    "eps": 0.65,
    "epsdiluted": 0.65,
    "weightedAverageShsOut": 346000000,
    "weightedAverageShsOutDil": 346000000,
    "link": "https://www.sec.gov/Archives/edgar/data/1004980/000007548806000022/0000075488-06-000022-index.htm",
    "finalLink": "https://www.sec.gov/Archives/edgar/data/1004980/000007548806000022/q206form10q.htm"
  },
  {
    "date": "2006-03-31",
    "symbol": "PCG",
    "reportedCurrency": "USD",
    "cik": "0001004980",
    "fillingDate": "2006-05-03",
    "acceptedDate": "2006-05-03 11:55:42",
    "calendarYear": "2006",
    "period": "Q1",
    "revenue": 3148000000,
    "costOfRevenue": 1403000000,
    "grossProfit": 1745000000,
    "grossProfitRatio": 0.5543202033,
    "researchAndDevelopmentExpenses": 0,
    "generalAndAdministrativeExpenses": 0,
    "sellingAndMarketingExpenses": 0,
    "sellingGeneralAndAdministrativeExpenses": 0,
    "otherExpenses": 1276000000,
    "operatingExpenses": 1276000000,
    "costAndExpenses": 2679000000,
    "interestIncome": 0,
    "interestExpense": 0,
    "depreciationAndAmortization": 414000000,
    "ebitda": 883000000,
    "ebitdaratio": 0.2804955527,
    "operatingIncome": 469000000,
    "operatingIncomeRatio": 0.1489834816,
    "totalOtherIncomeExpensesNet": -131000000,
    "incomeBeforeTax": 338000000,
    "incomeBeforeTaxRatio": 0.1073697586,
    "incomeTaxExpense": 124000000,
    "netIncome": 214000000,
    "netIncomeRatio": 0.0679796696,
    "eps": 0.61,
    "epsdiluted": 0.6,
    "weightedAverageShsOut": 344000000,
    "weightedAverageShsOutDil": 356666667,
    "link": "https://www.sec.gov/Archives/edgar/data/1004980/000100498006000126/0001004980-06-000126-index.htm",
    "finalLink": "https://www.sec.gov/Archives/edgar/data/1004980/000100498006000126/pge10q_q1.htm"
  },
  {
    "date": "2005-12-31",
    "symbol": "PCG",
    "reportedCurrency": "USD",
    "cik": "0001004980",
    "fillingDate": "2006-02-17",
    "acceptedDate": "2006-02-17 15:50:08",
    "calendarYear": "2005",
    "period": "Q4",
    "revenue": 3733000000,
    "costOfRevenue": 1682000000,
    "grossProfit": 2051000000,
    "grossProfitRatio": 0.5494240557,
    "researchAndDevelopmentExpenses": 0,
    "generalAndAdministrativeExpenses": 0,
    "sellingAndMarketingExpenses": 0,
    "sellingGeneralAndAdministrativeExpenses": 0,
    "otherExpenses": 1635000000,
    "operatingExpenses": 1635000000,
    "costAndExpenses": 3317000000,
    "interestIncome": 0,
    "interestExpense": 0,
    "depreciationAndAmortization": 403000000,
    "ebitda": 831000000,
    "ebitdaratio": 0.2226091615,
    "operatingIncome": 416000000,
    "operatingIncomeRatio": 0.1114385213,
    "totalOtherIncomeExpensesNet": -128000000,
    "incomeBeforeTax": 288000000,
    "incomeBeforeTaxRatio": 0.0771497455,
    "incomeTaxExpense": 108000000,
    "netIncome": 180000000,
    "netIncomeRatio": 0.0482185909,
    "eps": 0.52,
    "epsdiluted": 0.52,
    "weightedAverageShsOut": 344000000,
    "weightedAverageShsOutDil": 344000000,
    "link": "https://www.sec.gov/Archives/edgar/data/1004980/000100498006000066/0001004980-06-000066-index.htm",
    "finalLink": "https://www.sec.gov/Archives/edgar/data/1004980/000100498006000066/form10k.htm"
  },
  {
    "date": "2005-09-30",
    "symbol": "PCG",
    "reportedCurrency": "USD",
    "cik": "0001004980",
    "fillingDate": "2005-11-02",
    "acceptedDate": "2005-11-02 10:48:17",
    "calendarYear": "2005",
    "period": "Q3",
    "revenue": 2804000000,
    "costOfRevenue": 1068000000,
    "grossProfit": 1736000000,
    "grossProfitRatio": 0.6191155492,
    "researchAndDevelopmentExpenses": 0,
    "generalAndAdministrativeExpenses": 0,
    "sellingAndMarketingExpenses": 0,
    "sellingGeneralAndAdministrativeExpenses": 0,
    "otherExpenses": 1221000000,
    "operatingExpenses": 1221000000,
    "costAndExpenses": 2289000000,
    "interestIncome": 0,
    "interestExpense": 0,
    "depreciationAndAmortization": 481000000,
    "ebitda": 996000000,
    "ebitdaratio": 0.3552068474,
    "operatingIncome": 515000000,
    "operatingIncomeRatio": 0.1836661912,
    "totalOtherIncomeExpensesNet": -137000000,
    "incomeBeforeTax": 378000000,
    "incomeBeforeTaxRatio": 0.134807418,
    "incomeTaxExpense": 139000000,
    "netIncome": 252000000,
    "netIncomeRatio": 0.089871612,
    "eps": 0.66,
    "epsdiluted": 0.65,
    "weightedAverageShsOut": 372000000,
    "weightedAverageShsOutDil": 387692308,
    "link": "https://www.sec.gov/Archives/edgar/data/1004980/000100498005000248/0001004980-05-000248-index.htm",
    "finalLink": "https://www.sec.gov/Archives/edgar/data/1004980/000100498005000248/pge10q_q3.htm"
  },
  {
    "date": "2005-06-30",
    "symbol": "PCG",
    "reportedCurrency": "USD",
    "cik": "0001004980",
    "fillingDate": "2005-08-03",
    "acceptedDate": "2005-08-03 14:22:54",
    "calendarYear": "2005",
    "period": "Q2",
    "revenue": 2498000000,
    "costOfRevenue": 834000000,
    "grossProfit": 1664000000,
    "grossProfitRatio": 0.6661329063,
    "researchAndDevelopmentExpenses": 0,
    "generalAndAdministrativeExpenses": 0,
    "sellingAndMarketingExpenses": 0,
    "sellingGeneralAndAdministrativeExpenses": 0,
    "otherExpenses": 1126000000,
    "operatingExpenses": 1126000000,
    "costAndExpenses": 1960000000,
    "interestIncome": 0,
    "interestExpense": 0,
    "depreciationAndAmortization": 454000000,
    "ebitda": 992000000,
    "ebitdaratio": 0.3971176942,
    "operatingIncome": 538000000,
    "operatingIncomeRatio": 0.2153722978,
    "totalOtherIncomeExpensesNet": -115000000,
    "incomeBeforeTax": 423000000,
    "incomeBeforeTaxRatio": 0.1693354684,
    "incomeTaxExpense": 156000000,
    "netIncome": 267000000,
    "netIncomeRatio": 0.1068855084,
    "eps": 0.7,
    "epsdiluted": 0.7,
    "weightedAverageShsOut": 370000000,
    "weightedAverageShsOutDil": 370000000,
    "link": "https://www.sec.gov/Archives/edgar/data/1004980/000100498005000188/0001004980-05-000188-index.htm",
    "finalLink": "https://www.sec.gov/Archives/edgar/data/1004980/000100498005000188/pge10q_q2.htm"
  },
  {
    "date": "2005-03-31",
    "symbol": "PCG",
    "reportedCurrency": "USD",
    "cik": "0001004980",
    "fillingDate": "2005-05-04",
    "acceptedDate": "2005-05-04 12:25:44",
    "calendarYear": "2005",
    "period": "Q1",
    "revenue": 2669000000,
    "costOfRevenue": 1016000000,
    "grossProfit": 1653000000,
    "grossProfitRatio": 0.6193330836,
    "researchAndDevelopmentExpenses": 0,
    "generalAndAdministrativeExpenses": 0,
    "sellingAndMarketingExpenses": 0,
    "sellingGeneralAndAdministrativeExpenses": 0,
    "otherExpenses": 1152000000,
    "operatingExpenses": 1152000000,
    "costAndExpenses": 2168000000,
    "interestIncome": 0,
    "interestExpense": 0,
    "depreciationAndAmortization": 385000000,
    "ebitda": 886000000,
    "ebitdaratio": 0.3319595354,
    "operatingIncome": 501000000,
    "operatingIncomeRatio": 0.1877107531,
    "totalOtherIncomeExpensesNet": -141000000,
    "incomeBeforeTax": 360000000,
    "incomeBeforeTaxRatio": 0.1348819783,
    "incomeTaxExpense": 142000000,
    "netIncome": 218000000,
    "netIncomeRatio": 0.0816785313,
    "eps": 0.55,
    "epsdiluted": 0.54,
    "weightedAverageShsOut": 388000000,
    "weightedAverageShsOutDil": 403703704,
    "link": "https://www.sec.gov/Archives/edgar/data/1004980/000100498005000134/0001004980-05-000134-index.htm",
    "finalLink": "https://www.sec.gov/Archives/edgar/data/1004980/000100498005000134/pge10q_q105.htm"
  },
  {
    "date": "2004-12-31",
    "symbol": "PCG",
    "reportedCurrency": "USD",
    "cik": "0001004980",
    "fillingDate": "2005-02-18",
    "acceptedDate": "2005-02-18 13:19:15",
    "calendarYear": "2004",
    "period": "Q4",
    "revenue": 2980000000,
    "costOfRevenue": 1395000000,
    "grossProfit": 1585000000,
    "grossProfitRatio": 0.5318791946,
    "researchAndDevelopmentExpenses": 0,
    "generalAndAdministrativeExpenses": 0,
    "sellingAndMarketingExpenses": 0,
    "sellingGeneralAndAdministrativeExpenses": 0,
    "otherExpenses": 1017000000,
    "operatingExpenses": 1017000000,
    "costAndExpenses": 2412000000,
    "interestIncome": 0,
    "interestExpense": 0,
    "depreciationAndAmortization": 441000000,
    "ebitda": 1009000000,
    "ebitdaratio": 0.338590604,
    "operatingIncome": 568000000,
    "operatingIncomeRatio": 0.1906040268,
    "totalOtherIncomeExpensesNet": -267000000,
    "incomeBeforeTax": 301000000,
    "incomeBeforeTaxRatio": 0.1010067114,
    "incomeTaxExpense": 114000000,
    "netIncome": 871000000,
    "netIncomeRatio": 0.2922818792,
    "eps": 2.24,
    "epsdiluted": 2.24,
    "weightedAverageShsOut": 398000000,
    "weightedAverageShsOutDil": 398000000,
    "link": "https://www.sec.gov/Archives/edgar/data/1004980/000104746905004204/0001047469-05-004204-index.htm",
    "finalLink": "https://www.sec.gov/Archives/edgar/data/1004980/000104746905004204/a2150586z10-k.htm"
  },
  {
    "date": "2004-09-30",
    "symbol": "PCG",
    "reportedCurrency": "USD",
    "cik": "0001004980",
    "fillingDate": "2004-11-02",
    "acceptedDate": "2004-11-02 09:08:45",
    "calendarYear": "2004",
    "period": "Q3",
    "revenue": 2623000000,
    "costOfRevenue": 1031000000,
    "grossProfit": 1592000000,
    "grossProfitRatio": 0.6069386199,
    "researchAndDevelopmentExpenses": 0,
    "generalAndAdministrativeExpenses": 16000000,
    "sellingAndMarketingExpenses": 0,
    "sellingGeneralAndAdministrativeExpenses": 16000000,
    "otherExpenses": 1067000000,
    "operatingExpenses": 1083000000,
    "costAndExpenses": 2114000000,
    "interestIncome": 0,
    "interestExpense": 0,
    "depreciationAndAmortization": 406000000,
    "ebitda": 915000000,
    "ebitdaratio": 0.3488372093,
    "operatingIncome": 509000000,
    "operatingIncomeRatio": 0.1940526115,
    "totalOtherIncomeExpensesNet": -140000000,
    "incomeBeforeTax": 369000000,
    "incomeBeforeTaxRatio": 0.1406786123,
    "incomeTaxExpense": 141000000,
    "netIncome": 228000000,
    "netIncomeRatio": 0.0869233702,
    "eps": 0.55,
    "epsdiluted": 0.53,
    "weightedAverageShsOut": 399000000,
    "weightedAverageShsOutDil": 430188679,
    "link": "https://www.sec.gov/Archives/edgar/data/1004980/000100498004000263/0001004980-04-000263-index.htm",
    "finalLink": "https://www.sec.gov/Archives/edgar/data/1004980/000100498004000263/pge10q_q304.htm"
  },
  {
    "date": "2004-06-30",
    "symbol": "PCG",
    "reportedCurrency": "USD",
    "cik": "0001004980",
    "fillingDate": "2004-08-03",
    "acceptedDate": "2004-08-03 09:16:54",
    "calendarYear": "2004",
    "period": "Q2",
    "revenue": 2749000000,
    "costOfRevenue": 963000000,
    "grossProfit": 1786000000,
    "grossProfitRatio": 0.6496907967,
    "researchAndDevelopmentExpenses": 0,
    "generalAndAdministrativeExpenses": 4000000,
    "sellingAndMarketingExpenses": 0,
    "sellingGeneralAndAdministrativeExpenses": 4000000,
    "otherExpenses": 1110000000,
    "operatingExpenses": 1114000000,
    "costAndExpenses": 2077000000,
    "interestIncome": 0,
    "interestExpense": 0,
    "depreciationAndAmortization": 353000000,
    "ebitda": 1025000000,
    "ebitdaratio": 0.3728628592,
    "operatingIncome": 672000000,
    "operatingIncomeRatio": 0.2444525282,
    "totalOtherIncomeExpensesNet": -165000000,
    "incomeBeforeTax": 507000000,
    "incomeBeforeTaxRatio": 0.1844307021,
    "incomeTaxExpense": 135000000,
    "netIncome": 372000000,
    "netIncomeRatio": 0.1353219352,
    "eps": 0.89,
    "epsdiluted": 0.88,
    "weightedAverageShsOut": 397000000,
    "weightedAverageShsOutDil": 422727273,
    "link": "https://www.sec.gov/Archives/edgar/data/1004980/000100498004000188/0001004980-04-000188-index.htm",
    "finalLink": "https://www.sec.gov/Archives/edgar/data/1004980/000100498004000188/pge10q_q2.htm"
  },
  {
    "date": "2004-03-31",
    "symbol": "PCG",
    "reportedCurrency": "USD",
    "cik": "0001004980",
    "fillingDate": "2004-05-04",
    "acceptedDate": "2004-05-04 09:29:27",
    "calendarYear": "2004",
    "period": "Q1",
    "revenue": 2722000000,
    "costOfRevenue": 1139000000,
    "grossProfit": 1583000000,
    "grossProfitRatio": 0.5815576782,
    "researchAndDevelopmentExpenses": 0,
    "generalAndAdministrativeExpenses": 2000000,
    "sellingAndMarketingExpenses": 0,
    "sellingGeneralAndAdministrativeExpenses": 2000000,
    "otherExpenses": -3773000000,
    "operatingExpenses": -3771000000,
    "costAndExpenses": -2632000000,
    "interestIncome": 0,
    "interestExpense": 0,
    "depreciationAndAmortization": 312000000,
    "ebitda": 5666000000,
    "ebitdaratio": 2.0815576782,
    "operatingIncome": 5354000000,
    "operatingIncomeRatio": 1.9669360764,
    "totalOtherIncomeExpensesNet": -245000000,
    "incomeBeforeTax": 5109000000,
    "incomeBeforeTaxRatio": 1.8769287289,
    "incomeTaxExpense": 2076000000,
    "netIncome": 3033000000,
    "netIncomeRatio": 1.1142542248,
    "eps": -5.67,
    "epsdiluted": -5.67,
    "weightedAverageShsOut": 393000000,
    "weightedAverageShsOutDil": 393000000,
    "link": "https://www.sec.gov/Archives/edgar/data/1004980/000100498004000101/0001004980-04-000101-index.htm",
    "finalLink": "https://www.sec.gov/Archives/edgar/data/1004980/000100498004000101/pge10q_q104.htm"
  },
  {
    "date": "2003-12-31",
    "symbol": "PCG",
    "reportedCurrency": "USD",
    "cik": "0001004980",
    "fillingDate": "2004-02-19",
    "acceptedDate": "2004-02-19 15:22:44",
    "calendarYear": "2003",
    "period": "Q4",
    "revenue": 2538000000,
    "costOfRevenue": 1012000000,
    "grossProfit": 1526000000,
    "grossProfitRatio": 0.6012608353,
    "researchAndDevelopmentExpenses": 0,
    "generalAndAdministrativeExpenses": 0,
    "sellingAndMarketingExpenses": 0,
    "sellingGeneralAndAdministrativeExpenses": 0,
    "otherExpenses": 1245000000,
    "operatingExpenses": 1245000000,
    "costAndExpenses": 2257000000,
    "interestIncome": 0,
    "interestExpense": 0,
    "depreciationAndAmortization": 312000000,
    "ebitda": 593000000,
    "ebitdaratio": 0.2336485422,
    "operatingIncome": 281000000,
    "operatingIncomeRatio": 0.1107171001,
    "totalOtherIncomeExpensesNet": -240000000,
    "incomeBeforeTax": 41000000,
    "incomeBeforeTaxRatio": 0.0161544523,
    "incomeTaxExpense": 4000000,
    "netIncome": 37000000,
    "netIncomeRatio": 0.0145784082,
    "eps": 0.0941,
    "epsdiluted": 0.0941,
    "weightedAverageShsOut": 384000000,
    "weightedAverageShsOutDil": 393000000,
    "link": "https://www.sec.gov/Archives/edgar/data/1004980/000095014904000430/0000950149-04-000430-index.htm",
    "finalLink": "https://www.sec.gov/Archives/edgar/data/1004980/000095014904000430/f95893ae10vk.htm"
  },
  {
    "date": "2003-09-30",
    "symbol": "PCG",
    "reportedCurrency": "USD",
    "cik": "0001004980",
    "fillingDate": "2003-11-12",
    "acceptedDate": "2003-11-12 14:53:09",
    "calendarYear": "2003",
    "period": "Q3",
    "revenue": 3103000000,
    "costOfRevenue": 895000000,
    "grossProfit": 2208000000,
    "grossProfitRatio": 0.7115694489,
    "researchAndDevelopmentExpenses": 0,
    "generalAndAdministrativeExpenses": 16000000,
    "sellingAndMarketingExpenses": 0,
    "sellingGeneralAndAdministrativeExpenses": 16000000,
    "otherExpenses": 997000000,
    "operatingExpenses": 1009000000,
    "costAndExpenses": 1921000000,
    "interestIncome": 0,
    "interestExpense": 0,
    "depreciationAndAmortization": 312000000,
    "ebitda": 1482000000,
    "ebitdaratio": 0.4776023203,
    "operatingIncome": 1170000000,
    "operatingIncomeRatio": 0.3770544634,
    "totalOtherIncomeExpensesNet": -329000000,
    "incomeBeforeTax": 841000000,
    "incomeBeforeTaxRatio": 0.2710280374,
    "incomeTaxExpense": 333000000,
    "netIncome": 510000000,
    "netIncomeRatio": 0.1643570738,
    "eps": 1.26,
    "epsdiluted": 1.23,
    "weightedAverageShsOut": 387000000,
    "weightedAverageShsOutDil": 414634146,
    "link": "https://www.sec.gov/Archives/edgar/data/1004980/000100498003000260/0001004980-03-000260-index.htm",
    "finalLink": "https://www.sec.gov/Archives/edgar/data/1004980/000100498003000260/pge10q_q303.htm"
  },
  {
    "date": "2003-06-30",
    "symbol": "PCG",
    "reportedCurrency": "USD",
    "cik": "0001004980",
    "fillingDate": "2003-08-19",
    "acceptedDate": "2003-08-19 17:17:36",
    "calendarYear": "2003",
    "period": "Q2",
    "revenue": 2926000000,
    "costOfRevenue": 890000000,
    "grossProfit": 2036000000,
    "grossProfitRatio": 0.6958304853,
    "researchAndDevelopmentExpenses": 0,
    "generalAndAdministrativeExpenses": 18000000,
    "sellingAndMarketingExpenses": 0,
    "sellingGeneralAndAdministrativeExpenses": 18000000,
    "otherExpenses": 1298000000,
    "operatingExpenses": 1316000000,
    "costAndExpenses": 2206000000,
    "interestIncome": 0,
    "interestExpense": 0,
    "depreciationAndAmortization": 386000000,
    "ebitda": 1080000000,
    "ebitdaratio": 0.3691045796,
    "operatingIncome": 720000000,
    "operatingIncomeRatio": 0.2460697198,
    "totalOtherIncomeExpensesNet": -356000000,
    "incomeBeforeTax": 364000000,
    "incomeBeforeTaxRatio": 0.1244019139,
    "incomeTaxExpense": 145000000,
    "netIncome": 227000000,
    "netIncomeRatio": 0.0775803144,
    "eps": 0.56,
    "epsdiluted": 0.55,
    "weightedAverageShsOut": 384000000,
    "weightedAverageShsOutDil": 412727273,
    "link": "https://www.sec.gov/Archives/edgar/data/1004980/000100498003000201/0001004980-03-000201-index.htm",
    "finalLink": "https://www.sec.gov/Archives/edgar/data/1004980/000100498003000201/pgecorp_q20310q.htm"
  },
  {
    "date": "2003-03-31",
    "symbol": "PCG",
    "reportedCurrency": "USD",
    "cik": "0001004980",
    "fillingDate": "2003-05-13",
    "acceptedDate": "2003-05-13 14:12:22",
    "calendarYear": "2003",
    "period": "Q1",
    "revenue": 2607000000,
    "costOfRevenue": 1391000000,
    "grossProfit": 1216000000,
    "grossProfitRatio": 0.4664365171,
    "researchAndDevelopmentExpenses": 0,
    "generalAndAdministrativeExpenses": 35000000,
    "sellingAndMarketingExpenses": 0,
    "sellingGeneralAndAdministrativeExpenses": 35000000,
    "otherExpenses": 900000000,
    "operatingExpenses": 1056000000,
    "costAndExpenses": 2736000000,
    "interestIncome": 0,
    "interestExpense": 0,
    "depreciationAndAmortization": 310000000,
    "ebitda": 372000000,
    "ebitdaratio": 0.1426927503,
    "operatingIncome": -129000000,
    "operatingIncomeRatio": -0.0494821634,
    "totalOtherIncomeExpensesNet": -44000000,
    "incomeBeforeTax": -173000000,
    "incomeBeforeTaxRatio": -0.0663598005,
    "incomeTaxExpense": -90000000,
    "netIncome": -354000000,
    "netIncomeRatio": -0.1357882624,
    "eps": -0.93,
    "epsdiluted": -0.93,
    "weightedAverageShsOut": 382000000,
    "weightedAverageShsOutDil": 382000000,
    "link": "https://www.sec.gov/Archives/edgar/data/1004980/000100498003000090/0001004980-03-000090-index.htm",
    "finalLink": "https://www.sec.gov/Archives/edgar/data/1004980/000100498003000090/finalq103.htm"
  },
  {
    "date": "2002-12-31",
    "symbol": "PCG",
    "reportedCurrency": "USD",
    "cik": "0001004980",
    "fillingDate": "2003-02-27",
    "acceptedDate": "2003-02-27 17:02:50",
    "calendarYear": "2002",
    "period": "Q4",
    "revenue": 2015000000,
    "costOfRevenue": 669000000,
    "grossProfit": 1346000000,
    "grossProfitRatio": 0.6679900744,
    "researchAndDevelopmentExpenses": 0,
    "generalAndAdministrativeExpenses": 0,
    "sellingAndMarketingExpenses": 0,
    "sellingGeneralAndAdministrativeExpenses": 0,
    "otherExpenses": 3357000000,
    "operatingExpenses": 3357000000,
    "costAndExpenses": 4026000000,
    "interestIncome": 0,
    "interestExpense": 0,
    "depreciationAndAmortization": 288000000,
    "ebitda": -1723000000,
    "ebitdaratio": -0.8550868486,
    "operatingIncome": -2011000000,
    "operatingIncomeRatio": -0.9980148883,
    "totalOtherIncomeExpensesNet": -236000000,
    "incomeBeforeTax": -2247000000,
    "incomeBeforeTaxRatio": -1.1151364764,
    "incomeTaxExpense": -814000000,
    "netIncome": -2189000000,
    "netIncomeRatio": -1.0863523573,
    "eps": -5.95,
    "epsdiluted": -5.73,
    "weightedAverageShsOut": 368000000,
    "weightedAverageShsOutDil": 382000000,
    "link": "https://www.sec.gov/Archives/edgar/data/1004980/000104746903007123/0001047469-03-007123-index.htm",
    "finalLink": "https://www.sec.gov/Archives/edgar/data/1004980/000104746903007123/a2103978z10-k.htm"
  },
  {
    "date": "2002-09-30",
    "symbol": "PCG",
    "reportedCurrency": "USD",
    "cik": "0001004980",
    "fillingDate": "2002-11-13",
    "acceptedDate": "2002-11-13 15:24:56",
    "calendarYear": "2002",
    "period": "Q3",
    "revenue": 4018000000,
    "costOfRevenue": 1063000000,
    "grossProfit": 2955000000,
    "grossProfitRatio": 0.7354405177,
    "researchAndDevelopmentExpenses": 0,
    "generalAndAdministrativeExpenses": 41000000,
    "sellingAndMarketingExpenses": 0,
    "sellingGeneralAndAdministrativeExpenses": 41000000,
    "otherExpenses": 1577000000,
    "operatingExpenses": 1577000000,
    "costAndExpenses": 2996000000,
    "interestIncome": 0,
    "interestExpense": 0,
    "depreciationAndAmortization": 365000000,
    "ebitda": 1400000000,
    "ebitdaratio": 0.3484320557,
    "operatingIncome": 1022000000,
    "operatingIncomeRatio": 0.2543554007,
    "totalOtherIncomeExpensesNet": -244000000,
    "incomeBeforeTax": 778000000,
    "incomeBeforeTaxRatio": 0.193628671,
    "incomeTaxExpense": 299000000,
    "netIncome": 466000000,
    "netIncomeRatio": 0.1159780986,
    "eps": 1.25,
    "epsdiluted": 1.19,
    "weightedAverageShsOut": 373000000,
    "weightedAverageShsOutDil": 395000000,
    "link": "https://www.sec.gov/Archives/edgar/data/1004980/000100498002000089/0001004980-02-000089-index.htm",
    "finalLink": "https://www.sec.gov/Archives/edgar/data/1004980/000100498002000089/q302final.htm"
  },
  {
    "date": "2002-06-30",
    "symbol": "PCG",
    "reportedCurrency": "USD",
    "cik": "0001004980",
    "fillingDate": "2002-08-02",
    "acceptedDate": "2002-08-01 21:36:09",
    "calendarYear": "2002",
    "period": "Q2",
    "revenue": 5752000000,
    "costOfRevenue": 789000000,
    "grossProfit": 4963000000,
    "grossProfitRatio": 0.8628303199,
    "researchAndDevelopmentExpenses": 0,
    "generalAndAdministrativeExpenses": 18000000,
    "sellingAndMarketingExpenses": 0,
    "sellingGeneralAndAdministrativeExpenses": 18000000,
    "otherExpenses": 1346000000,
    "operatingExpenses": 1452000000,
    "costAndExpenses": 4978000000,
    "interestIncome": 0,
    "interestExpense": 0,
    "depreciationAndAmortization": 348000000,
    "ebitda": 1150000000,
    "ebitdaratio": 0.199930459,
    "operatingIncome": 774000000,
    "operatingIncomeRatio": 0.1345618915,
    "totalOtherIncomeExpensesNet": -339000000,
    "incomeBeforeTax": 435000000,
    "incomeBeforeTaxRatio": 0.0756258693,
    "incomeTaxExpense": 156000000,
    "netIncome": 218000000,
    "netIncomeRatio": 0.0378998609,
    "eps": 0.6,
    "epsdiluted": 0.59,
    "weightedAverageShsOut": 366000000,
    "weightedAverageShsOutDil": 372000000,
    "link": "https://www.sec.gov/Archives/edgar/data/1004980/000100498002000060/0001004980-02-000060-index.htm",
    "finalLink": "https://www.sec.gov/Archives/edgar/data/1004980/000100498002000060/finalq202.htm"
  },
  {
    "date": "2002-03-31",
    "symbol": "PCG",
    "reportedCurrency": "USD",
    "cik": "0001004980",
    "fillingDate": "2002-05-01",
    "acceptedDate": "2002-04-30 21:41:31",
    "calendarYear": "2002",
    "period": "Q1",
    "revenue": 4767000000,
    "costOfRevenue": 2202000000,
    "grossProfit": 2565000000,
    "grossProfitRatio": 0.5380742605,
    "researchAndDevelopmentExpenses": 0,
    "generalAndAdministrativeExpenses": 16000000,
    "sellingAndMarketingExpenses": 0,
    "sellingGeneralAndAdministrativeExpenses": 16000000,
    "otherExpenses": 1243000000,
    "operatingExpenses": 1259000000,
    "costAndExpenses": 3461000000,
    "interestIncome": 0,
    "interestExpense": 0,
    "depreciationAndAmortization": 320000000,
    "ebitda": 1621000000,
    "ebitdaratio": 0.3400461506,
    "operatingIncome": 1306000000,
    "operatingIncomeRatio": 0.2739668555,
    "totalOtherIncomeExpensesNet": -287000000,
    "incomeBeforeTax": 1019000000,
    "incomeBeforeTaxRatio": 0.2137612754,
    "incomeTaxExpense": 396000000,
    "netIncome": 631000000,
    "netIncomeRatio": 0.1323683658,
    "eps": 1.73,
    "epsdiluted": 1.71,
    "weightedAverageShsOut": 364000000,
    "weightedAverageShsOutDil": 368000000,
    "link": "https://www.sec.gov/Archives/edgar/data/1004980/000100498002000033/0001004980-02-000033-index.htm",
    "finalLink": "https://www.sec.gov/Archives/edgar/data/1004980/000100498002000033/final_10q.htm"
  },
  {
    "date": "2001-12-31",
    "symbol": "PCG",
    "reportedCurrency": "USD",
    "cik": "0001004980",
    "fillingDate": "2002-03-05",
    "acceptedDate": "2002-03-05 00:00:00",
    "calendarYear": "2001",
    "period": "Q4",
    "revenue": 4970000000,
    "costOfRevenue": 2733000000,
    "grossProfit": 2237000000,
    "grossProfitRatio": 0.4501006036,
    "researchAndDevelopmentExpenses": 0,
    "generalAndAdministrativeExpenses": 0,
    "sellingAndMarketingExpenses": 0,
    "sellingGeneralAndAdministrativeExpenses": 0,
    "otherExpenses": 1160000000,
    "operatingExpenses": 1160000000,
    "costAndExpenses": 3893000000,
    "interestIncome": 0,
    "interestExpense": 0,
    "depreciationAndAmortization": 284000000,
    "ebitda": 1361000000,
    "ebitdaratio": 0.2738430584,
    "operatingIncome": 1077000000,
    "operatingIncomeRatio": 0.2167002012,
    "totalOtherIncomeExpensesNet": -289000000,
    "incomeBeforeTax": 788000000,
    "incomeBeforeTaxRatio": 0.1585513078,
    "incomeTaxExpense": 268000000,
    "netIncome": 529000000,
    "netIncomeRatio": 0.1064386318,
    "eps": 1.45,
    "epsdiluted": 1.45,
    "weightedAverageShsOut": 364000000,
    "weightedAverageShsOutDil": 364000000,
    "link": "https://www.sec.gov/Archives/edgar/data/1004980/000095010902001149/0000950109-02-001149-index.htm",
    "finalLink": "https://www.sec.gov/Archives/edgar/data/1004980/000095010902001149/d10k.htm"
  },
  {
    "date": "2001-09-30",
    "symbol": "PCG",
    "reportedCurrency": "USD",
    "cik": "0001004980",
    "fillingDate": "2002-03-05",
    "acceptedDate": "2002-03-05 00:00:00",
    "calendarYear": "2001",
    "period": "Q3",
    "revenue": 6301000000,
    "costOfRevenue": 1159000000,
    "grossProfit": 5142000000,
    "grossProfitRatio": 0.8160609427,
    "researchAndDevelopmentExpenses": 0,
    "generalAndAdministrativeExpenses": 25000000,
    "sellingAndMarketingExpenses": 0,
    "sellingGeneralAndAdministrativeExpenses": 25000000,
    "otherExpenses": 1011000000,
    "operatingExpenses": 1011000000,
    "costAndExpenses": 4749000000,
    "interestIncome": 0,
    "interestExpense": 0,
    "depreciationAndAmortization": 270000000,
    "ebitda": 1854000000,
    "ebitdaratio": 0.2942390097,
    "operatingIncome": 1552000000,
    "operatingIncomeRatio": 0.2463101095,
    "totalOtherIncomeExpensesNet": -294000000,
    "incomeBeforeTax": 1258000000,
    "incomeBeforeTaxRatio": 0.1996508491,
    "incomeTaxExpense": 487000000,
    "netIncome": 771000000,
    "netIncomeRatio": 0.1223615299,
    "eps": 2.12,
    "epsdiluted": 2.12,
    "weightedAverageShsOut": 363000000,
    "weightedAverageShsOutDil": 364000000,
    "link": "https://www.sec.gov/Archives/edgar/data/1004980/000102140802003051/0001021408-02-003051-index.htm",
    "finalLink": "https://www.sec.gov/Archives/edgar/data/1004980/000102140802003051/d10qa.txt"
  },
  {
    "date": "2001-06-30",
    "symbol": "PCG",
    "reportedCurrency": "USD",
    "cik": "0001004980",
    "fillingDate": "2002-03-05",
    "acceptedDate": "2002-03-05 00:00:00",
    "calendarYear": "2001",
    "period": "Q2",
    "revenue": 5013000000,
    "costOfRevenue": 2402000000,
    "grossProfit": 2611000000,
    "grossProfitRatio": 0.5208458009,
    "researchAndDevelopmentExpenses": 0,
    "generalAndAdministrativeExpenses": 0,
    "sellingAndMarketingExpenses": 0,
    "sellingGeneralAndAdministrativeExpenses": 0,
    "otherExpenses": 1164000000,
    "operatingExpenses": 1164000000,
    "costAndExpenses": 3566000000,
    "interestIncome": 0,
    "interestExpense": 0,
    "depreciationAndAmortization": 259000000,
    "ebitda": 1706000000,
    "ebitdaratio": 0.3403151805,
    "operatingIncome": 1447000000,
    "operatingIncomeRatio": 0.2886495113,
    "totalOtherIncomeExpensesNet": -234000000,
    "incomeBeforeTax": 1213000000,
    "incomeBeforeTaxRatio": 0.2419708757,
    "incomeTaxExpense": 463000000,
    "netIncome": 750000000,
    "netIncomeRatio": 0.1496110114,
    "eps": 2.07,
    "epsdiluted": 2.07,
    "weightedAverageShsOut": 363000000,
    "weightedAverageShsOutDil": 363000000,
    "link": "https://www.sec.gov/Archives/edgar/data/1004980/000102140802003049/0001021408-02-003049-index.htm",
    "finalLink": "https://www.sec.gov/Archives/edgar/data/1004980/000102140802003049/d10qa.txt"
  },
  {
    "date": "2001-03-31",
    "symbol": "PCG",
    "reportedCurrency": "USD",
    "cik": "0001004980",
    "fillingDate": "2001-05-14",
    "acceptedDate": "2001-05-14 00:00:00",
    "calendarYear": "2001",
    "period": "Q1",
    "revenue": 6675000000,
    "costOfRevenue": 7182000000,
    "grossProfit": -507000000,
    "grossProfitRatio": -0.0759550562,
    "researchAndDevelopmentExpenses": 0,
    "generalAndAdministrativeExpenses": 0,
    "sellingAndMarketingExpenses": 0,
    "sellingGeneralAndAdministrativeExpenses": 0,
    "otherExpenses": 833000000,
    "operatingExpenses": 833000000,
    "costAndExpenses": 8015000000,
    "interestIncome": 0,
    "interestExpense": 0,
    "depreciationAndAmortization": 255000000,
    "ebitda": -1085000000,
    "ebitdaratio": -0.1625468165,
    "operatingIncome": -1340000000,
    "operatingIncomeRatio": -0.2007490637,
    "totalOtherIncomeExpensesNet": -221000000,
    "incomeBeforeTax": -1561000000,
    "incomeBeforeTaxRatio": -0.2338576779,
    "incomeTaxExpense": -610000000,
    "netIncome": -951000000,
    "netIncomeRatio": -0.1424719101,
    "eps": -2.62,
    "epsdiluted": -2.62,
    "weightedAverageShsOut": 363000000,
    "weightedAverageShsOutDil": 363000000,
    "link": "https://www.sec.gov/Archives/edgar/data/1004980/000092962401500277/0000929624-01-500277-index.htm",
    "finalLink": "https://www.sec.gov/Archives/edgar/data/1004980/000092962401500277/d10q.txt"
  },
  {
    "date": "2000-12-31",
    "symbol": "PCG",
    "reportedCurrency": "USD",
    "cik": "0001004980",
    "fillingDate": "2001-04-17",
    "acceptedDate": "2001-04-17 00:00:00",
    "calendarYear": "2000",
    "period": "Q4",
    "revenue": 8082000000,
    "costOfRevenue": 9062000000,
    "grossProfit": -980000000,
    "grossProfitRatio": -0.1212571146,
    "researchAndDevelopmentExpenses": 0,
    "generalAndAdministrativeExpenses": 0,
    "sellingAndMarketingExpenses": 0,
    "sellingGeneralAndAdministrativeExpenses": 0,
    "otherExpenses": 5754000000,
    "operatingExpenses": 5754000000,
    "costAndExpenses": 14816000000,
    "interestIncome": 0,
    "interestExpense": 0,
    "depreciationAndAmortization": 1391000000,
    "ebitda": -5343000000,
    "ebitdaratio": -0.6610987379,
    "operatingIncome": -6734000000,
    "operatingIncomeRatio": -0.8332096016,
    "totalOtherIncomeExpensesNet": -61000000,
    "incomeBeforeTax": -6795000000,
    "incomeBeforeTaxRatio": -0.8407572383,
    "incomeTaxExpense": -2699000000,
    "netIncome": -4117000000,
    "netIncomeRatio": -0.509403613,
    "eps": -11.34,
    "epsdiluted": -11.34,
    "weightedAverageShsOut": 363000000,
    "weightedAverageShsOutDil": 363000000,
    "link": "https://www.sec.gov/Archives/edgar/data/1004980/000092962401500037/0000929624-01-500037-index.htm",
    "finalLink": "https://www.sec.gov/Archives/edgar/data/1004980/000092962401500037/d10k.txt"
  },
  {
    "date": "2000-09-30",
    "symbol": "PCG",
    "reportedCurrency": "USD",
    "cik": "0001004980",
    "fillingDate": "2000-11-01",
    "acceptedDate": "2000-11-01 00:00:00",
    "calendarYear": "2000",
    "period": "Q3",
    "revenue": 7504000000,
    "costOfRevenue": 6852000000,
    "grossProfit": 652000000,
    "grossProfitRatio": 0.0868869936,
    "researchAndDevelopmentExpenses": 0,
    "generalAndAdministrativeExpenses": 0,
    "sellingAndMarketingExpenses": 0,
    "sellingGeneralAndAdministrativeExpenses": 0,
    "otherExpenses": 23000000,
    "operatingExpenses": 23000000,
    "costAndExpenses": 6875000000,
    "interestIncome": 0,
    "interestExpense": 0,
    "depreciationAndAmortization": 1852000000,
    "ebitda": 2481000000,
    "ebitdaratio": 0.3306236674,
    "operatingIncome": 629000000,
    "operatingIncomeRatio": 0.0838219616,
    "totalOtherIncomeExpensesNet": -146000000,
    "incomeBeforeTax": 483000000,
    "incomeBeforeTaxRatio": 0.0643656716,
    "incomeTaxExpense": 239000000,
    "netIncome": 225000000,
    "netIncomeRatio": 0.0299840085,
    "eps": 0.62,
    "epsdiluted": 0.62,
    "weightedAverageShsOut": 362000000,
    "weightedAverageShsOutDil": 365000000,
    "link": "https://www.sec.gov/Archives/edgar/data/1004980/000100498000000042/0001004980-00-000042-index.htm",
    "finalLink": "https://www.sec.gov/Archives/edgar/data/1004980/000100498000000042/0001004980-00-000042-0001.txt"
  },
  {
    "date": "2000-06-30",
    "symbol": "PCG",
    "reportedCurrency": "USD",
    "cik": "0001004980",
    "fillingDate": "2000-08-02",
    "acceptedDate": "2000-08-02 00:00:00",
    "calendarYear": "2000",
    "period": "Q2",
    "revenue": 5638000000,
    "costOfRevenue": 1157000000,
    "grossProfit": 4481000000,
    "grossProfitRatio": 0.7947853849,
    "researchAndDevelopmentExpenses": 0,
    "generalAndAdministrativeExpenses": 0,
    "sellingAndMarketingExpenses": 0,
    "sellingGeneralAndAdministrativeExpenses": 0,
    "otherExpenses": 3859000000,
    "operatingExpenses": 3859000000,
    "costAndExpenses": 5016000000,
    "interestIncome": 0,
    "interestExpense": 0,
    "depreciationAndAmortization": 69000000,
    "ebitda": 691000000,
    "ebitdaratio": 0.1225611919,
    "operatingIncome": 622000000,
    "operatingIncomeRatio": 0.1103228095,
    "totalOtherIncomeExpensesNet": -170000000,
    "incomeBeforeTax": 452000000,
    "incomeBeforeTaxRatio": 0.0801702731,
    "incomeTaxExpense": 204000000,
    "netIncome": 248000000,
    "netIncomeRatio": 0.0439872295,
    "eps": 0.69,
    "epsdiluted": 0.68,
    "weightedAverageShsOut": 361000000,
    "weightedAverageShsOutDil": 362000000,
    "link": "https://www.sec.gov/Archives/edgar/data/1004980/000100498000000026/0001004980-00-000026-index.htm",
    "finalLink": "https://www.sec.gov/Archives/edgar/data/1004980/000100498000000026/0001004980-00-000026-0001.txt"
  },
  {
    "date": "2000-03-31",
    "symbol": "PCG",
    "reportedCurrency": "USD",
    "cik": "0001004980",
    "fillingDate": "2000-05-15",
    "acceptedDate": "2000-05-15 00:00:00",
    "calendarYear": "2000",
    "period": "Q1",
    "revenue": 5008000000,
    "costOfRevenue": 3268000000,
    "grossProfit": 1740000000,
    "grossProfitRatio": 0.3474440895,
    "researchAndDevelopmentExpenses": 0,
    "generalAndAdministrativeExpenses": 0,
    "sellingAndMarketingExpenses": 0,
    "sellingGeneralAndAdministrativeExpenses": 0,
    "otherExpenses": 1064000000,
    "operatingExpenses": 1064000000,
    "costAndExpenses": 4332000000,
    "interestIncome": 0,
    "interestExpense": 0,
    "depreciationAndAmortization": 347000000,
    "ebitda": 1023000000,
    "ebitdaratio": 0.2042731629,
    "operatingIncome": 676000000,
    "operatingIncomeRatio": 0.1349840256,
    "totalOtherIncomeExpensesNet": -168000000,
    "incomeBeforeTax": 508000000,
    "incomeBeforeTaxRatio": 0.1014376997,
    "incomeTaxExpense": 228000000,
    "netIncome": 280000000,
    "netIncomeRatio": 0.0559105431,
    "eps": 0.78,
    "epsdiluted": 0.77,
    "weightedAverageShsOut": 361000000,
    "weightedAverageShsOutDil": 363636364,
    "link": "https://www.sec.gov/Archives/edgar/data/1004980/000100498000000012/0001004980-00-000012-index.html",
    "finalLink": "https://www.sec.gov/Archives/edgar/data/1004980/000100498000000012/"
  },
  {
    "date": "1999-12-31",
    "symbol": "PCG",
    "reportedCurrency": "USD",
    "cik": "0001004980",
    "fillingDate": "2000-03-08",
    "acceptedDate": "2000-03-08 00:00:00",
    "calendarYear": "1999",
    "period": "Q4",
    "revenue": 4363000000,
    "costOfRevenue": 2711000000,
    "grossProfit": 1652000000,
    "grossProfitRatio": 0.3786385515,
    "researchAndDevelopmentExpenses": 0,
    "generalAndAdministrativeExpenses": 0,
    "sellingAndMarketingExpenses": 0,
    "sellingGeneralAndAdministrativeExpenses": 0,
    "otherExpenses": 2162000000,
    "operatingExpenses": 2162000000,
    "costAndExpenses": 4873000000,
    "interestIncome": 0,
    "interestExpense": 0,
    "depreciationAndAmortization": 21000000,
    "ebitda": -489000000,
    "ebitdaratio": -0.1120788448,
    "operatingIncome": -510000000,
    "operatingIncomeRatio": -0.1168920468,
    "totalOtherIncomeExpensesNet": -113000000,
    "incomeBeforeTax": -623000000,
    "incomeBeforeTaxRatio": -0.1427916571,
    "incomeTaxExpense": -117000000,
    "netIncome": -592000000,
    "netIncomeRatio": -0.1356864543,
    "eps": -1.64,
    "epsdiluted": -1.64,
    "weightedAverageShsOut": 361000000,
    "weightedAverageShsOutDil": 361000000,
    "link": "https://www.sec.gov/Archives/edgar/data/1004980/000092962400000321/0000929624-00-000321-index.html",
    "finalLink": "https://www.sec.gov/Archives/edgar/data/1004980/000092962400000321/"
  },
  {
    "date": "1999-09-30",
    "symbol": "PCG",
    "reportedCurrency": "USD",
    "cik": "0001004980",
    "fillingDate": "1999-10-15",
    "acceptedDate": "1999-10-15 00:00:00",
    "calendarYear": "1999",
    "period": "Q3",
    "revenue": 6380000000,
    "costOfRevenue": 4420000000,
    "grossProfit": 1960000000,
    "grossProfitRatio": 0.3072100313,
    "researchAndDevelopmentExpenses": 0,
    "generalAndAdministrativeExpenses": 0,
    "sellingAndMarketingExpenses": 0,
    "sellingGeneralAndAdministrativeExpenses": 0,
    "otherExpenses": 1468000000,
    "operatingExpenses": 1468000000,
    "costAndExpenses": 5888000000,
    "interestIncome": 0,
    "interestExpense": 0,
    "depreciationAndAmortization": 686000000,
    "ebitda": 1202000000,
    "ebitdaratio": 0.1884012539,
    "operatingIncome": 492000000,
    "operatingIncomeRatio": 0.0771159875,
    "totalOtherIncomeExpensesNet": -146000000,
    "incomeBeforeTax": 346000000,
    "incomeBeforeTaxRatio": 0.0542319749,
    "incomeTaxExpense": 149000000,
    "netIncome": 185000000,
    "netIncomeRatio": 0.0289968652,
    "eps": 0.5,
    "epsdiluted": 0.5,
    "weightedAverageShsOut": 367000000,
    "weightedAverageShsOutDil": 367000000,
    "link": "https://www.sec.gov/Archives/edgar/data/1004980/000100498099000079/0001004980-99-000079-index.html",
    "finalLink": "https://www.sec.gov/Archives/edgar/data/1004980/000100498099000079/"
  },
  {
    "date": "1999-06-30",
    "symbol": "PCG",
    "reportedCurrency": "USD",
    "cik": "0001004980",
    "fillingDate": "1999-08-04",
    "acceptedDate": "1999-08-04 00:00:00",
    "calendarYear": "1999",
    "period": "Q2",
    "revenue": 4820000000,
    "costOfRevenue": 3029000000,
    "grossProfit": 1791000000,
    "grossProfitRatio": 0.3715767635,
    "researchAndDevelopmentExpenses": 0,
    "generalAndAdministrativeExpenses": 0,
    "sellingAndMarketingExpenses": 0,
    "sellingGeneralAndAdministrativeExpenses": 0,
    "otherExpenses": 1337000000,
    "operatingExpenses": 1337000000,
    "costAndExpenses": 4366000000,
    "interestIncome": 0,
    "interestExpense": 0,
    "depreciationAndAmortization": 560000000,
    "ebitda": 1040000000,
    "ebitdaratio": 0.2157676349,
    "operatingIncome": 454000000,
    "operatingIncomeRatio": 0.0941908714,
    "totalOtherIncomeExpensesNet": -126000000,
    "incomeBeforeTax": 328000000,
    "incomeBeforeTaxRatio": 0.0680497925,
    "incomeTaxExpense": 132000000,
    "netIncome": 182000000,
    "netIncomeRatio": 0.0377593361,
    "eps": 0.5,
    "epsdiluted": 0.47,
    "weightedAverageShsOut": 367000000,
    "weightedAverageShsOutDil": 367000000,
    "link": "https://www.sec.gov/Archives/edgar/data/1004980/000100498099000054/0001004980-99-000054-index.html",
    "finalLink": "https://www.sec.gov/Archives/edgar/data/1004980/000100498099000054/"
  },
  {
    "date": "1999-03-31",
    "symbol": "PCG",
    "reportedCurrency": "USD",
    "cik": "0001004980",
    "fillingDate": "1999-05-17",
    "acceptedDate": "1999-05-17 00:00:00",
    "calendarYear": "1999",
    "period": "Q1",
    "revenue": 5257000000,
    "costOfRevenue": 3576000000,
    "grossProfit": 1681000000,
    "grossProfitRatio": 0.319764124,
    "researchAndDevelopmentExpenses": 0,
    "generalAndAdministrativeExpenses": 0,
    "sellingAndMarketingExpenses": 0,
    "sellingGeneralAndAdministrativeExpenses": 0,
    "otherExpenses": 1239000000,
    "operatingExpenses": 1239000000,
    "costAndExpenses": 4815000000,
    "interestIncome": 0,
    "interestExpense": 0,
    "depreciationAndAmortization": 438000000,
    "ebitda": 899000000,
    "ebitdaratio": 0.1710100818,
    "operatingIncome": 442000000,
    "operatingIncomeRatio": 0.0840783717,
    "totalOtherIncomeExpensesNet": -161000000,
    "incomeBeforeTax": 281000000,
    "incomeBeforeTaxRatio": 0.0534525395,
    "incomeTaxExpense": 114000000,
    "netIncome": 171000000,
    "netIncomeRatio": 0.0325280578,
    "eps": 0.46,
    "epsdiluted": 0.4,
    "weightedAverageShsOut": 373000000,
    "weightedAverageShsOutDil": 373000000,
    "link": "https://www.sec.gov/Archives/edgar/data/1004980/000007548899000013/0000075488-99-000013-index.html",
    "finalLink": "https://www.sec.gov/Archives/edgar/data/1004980/"
  },
  {
    "date": "1998-12-31",
    "symbol": "PCG",
    "reportedCurrency": "USD",
    "cik": "0001004980",
    "fillingDate": "1999-03-09",
    "acceptedDate": "1999-03-09 00:00:00",
    "calendarYear": "1998",
    "period": "Q4",
    "revenue": 5495000000,
    "costOfRevenue": 4097000000,
    "grossProfit": 1398000000,
    "grossProfitRatio": 0.2544131028,
    "researchAndDevelopmentExpenses": 0,
    "generalAndAdministrativeExpenses": 0,
    "sellingAndMarketingExpenses": 0,
    "sellingGeneralAndAdministrativeExpenses": 0,
    "otherExpenses": 958000000,
    "operatingExpenses": 958000000,
    "costAndExpenses": 5055000000,
    "interestIncome": 0,
    "interestExpense": 0,
    "depreciationAndAmortization": -40000000,
    "ebitda": 400000000,
    "ebitdaratio": 0.0727934486,
    "operatingIncome": 440000000,
    "operatingIncomeRatio": 0.0800727934,
    "totalOtherIncomeExpensesNet": -138000000,
    "incomeBeforeTax": 302000000,
    "incomeBeforeTaxRatio": 0.0549590537,
    "incomeTaxExpense": 106000000,
    "netIncome": 196000000,
    "netIncomeRatio": 0.0356687898,
    "eps": 0.53,
    "epsdiluted": 0.53,
    "weightedAverageShsOut": 371428571,
    "weightedAverageShsOutDil": 371428571,
    "link": "https://www.sec.gov/Archives/edgar/data/1004980/000092962499000404/0000929624-99-000404-index.html",
    "finalLink": "https://www.sec.gov/Archives/edgar/data/1004980/"
  },
  {
    "date": "1998-09-30",
    "symbol": "PCG",
    "reportedCurrency": "USD",
    "cik": "0001004980",
    "fillingDate": "1998-11-02",
    "acceptedDate": "1998-11-02 00:00:00",
    "calendarYear": "1998",
    "period": "Q3",
    "revenue": 5307000000,
    "costOfRevenue": 3271000000,
    "grossProfit": 2036000000,
    "grossProfitRatio": 0.3836442435,
    "researchAndDevelopmentExpenses": 0,
    "generalAndAdministrativeExpenses": 0,
    "sellingAndMarketingExpenses": 0,
    "sellingGeneralAndAdministrativeExpenses": 0,
    "otherExpenses": 1494000000,
    "operatingExpenses": 1494000000,
    "costAndExpenses": 4765000000,
    "interestIncome": 0,
    "interestExpense": 0,
    "depreciationAndAmortization": 585000000,
    "ebitda": 1127000000,
    "ebitdaratio": 0.2123610326,
    "operatingIncome": 542000000,
    "operatingIncomeRatio": 0.1021292632,
    "totalOtherIncomeExpensesNet": -191000000,
    "incomeBeforeTax": 351000000,
    "incomeBeforeTaxRatio": 0.0661390616,
    "incomeTaxExpense": 141000000,
    "netIncome": 210000000,
    "netIncomeRatio": 0.0395703787,
    "eps": 0.55,
    "epsdiluted": 0.55,
    "weightedAverageShsOut": 381818182,
    "weightedAverageShsOutDil": 381818182,
    "link": "https://www.sec.gov/Archives/edgar/data/1004980/000007548898000027/0000075488-98-000027-index.html",
    "finalLink": "https://www.sec.gov/Archives/edgar/data/1004980/"
  },
  {
    "date": "1998-06-30",
    "symbol": "PCG",
    "reportedCurrency": "USD",
    "cik": "0001004980",
    "fillingDate": "1998-08-14",
    "acceptedDate": "1998-08-14 00:00:00",
    "calendarYear": "1998",
    "period": "Q2",
    "revenue": 4787000000,
    "costOfRevenue": 3037000000,
    "grossProfit": 1750000000,
    "grossProfitRatio": 0.365573428,
    "researchAndDevelopmentExpenses": 0,
    "generalAndAdministrativeExpenses": 0,
    "sellingAndMarketingExpenses": 0,
    "sellingGeneralAndAdministrativeExpenses": 0,
    "otherExpenses": 1190000000,
    "operatingExpenses": 1190000000,
    "costAndExpenses": 4227000000,
    "interestIncome": 0,
    "interestExpense": 0,
    "depreciationAndAmortization": 0,
    "ebitda": 4787000000,
    "ebitdaratio": 1,
    "operatingIncome": 560000000,
    "operatingIncomeRatio": 0.116983497,
    "totalOtherIncomeExpensesNet": -207000000,
    "incomeBeforeTax": 353000000,
    "incomeBeforeTaxRatio": 0.0737413829,
    "incomeTaxExpense": 179000000,
    "netIncome": 174000000,
    "netIncomeRatio": 0.0363484437,
    "eps": 0.46,
    "epsdiluted": 0.46,
    "weightedAverageShsOut": 378260870,
    "weightedAverageShsOutDil": 378260870,
    "link": "https://www.sec.gov/Archives/edgar/data/1004980/000007548898000022/0000075488-98-000022-index.html",
    "finalLink": "https://www.sec.gov/Archives/edgar/data/1004980/"
  },
  {
    "date": "1998-03-31",
    "symbol": "PCG",
    "reportedCurrency": "USD",
    "cik": "0001004980",
    "fillingDate": "1998-05-15",
    "acceptedDate": "1998-05-15 00:00:00",
    "calendarYear": "1998",
    "period": "Q1",
    "revenue": 4353000000,
    "costOfRevenue": 2819000000,
    "grossProfit": 1534000000,
    "grossProfitRatio": 0.3524006432,
    "researchAndDevelopmentExpenses": 0,
    "generalAndAdministrativeExpenses": 0,
    "sellingAndMarketingExpenses": 0,
    "sellingGeneralAndAdministrativeExpenses": 0,
    "otherExpenses": 1069000000,
    "operatingExpenses": 1069000000,
    "costAndExpenses": 3888000000,
    "interestIncome": 0,
    "interestExpense": 0,
    "depreciationAndAmortization": 0,
    "ebitda": 4353000000,
    "ebitdaratio": 1,
    "operatingIncome": 465000000,
    "operatingIncomeRatio": 0.1068228808,
    "totalOtherIncomeExpensesNet": -185000000,
    "incomeBeforeTax": 280000000,
    "incomeBeforeTaxRatio": 0.0643234551,
    "incomeTaxExpense": 141000000,
    "netIncome": 139000000,
    "netIncomeRatio": 0.0319320009,
    "eps": 0.36,
    "epsdiluted": 0.36,
    "weightedAverageShsOut": 386111111,
    "weightedAverageShsOutDil": 386111111,
    "link": "https://www.sec.gov/Archives/edgar/data/1004980/000007548898000010/0000075488-98-000010-index.html",
    "finalLink": "https://www.sec.gov/Archives/edgar/data/1004980/"
  },
  {
    "date": "1997-12-31",
    "symbol": "PCG",
    "reportedCurrency": "USD",
    "cik": "0001004980",
    "fillingDate": "1998-03-05",
    "acceptedDate": "1998-03-05 00:00:00",
    "calendarYear": "1997",
    "period": "Q4",
    "revenue": 4888600000,
    "costOfRevenue": 3158300000,
    "grossProfit": 1730300000,
    "grossProfitRatio": 0.353945915,
    "researchAndDevelopmentExpenses": 0,
    "generalAndAdministrativeExpenses": 0,
    "sellingAndMarketingExpenses": 0,
    "sellingGeneralAndAdministrativeExpenses": 0,
    "otherExpenses": 1440400000,
    "operatingExpenses": 1440400000,
    "costAndExpenses": 4598700000,
    "interestIncome": 0,
    "interestExpense": 0,
    "depreciationAndAmortization": 417400000,
    "ebitda": 707300000,
    "ebitdaratio": 0.1446835495,
    "operatingIncome": 289900000,
    "operatingIncomeRatio": 0.0593012314,
    "totalOtherIncomeExpensesNet": -105600000,
    "incomeBeforeTax": 184300000,
    "incomeBeforeTaxRatio": 0.037699955,
    "incomeTaxExpense": 90400000,
    "netIncome": 93900000,
    "netIncomeRatio": 0.0192079532,
    "eps": 0.24,
    "epsdiluted": 0.24,
    "weightedAverageShsOut": 386111111,
    "weightedAverageShsOutDil": 386111111,
    "link": "https://www.sec.gov/Archives/edgar/data/1004980/000092962498000494/0000929624-98-000494-index.html",
    "finalLink": "https://www.sec.gov/Archives/edgar/data/1004980/"
  },
  {
    "date": "1997-09-30",
    "symbol": "PCG",
    "reportedCurrency": "USD",
    "cik": "0001004980",
    "fillingDate": "1997-11-14",
    "acceptedDate": "1997-11-14 00:00:00",
    "calendarYear": "1997",
    "period": "Q3",
    "revenue": 4063000000,
    "costOfRevenue": 2190600000,
    "grossProfit": 1872400000,
    "grossProfitRatio": 0.4608417426,
    "researchAndDevelopmentExpenses": 0,
    "generalAndAdministrativeExpenses": 208200000,
    "sellingAndMarketingExpenses": 0,
    "sellingGeneralAndAdministrativeExpenses": 208200000,
    "otherExpenses": 1044100000,
    "operatingExpenses": 1252300000,
    "costAndExpenses": 3442900000,
    "interestIncome": 0,
    "interestExpense": 0,
    "depreciationAndAmortization": 494800000,
    "ebitda": 1114900000,
    "ebitdaratio": 0.2744031504,
    "operatingIncome": 620100000,
    "operatingIncomeRatio": 0.1526212159,
    "totalOtherIncomeExpensesNet": -145900000,
    "incomeBeforeTax": 474200000,
    "incomeBeforeTaxRatio": 0.1167117893,
    "incomeTaxExpense": 217600000,
    "netIncome": 256600000,
    "netIncomeRatio": 0.063155304,
    "eps": 0.62,
    "epsdiluted": 0.62,
    "weightedAverageShsOut": 413870968,
    "weightedAverageShsOutDil": 413870968,
    "link": "https://www.sec.gov/Archives/edgar/data/1004980/000007548897000021/0000075488-97-000021-index.html",
    "finalLink": "https://www.sec.gov/Archives/edgar/data/1004980/"
  },
  {
    "date": "1997-06-30",
    "symbol": "PCG",
    "reportedCurrency": "USD",
    "cik": "0001004980",
    "fillingDate": "1997-08-14",
    "acceptedDate": "1997-08-14 00:00:00",
    "calendarYear": "1997",
    "period": "Q2",
    "revenue": 3083000000,
    "costOfRevenue": 1394200000,
    "grossProfit": 1688800000,
    "grossProfitRatio": 0.5477781382,
    "researchAndDevelopmentExpenses": 0,
    "generalAndAdministrativeExpenses": 200300000,
    "sellingAndMarketingExpenses": 0,
    "sellingGeneralAndAdministrativeExpenses": 200300000,
    "otherExpenses": 1125800000,
    "operatingExpenses": 1326100000,
    "costAndExpenses": 2720300000,
    "interestIncome": 0,
    "interestExpense": 0,
    "depreciationAndAmortization": 394000000,
    "ebitda": 756700000,
    "ebitdaratio": 0.2454427506,
    "operatingIncome": 362700000,
    "operatingIncomeRatio": 0.1176451508,
    "totalOtherIncomeExpensesNet": -80500000,
    "incomeBeforeTax": 282200000,
    "incomeBeforeTaxRatio": 0.0915342199,
    "incomeTaxExpense": 89300000,
    "netIncome": 192900000,
    "netIncomeRatio": 0.0625689264,
    "eps": 0.49,
    "epsdiluted": 0.49,
    "weightedAverageShsOut": 393673469,
    "weightedAverageShsOutDil": 393673469,
    "link": "https://www.sec.gov/Archives/edgar/data/1004980/000007548897000013/0000075488-97-000013-index.html",
    "finalLink": "https://www.sec.gov/Archives/edgar/data/1004980/"
  },
  {
    "date": "1997-03-31",
    "symbol": "PCG",
    "reportedCurrency": "USD",
    "cik": "0001004980",
    "fillingDate": "1997-05-15",
    "acceptedDate": "1997-05-15 00:00:00",
    "calendarYear": "1997",
    "period": "Q1",
    "revenue": 3365500000,
    "costOfRevenue": 1740200000,
    "grossProfit": 1625300000,
    "grossProfitRatio": 0.4829297281,
    "researchAndDevelopmentExpenses": 0,
    "generalAndAdministrativeExpenses": 173000000,
    "sellingAndMarketingExpenses": 0,
    "sellingGeneralAndAdministrativeExpenses": 173000000,
    "otherExpenses": 1002300000,
    "operatingExpenses": 1175300000,
    "costAndExpenses": 2915500000,
    "interestIncome": 0,
    "interestExpense": 0,
    "depreciationAndAmortization": 474700000,
    "ebitda": 924700000,
    "ebitdaratio": 0.2747585797,
    "operatingIncome": 464000000,
    "operatingIncomeRatio": 0.1378695588,
    "totalOtherIncomeExpensesNet": -140000000,
    "incomeBeforeTax": 324000000,
    "incomeBeforeTaxRatio": 0.096270985,
    "incomeTaxExpense": 151000000,
    "netIncome": 173000000,
    "netIncomeRatio": 0.0514039519,
    "eps": 0.42,
    "epsdiluted": 0.42,
    "weightedAverageShsOut": 411904762,
    "weightedAverageShsOutDil": 411904762,
    "link": "https://www.sec.gov/Archives/edgar/data/1004980/000089843097002139/0000898430-97-002139-index.html",
    "finalLink": "https://www.sec.gov/Archives/edgar/data/1004980/"
  },
  {
    "date": "1996-12-31",
    "symbol": "PCG",
    "reportedCurrency": "USD",
    "cik": "0001004980",
    "fillingDate": "1997-03-04",
    "acceptedDate": "1997-03-04 00:00:00",
    "calendarYear": "1996",
    "period": "Q4",
    "revenue": 2700700000,
    "costOfRevenue": 0,
    "grossProfit": 2700700000,
    "grossProfitRatio": 1,
    "researchAndDevelopmentExpenses": 0,
    "generalAndAdministrativeExpenses": 0,
    "sellingAndMarketingExpenses": 0,
    "sellingGeneralAndAdministrativeExpenses": -10433600000,
    "otherExpenses": 2700700000,
    "operatingExpenses": -7732900000,
    "costAndExpenses": 2700700000,
    "interestIncome": 0,
    "interestExpense": 0,
    "depreciationAndAmortization": 0,
    "ebitda": -5032200000,
    "ebitdaratio": -1.8632947014,
    "operatingIncome": -5032200000,
    "operatingIncomeRatio": -1.8632947014,
    "totalOtherIncomeExpensesNet": 5032200000,
    "incomeBeforeTax": 0,
    "incomeBeforeTaxRatio": 0,
    "incomeTaxExpense": -149000000,
    "netIncome": 149000000,
    "netIncomeRatio": 0.0551708816,
    "eps": 0.36,
    "epsdiluted": 0.36,
    "weightedAverageShsOut": 409818182,
    "weightedAverageShsOutDil": 409818182,
    "link": "https://www.sec.gov/Archives/edgar/data/1004980/000089843097000819/0000898430-97-000819-index.html",
    "finalLink": "https://www.sec.gov/Archives/edgar/data/1004980/"
  },
  {
    "date": "1996-09-30",
    "symbol": "PCG",
    "reportedCurrency": "USD",
    "cik": "0001004980",
    "fillingDate": "1996-09-30",
    "acceptedDate": "1996-09-29 20:00:00",
    "calendarYear": "1996",
    "period": "Q3",
    "revenue": 2521900000,
    "costOfRevenue": 0,
    "grossProfit": 2521900000,
    "grossProfitRatio": 1,
    "researchAndDevelopmentExpenses": 0,
    "generalAndAdministrativeExpenses": 0,
    "sellingAndMarketingExpenses": 0,
    "sellingGeneralAndAdministrativeExpenses": 2521900000,
    "otherExpenses": 0,
    "operatingExpenses": 2521900000,
    "costAndExpenses": 0,
    "interestIncome": 0,
    "interestExpense": 0,
    "depreciationAndAmortization": 0,
    "ebitda": 2521900000,
    "ebitdaratio": 1,
    "operatingIncome": 2521900000,
    "operatingIncomeRatio": 1,
    "totalOtherIncomeExpensesNet": -2521900000,
    "incomeBeforeTax": -8300000,
    "incomeBeforeTaxRatio": -0.0032911694,
    "incomeTaxExpense": -233700000,
    "netIncome": 225400000,
    "netIncomeRatio": 0.089377057,
    "eps": 0.55,
    "epsdiluted": 0.55,
    "weightedAverageShsOut": 394727273,
    "weightedAverageShsOutDil": 394727273,
    "link": "",
    "finalLink": ""
  },
  {
    "date": "1996-06-30",
    "symbol": "PCG",
    "reportedCurrency": "USD",
    "cik": "0001004980",
    "fillingDate": "1996-06-30",
    "acceptedDate": "1996-06-29 20:00:00",
    "calendarYear": "1996",
    "period": "Q2",
    "revenue": 2138700000,
    "costOfRevenue": 0,
    "grossProfit": 2138700000,
    "grossProfitRatio": 1,
    "researchAndDevelopmentExpenses": 0,
    "generalAndAdministrativeExpenses": 0,
    "sellingAndMarketingExpenses": 0,
    "sellingGeneralAndAdministrativeExpenses": 2138700000,
    "otherExpenses": 0,
    "operatingExpenses": 2138700000,
    "costAndExpenses": 0,
    "interestIncome": 0,
    "interestExpense": 0,
    "depreciationAndAmortization": 0,
    "ebitda": 2138700000,
    "ebitdaratio": 1,
    "operatingIncome": 2138700000,
    "operatingIncomeRatio": 1,
    "totalOtherIncomeExpensesNet": -2138700000,
    "incomeBeforeTax": 0,
    "incomeBeforeTaxRatio": 0,
    "incomeTaxExpense": -111800000,
    "netIncome": 111800000,
    "netIncomeRatio": 0.0522747463,
    "eps": 0.25,
    "epsdiluted": 0.25,
    "weightedAverageShsOut": 414000000,
    "weightedAverageShsOutDil": 414000000,
    "link": "",
    "finalLink": ""
  },
  {
    "date": "1996-03-31",
    "symbol": "PCG",
    "reportedCurrency": "USD",
    "cik": "0001004980",
    "fillingDate": "1996-03-31",
    "acceptedDate": "1996-03-30 19:00:00",
    "calendarYear": "1996",
    "period": "Q1",
    "revenue": 2248800000,
    "costOfRevenue": 0,
    "grossProfit": 2248800000,
    "grossProfitRatio": 1,
    "researchAndDevelopmentExpenses": 0,
    "generalAndAdministrativeExpenses": 0,
    "sellingAndMarketingExpenses": 0,
    "sellingGeneralAndAdministrativeExpenses": 2248800000,
    "otherExpenses": 0,
    "operatingExpenses": 2248800000,
    "costAndExpenses": 0,
    "interestIncome": 0,
    "interestExpense": 0,
    "depreciationAndAmortization": 0,
    "ebitda": 2248800000,
    "ebitdaratio": 1,
    "operatingIncome": 2248800000,
    "operatingIncomeRatio": 1,
    "totalOtherIncomeExpensesNet": -2248800000,
    "incomeBeforeTax": 0,
    "incomeBeforeTaxRatio": 0,
    "incomeTaxExpense": -260700000,
    "netIncome": 260700000,
    "netIncomeRatio": 0.1159284952,
    "eps": 0.61,
    "epsdiluted": 0.61,
    "weightedAverageShsOut": 413770492,
    "weightedAverageShsOutDil": 413770492,
    "link": "",
    "finalLink": ""
  },
  {
    "date": "1995-12-31",
    "symbol": "PCG",
    "reportedCurrency": "USD",
    "cik": "0001004980",
    "fillingDate": "1995-12-31",
    "acceptedDate": "1995-12-30 19:00:00",
    "calendarYear": "1995",
    "period": "Q4",
    "revenue": 2221400000,
    "costOfRevenue": 0,
    "grossProfit": 2221400000,
    "grossProfitRatio": 1,
    "researchAndDevelopmentExpenses": 0,
    "generalAndAdministrativeExpenses": 0,
    "sellingAndMarketingExpenses": 0,
    "sellingGeneralAndAdministrativeExpenses": -9080200000,
    "otherExpenses": 2221400000,
    "operatingExpenses": -6858800000,
    "costAndExpenses": 2221400000,
    "interestIncome": 0,
    "interestExpense": 0,
    "depreciationAndAmortization": 0,
    "ebitda": -4637400000,
    "ebitdaratio": -2.0876024129,
    "operatingIncome": -4637400000,
    "operatingIncomeRatio": -2.0876024129,
    "totalOtherIncomeExpensesNet": 4637400000,
    "incomeBeforeTax": 0,
    "incomeBeforeTaxRatio": 0,
    "incomeTaxExpense": -227100000,
    "netIncome": 227100000,
    "netIncomeRatio": 0.1022328261,
    "eps": 0.53,
    "epsdiluted": 0.53,
    "weightedAverageShsOut": 416843746,
    "weightedAverageShsOutDil": 425529412,
    "link": "",
    "finalLink": ""
  },
  {
    "date": "1995-09-30",
    "symbol": "PCG",
    "reportedCurrency": "USD",
    "cik": "0001004980",
    "fillingDate": "1995-09-30",
    "acceptedDate": "1995-09-29 20:00:00",
    "calendarYear": "1995",
    "period": "Q3",
    "revenue": 2645200000,
    "costOfRevenue": 0,
    "grossProfit": 2645200000,
    "grossProfitRatio": 1,
    "researchAndDevelopmentExpenses": 0,
    "generalAndAdministrativeExpenses": 0,
    "sellingAndMarketingExpenses": 0,
    "sellingGeneralAndAdministrativeExpenses": 2645200000,
    "otherExpenses": 0,
    "operatingExpenses": 2645200000,
    "costAndExpenses": 0,
    "interestIncome": 0,
    "interestExpense": 0,
    "depreciationAndAmortization": 0,
    "ebitda": 2645200000,
    "ebitdaratio": 1,
    "operatingIncome": 2645200000,
    "operatingIncomeRatio": 1,
    "totalOtherIncomeExpensesNet": -2645200000,
    "incomeBeforeTax": 0,
    "incomeBeforeTaxRatio": 0,
    "incomeTaxExpense": -377600000,
    "netIncome": 377600000,
    "netIncomeRatio": 0.1427491305,
    "eps": 0.85,
    "epsdiluted": 0.85,
    "weightedAverageShsOut": 425529412,
    "weightedAverageShsOutDil": 425529412,
    "link": "",
    "finalLink": ""
  }
]