[
  {
    "date": "2024-12-31",
    "symbol": "PCG",
    "reportedCurrency": "USD",
    "cik": "0001004980",
    "fillingDate": "2025-02-13",
    "acceptedDate": "2025-02-12 21:41:44",
    "calendarYear": "2024",
    "period": "FY",
    "revenue": 24419000000,
    "costOfRevenue": 19833000000,
    "grossProfit": 4586000000,
    "grossProfitRatio": 0.1878045784,
    "researchAndDevelopmentExpenses": 0,
    "generalAndAdministrativeExpenses": 0,
    "sellingAndMarketingExpenses": 0,
    "sellingGeneralAndAdministrativeExpenses": 0,
    "otherExpenses": 0,
    "operatingExpenses": 0,
    "costAndExpenses": 19833000000,
    "interestIncome": 604000000,
    "interestExpense": 3051000000,
    "depreciationAndAmortization": 4572000000,
    "ebitda": 9935000000,
    "ebitdaratio": 0.4068553176,
    "operatingIncome": 4586000000,
    "operatingIncomeRatio": 0.1878045784,
    "totalOtherIncomeExpensesNet": -2274000000,
    "incomeBeforeTax": 2312000000,
    "incomeBeforeTaxRatio": 0.0946803718,
    "incomeTaxExpense": -200000000,
    "netIncome": 2512000000,
    "netIncomeRatio": 0.1028707154,
    "eps": 1.16,
    "epsdiluted": 1.15,
    "weightedAverageShsOut": 2141000000,
    "weightedAverageShsOutDil": 2147000000,
    "link": "https://www.sec.gov/Archives/edgar/data/1004980/000100498025000010/0001004980-25-000010-index.htm",
    "finalLink": "https://www.sec.gov/Archives/edgar/data/75488/000100498025000010/pcg-20241231.htm"
  },
  {
    "date": "2023-12-31",
    "symbol": "PCG",
    "reportedCurrency": "USD",
    "cik": "0001004980",
    "fillingDate": "2024-02-22",
    "acceptedDate": "2024-02-21 21:28:44",
    "calendarYear": "2023",
    "period": "FY",
    "revenue": 24428000000,
    "costOfRevenue": 20426000000,
    "grossProfit": 4002000000,
    "grossProfitRatio": 0.1638283936,
    "researchAndDevelopmentExpenses": 0,
    "generalAndAdministrativeExpenses": 0,
    "sellingAndMarketingExpenses": 0,
    "sellingGeneralAndAdministrativeExpenses": 0,
    "otherExpenses": 0,
    "operatingExpenses": 0,
    "costAndExpenses": 20426000000,
    "interestIncome": 606000000,
    "interestExpense": 2850000000,
    "depreciationAndAmortization": 4305000000,
    "ebitda": 7854000000,
    "ebitdaratio": 0.3215162928,
    "operatingIncome": 4002000000,
    "operatingIncomeRatio": 0.1638283936,
    "totalOtherIncomeExpensesNet": -3303000000,
    "incomeBeforeTax": 699000000,
    "incomeBeforeTaxRatio": 0.0286147044,
    "incomeTaxExpense": -1557000000,
    "netIncome": 2256000000,
    "netIncomeRatio": 0.0923530375,
    "eps": 1.09,
    "epsdiluted": 1.05,
    "weightedAverageShsOut": 2064000000,
    "weightedAverageShsOutDil": 2138000000,
    "link": "https://www.sec.gov/Archives/edgar/data/1004980/000100498024000014/0001004980-24-000014-index.htm",
    "finalLink": "https://www.sec.gov/Archives/edgar/data/75488/000100498024000014/pcg-20231231.htm"
  },
  {
    "date": "2022-12-31",
    "symbol": "PCG",
    "reportedCurrency": "USD",
    "cik": "0001004980",
    "fillingDate": "2023-02-23",
    "acceptedDate": "2023-02-22 22:00:15",
    "calendarYear": "2022",
    "period": "FY",
    "revenue": 21680000000,
    "costOfRevenue": 18998000000,
    "grossProfit": 2682000000,
    "grossProfitRatio": 0.1237084871,
    "researchAndDevelopmentExpenses": 0,
    "generalAndAdministrativeExpenses": 0,
    "sellingAndMarketingExpenses": 0,
    "sellingGeneralAndAdministrativeExpenses": 0,
    "otherExpenses": 0,
    "operatingExpenses": 0,
    "costAndExpenses": 18998000000,
    "interestIncome": 162000000,
    "interestExpense": 1917000000,
    "depreciationAndAmortization": 4333000000,
    "ebitda": 6726000000,
    "ebitdaratio": 0.3102398524,
    "operatingIncome": 2682000000,
    "operatingIncomeRatio": 0.1237084871,
    "totalOtherIncomeExpensesNet": -2206000000,
    "incomeBeforeTax": 476000000,
    "incomeBeforeTaxRatio": 0.0219557196,
    "incomeTaxExpense": -1338000000,
    "netIncome": 1814000000,
    "netIncomeRatio": 0.0836715867,
    "eps": 0.91,
    "epsdiluted": 0.84,
    "weightedAverageShsOut": 1987000000,
    "weightedAverageShsOutDil": 2132000000,
    "link": "https://www.sec.gov/Archives/edgar/data/1004980/000100498023000029/0001004980-23-000029-index.htm",
    "finalLink": "https://www.sec.gov/Archives/edgar/data/75488/000100498023000029/pcg-20221231.htm"
  },
  {
    "date": "2021-12-31",
    "symbol": "PCG",
    "reportedCurrency": "USD",
    "cik": "0001004980",
    "fillingDate": "2022-02-10",
    "acceptedDate": "2022-02-10 08:07:20",
    "calendarYear": "2021",
    "period": "FY",
    "revenue": 20642000000,
    "costOfRevenue": 18501000000,
    "grossProfit": 2141000000,
    "grossProfitRatio": 0.1037205697,
    "researchAndDevelopmentExpenses": 0,
    "generalAndAdministrativeExpenses": 0,
    "sellingAndMarketingExpenses": 0,
    "sellingGeneralAndAdministrativeExpenses": 0,
    "otherExpenses": 0,
    "operatingExpenses": 0,
    "costAndExpenses": 18501000000,
    "interestIncome": 20000000,
    "interestExpense": 1601000000,
    "depreciationAndAmortization": 3920000000,
    "ebitda": 6269000000,
    "ebitdaratio": 0.3037011917,
    "operatingIncome": 2141000000,
    "operatingIncomeRatio": 0.1037205697,
    "totalOtherIncomeExpensesNet": -1393000000,
    "incomeBeforeTax": 748000000,
    "incomeBeforeTaxRatio": 0.0362367988,
    "incomeTaxExpense": 836000000,
    "netIncome": -88000000,
    "netIncomeRatio": -0.0042631528,
    "eps": -0.05,
    "epsdiluted": -0.05,
    "weightedAverageShsOut": 1985000000,
    "weightedAverageShsOutDil": 1985000000,
    "link": "https://www.sec.gov/Archives/edgar/data/1004980/000100498022000009/0001004980-22-000009-index.htm",
    "finalLink": "https://www.sec.gov/Archives/edgar/data/75488/000100498022000009/pcg-20211231.htm"
  },
  {
    "date": "2020-12-31",
    "symbol": "PCG",
    "reportedCurrency": "USD",
    "cik": "0001004980",
    "fillingDate": "2021-02-25",
    "acceptedDate": "2021-02-25 08:28:21",
    "calendarYear": "2020",
    "period": "FY",
    "revenue": 18469000000,
    "costOfRevenue": 16463000000,
    "grossProfit": 2006000000,
    "grossProfitRatio": 0.108614435,
    "researchAndDevelopmentExpenses": 0,
    "generalAndAdministrativeExpenses": 0,
    "sellingAndMarketingExpenses": 0,
    "sellingGeneralAndAdministrativeExpenses": 0,
    "otherExpenses": 0,
    "operatingExpenses": 0,
    "costAndExpenses": 16463000000,
    "interestIncome": 39000000,
    "interestExpense": 1260000000,
    "depreciationAndAmortization": 3881000000,
    "ebitda": 4199000000,
    "ebitdaratio": 0.2273539444,
    "operatingIncome": 2006000000,
    "operatingIncomeRatio": 0.108614435,
    "totalOtherIncomeExpensesNet": -2948000000,
    "incomeBeforeTax": -942000000,
    "incomeBeforeTaxRatio": -0.0510043857,
    "incomeTaxExpense": 362000000,
    "netIncome": -1304000000,
    "netIncomeRatio": -0.0706047972,
    "eps": -1.05,
    "epsdiluted": -1.0485,
    "weightedAverageShsOut": 1257000000,
    "weightedAverageShsOutDil": 1257000000,
    "link": "https://www.sec.gov/Archives/edgar/data/1004980/000100498021000007/0001004980-21-000007-index.htm",
    "finalLink": "https://www.sec.gov/Archives/edgar/data/75488/000100498021000007/pcg-20201231.htm"
  },
  {
    "date": "2019-12-31",
    "symbol": "PCG",
    "reportedCurrency": "USD",
    "cik": "0001004980",
    "fillingDate": "2020-02-18",
    "acceptedDate": "2020-02-18 08:46:35",
    "calendarYear": "2019",
    "period": "FY",
    "revenue": 17129000000,
    "costOfRevenue": 15636000000,
    "grossProfit": 1493000000,
    "grossProfitRatio": 0.0871621227,
    "researchAndDevelopmentExpenses": 0,
    "generalAndAdministrativeExpenses": 0,
    "sellingAndMarketingExpenses": 0,
    "sellingGeneralAndAdministrativeExpenses": 0,
    "otherExpenses": 0,
    "operatingExpenses": 0,
    "costAndExpenses": 15636000000,
    "interestIncome": 82000000,
    "interestExpense": 934000000,
    "depreciationAndAmortization": 3234000000,
    "ebitda": -6874000000,
    "ebitdaratio": -0.4013077237,
    "operatingIncome": 1493000000,
    "operatingIncomeRatio": 0.0871621227,
    "totalOtherIncomeExpensesNet": -12535000000,
    "incomeBeforeTax": -11042000000,
    "incomeBeforeTaxRatio": -0.6446377488,
    "incomeTaxExpense": -3400000000,
    "netIncome": -7642000000,
    "netIncomeRatio": -0.4461439664,
    "eps": -14.5,
    "epsdiluted": -14.5,
    "weightedAverageShsOut": 528000000,
    "weightedAverageShsOutDil": 528000000,
    "link": "https://www.sec.gov/Archives/edgar/data/1004980/000100498020000009/0001004980-20-000009-index.htm",
    "finalLink": "https://www.sec.gov/Archives/edgar/data/75488/000100498020000009/pcg-20191231.htm"
  },
  {
    "date": "2018-12-31",
    "symbol": "PCG",
    "reportedCurrency": "USD",
    "cik": "0001004980",
    "fillingDate": "2019-04-30",
    "acceptedDate": "2019-04-30 16:31:17",
    "calendarYear": "2018",
    "period": "FY",
    "revenue": 16759000000,
    "costOfRevenue": 14443000000,
    "grossProfit": 2316000000,
    "grossProfitRatio": 0.138194403,
    "researchAndDevelopmentExpenses": 0,
    "generalAndAdministrativeExpenses": 0,
    "sellingAndMarketingExpenses": 0,
    "sellingGeneralAndAdministrativeExpenses": 0,
    "otherExpenses": 0,
    "operatingExpenses": 0,
    "costAndExpenses": 14443000000,
    "interestIncome": 76000000,
    "interestExpense": 929000000,
    "depreciationAndAmortization": 3036000000,
    "ebitda": -6164000000,
    "ebitdaratio": -0.3678023748,
    "operatingIncome": 2316000000,
    "operatingIncomeRatio": 0.138194403,
    "totalOtherIncomeExpensesNet": -12445000000,
    "incomeBeforeTax": -10129000000,
    "incomeBeforeTaxRatio": -0.6043916701,
    "incomeTaxExpense": -3292000000,
    "netIncome": -6837000000,
    "netIncomeRatio": -0.4079599021,
    "eps": -13.25,
    "epsdiluted": -13.25,
    "weightedAverageShsOut": 517000000,
    "weightedAverageShsOutDil": 517000000,
    "link": "https://www.sec.gov/Archives/edgar/data/1004980/000095015719000501/0000950157-19-000501-index.htm",
    "finalLink": "https://www.sec.gov/Archives/edgar/data/75488/000095015719000501/form10ka.htm"
  },
  {
    "date": "2017-12-31",
    "symbol": "PCG",
    "reportedCurrency": "USD",
    "cik": "0001004980",
    "fillingDate": "2018-02-09",
    "acceptedDate": "2018-02-09 13:54:44",
    "calendarYear": "2017",
    "period": "FY",
    "revenue": 17135000000,
    "costOfRevenue": 14152000000,
    "grossProfit": 2983000000,
    "grossProfitRatio": 0.1740881237,
    "researchAndDevelopmentExpenses": 0,
    "generalAndAdministrativeExpenses": 0,
    "sellingAndMarketingExpenses": 0,
    "sellingGeneralAndAdministrativeExpenses": 0,
    "otherExpenses": 0,
    "operatingExpenses": 0,
    "costAndExpenses": 14152000000,
    "interestIncome": 31000000,
    "interestExpense": 888000000,
    "depreciationAndAmortization": 2854000000,
    "ebitda": 5913000000,
    "ebitdaratio": 0.3450831631,
    "operatingIncome": 2983000000,
    "operatingIncomeRatio": 0.1740881237,
    "totalOtherIncomeExpensesNet": -812000000,
    "incomeBeforeTax": 2171000000,
    "incomeBeforeTaxRatio": 0.1266997374,
    "incomeTaxExpense": 511000000,
    "netIncome": 1660000000,
    "netIncomeRatio": 0.0968777356,
    "eps": 3.21,
    "epsdiluted": 3.21,
    "weightedAverageShsOut": 512000000,
    "weightedAverageShsOutDil": 513000000,
    "link": "https://www.sec.gov/Archives/edgar/data/1004980/000100498018000003/0001004980-18-000003-index.htm",
    "finalLink": "https://www.sec.gov/Archives/edgar/data/75488/000100498018000003/form10k.htm"
  },
  {
    "date": "2016-12-31",
    "symbol": "PCG",
    "reportedCurrency": "USD",
    "cik": "0001004980",
    "fillingDate": "2017-02-16",
    "acceptedDate": "2017-02-16 16:00:54",
    "calendarYear": "2016",
    "period": "FY",
    "revenue": 17666000000,
    "costOfRevenue": 14774000000,
    "grossProfit": 2892000000,
    "grossProfitRatio": 0.1637042907,
    "researchAndDevelopmentExpenses": 0,
    "generalAndAdministrativeExpenses": 0,
    "sellingAndMarketingExpenses": 0,
    "sellingGeneralAndAdministrativeExpenses": 0,
    "otherExpenses": 0,
    "operatingExpenses": 0,
    "costAndExpenses": 14774000000,
    "interestIncome": 23000000,
    "interestExpense": 829000000,
    "depreciationAndAmortization": 2755000000,
    "ebitda": 5046000000,
    "ebitdaratio": 0.2856334201,
    "operatingIncome": 2892000000,
    "operatingIncomeRatio": 0.1637042907,
    "totalOtherIncomeExpensesNet": -1430000000,
    "incomeBeforeTax": 1462000000,
    "incomeBeforeTaxRatio": 0.0827578399,
    "incomeTaxExpense": 55000000,
    "netIncome": 1407000000,
    "netIncomeRatio": 0.0796445149,
    "eps": 2.79,
    "epsdiluted": 2.78,
    "weightedAverageShsOut": 499000000,
    "weightedAverageShsOutDil": 501000000,
    "link": "https://www.sec.gov/Archives/edgar/data/1004980/000100498017000006/0001004980-17-000006-index.htm",
    "finalLink": "https://www.sec.gov/Archives/edgar/data/75488/000100498017000006/form10k.htm"
  },
  {
    "date": "2015-12-31",
    "symbol": "PCG",
    "reportedCurrency": "USD",
    "cik": "0001004980",
    "fillingDate": "2016-02-18",
    "acceptedDate": "2016-02-18 15:28:36",
    "calendarYear": "2015",
    "period": "FY",
    "revenue": 16833000000,
    "costOfRevenue": 14457000000,
    "grossProfit": 2376000000,
    "grossProfitRatio": 0.1411513099,
    "researchAndDevelopmentExpenses": 0,
    "generalAndAdministrativeExpenses": 0,
    "sellingAndMarketingExpenses": 0,
    "sellingGeneralAndAdministrativeExpenses": 0,
    "otherExpenses": 0,
    "operatingExpenses": 0,
    "costAndExpenses": 14457000000,
    "interestIncome": 9000000,
    "interestExpense": 773000000,
    "depreciationAndAmortization": 2612000000,
    "ebitda": 4246000000,
    "ebitdaratio": 0.2522426187,
    "operatingIncome": 2376000000,
    "operatingIncomeRatio": 0.1411513099,
    "totalOtherIncomeExpensesNet": -1515000000,
    "incomeBeforeTax": 861000000,
    "incomeBeforeTaxRatio": 0.0511495277,
    "incomeTaxExpense": -27000000,
    "netIncome": 888000000,
    "netIncomeRatio": 0.0527535199,
    "eps": 1.81,
    "epsdiluted": 1.79,
    "weightedAverageShsOut": 484000000,
    "weightedAverageShsOutDil": 487000000,
    "link": "https://www.sec.gov/Archives/edgar/data/1004980/000100498016000065/0001004980-16-000065-index.htm",
    "finalLink": "https://www.sec.gov/Archives/edgar/data/75488/000100498016000065/form10k.htm"
  },
  {
    "date": "2014-12-31",
    "symbol": "PCG",
    "reportedCurrency": "USD",
    "cik": "0001004980",
    "fillingDate": "2015-02-10",
    "acceptedDate": "2015-02-10 17:03:53",
    "calendarYear": "2014",
    "period": "FY",
    "revenue": 17090000000,
    "costOfRevenue": 14549000000,
    "grossProfit": 2541000000,
    "grossProfitRatio": 0.1486834406,
    "researchAndDevelopmentExpenses": 0,
    "generalAndAdministrativeExpenses": 0,
    "sellingAndMarketingExpenses": 0,
    "sellingGeneralAndAdministrativeExpenses": 0,
    "otherExpenses": 0,
    "operatingExpenses": 0,
    "costAndExpenses": 14549000000,
    "interestIncome": 9000000,
    "interestExpense": 734000000,
    "depreciationAndAmortization": 2433000000,
    "ebitda": 5074000000,
    "ebitdaratio": 0.2968987712,
    "operatingIncome": 2541000000,
    "operatingIncomeRatio": 0.1486834406,
    "totalOtherIncomeExpensesNet": -746000000,
    "incomeBeforeTax": 1795000000,
    "incomeBeforeTaxRatio": 0.1050321826,
    "incomeTaxExpense": 345000000,
    "netIncome": 1450000000,
    "netIncomeRatio": 0.0848449386,
    "eps": 3.07,
    "epsdiluted": 3.06,
    "weightedAverageShsOut": 468000000,
    "weightedAverageShsOutDil": 470000000,
    "link": "https://www.sec.gov/Archives/edgar/data/1004980/000100498015000010/0001004980-15-000010-index.htm",
    "finalLink": "https://www.sec.gov/Archives/edgar/data/75488/000100498015000010/form10k.htm"
  },
  {
    "date": "2013-12-31",
    "symbol": "PCG",
    "reportedCurrency": "USD",
    "cik": "0001004980",
    "fillingDate": "2014-02-11",
    "acceptedDate": "2014-02-11 17:08:47",
    "calendarYear": "2013",
    "period": "FY",
    "revenue": 15598000000,
    "costOfRevenue": 13706000000,
    "grossProfit": 1892000000,
    "grossProfitRatio": 0.1212976023,
    "researchAndDevelopmentExpenses": 0,
    "generalAndAdministrativeExpenses": 0,
    "sellingAndMarketingExpenses": 0,
    "sellingGeneralAndAdministrativeExpenses": 0,
    "otherExpenses": 0,
    "operatingExpenses": 0,
    "costAndExpenses": 13706000000,
    "interestIncome": 9000000,
    "interestExpense": 715000000,
    "depreciationAndAmortization": 2077000000,
    "ebitda": 3888000000,
    "ebitdaratio": 0.249262726,
    "operatingIncome": 1892000000,
    "operatingIncomeRatio": 0.1212976023,
    "totalOtherIncomeExpensesNet": -796000000,
    "incomeBeforeTax": 1096000000,
    "incomeBeforeTaxRatio": 0.0702654186,
    "incomeTaxExpense": 268000000,
    "netIncome": 828000000,
    "netIncomeRatio": 0.0530837287,
    "eps": 1.83,
    "epsdiluted": 1.83,
    "weightedAverageShsOut": 444000000,
    "weightedAverageShsOutDil": 445000000,
    "link": "https://www.sec.gov/Archives/edgar/data/1004980/000100498014000023/0001004980-14-000023-index.htm",
    "finalLink": "https://www.sec.gov/Archives/edgar/data/75488/000100498014000023/form10k.htm"
  },
  {
    "date": "2012-12-31",
    "symbol": "PCG",
    "reportedCurrency": "USD",
    "cik": "0001004980",
    "fillingDate": "2013-02-21",
    "acceptedDate": "2013-02-21 15:15:03",
    "calendarYear": "2012",
    "period": "FY",
    "revenue": 15040000000,
    "costOfRevenue": 13008000000,
    "grossProfit": 2032000000,
    "grossProfitRatio": 0.135106383,
    "researchAndDevelopmentExpenses": 0,
    "generalAndAdministrativeExpenses": 0,
    "sellingAndMarketingExpenses": 0,
    "sellingGeneralAndAdministrativeExpenses": 0,
    "otherExpenses": 0,
    "operatingExpenses": 0,
    "costAndExpenses": 13008000000,
    "interestIncome": 7000000,
    "interestExpense": 703000000,
    "depreciationAndAmortization": 2272000000,
    "ebitda": 3857000000,
    "ebitdaratio": 0.2564494681,
    "operatingIncome": 2032000000,
    "operatingIncomeRatio": 0.135106383,
    "totalOtherIncomeExpensesNet": -965000000,
    "incomeBeforeTax": 1067000000,
    "incomeBeforeTaxRatio": 0.0709441489,
    "incomeTaxExpense": 237000000,
    "netIncome": 830000000,
    "netIncomeRatio": 0.0551861702,
    "eps": 1.92,
    "epsdiluted": 1.92,
    "weightedAverageShsOut": 424000000,
    "weightedAverageShsOutDil": 425000000,
    "link": "https://www.sec.gov/Archives/edgar/data/1004980/000100498013000013/0001004980-13-000013-index.htm",
    "finalLink": "https://www.sec.gov/Archives/edgar/data/75488/000100498013000013/form10k.htm"
  },
  {
    "date": "2011-12-31",
    "symbol": "PCG",
    "reportedCurrency": "USD",
    "cik": "0001004980",
    "fillingDate": "2012-02-16",
    "acceptedDate": "2012-02-16 17:26:50",
    "calendarYear": "2011",
    "period": "FY",
    "revenue": 14956000000,
    "costOfRevenue": 12449000000,
    "grossProfit": 2507000000,
    "grossProfitRatio": 0.1676250334,
    "researchAndDevelopmentExpenses": 0,
    "generalAndAdministrativeExpenses": 0,
    "sellingAndMarketingExpenses": 0,
    "sellingGeneralAndAdministrativeExpenses": 0,
    "otherExpenses": 0,
    "operatingExpenses": 0,
    "costAndExpenses": 12449000000,
    "interestIncome": 7000000,
    "interestExpense": 700000000,
    "depreciationAndAmortization": 2215000000,
    "ebitda": 4114000000,
    "ebitdaratio": 0.2750735491,
    "operatingIncome": 2507000000,
    "operatingIncomeRatio": 0.1676250334,
    "totalOtherIncomeExpensesNet": -1209000000,
    "incomeBeforeTax": 1298000000,
    "incomeBeforeTaxRatio": 0.0867879112,
    "incomeTaxExpense": 440000000,
    "netIncome": 858000000,
    "netIncomeRatio": 0.0573682803,
    "eps": 2.1,
    "epsdiluted": 2.1,
    "weightedAverageShsOut": 401000000,
    "weightedAverageShsOutDil": 402000000,
    "link": "https://www.sec.gov/Archives/edgar/data/1004980/000119312512065537/0001193125-12-065537-index.htm",
    "finalLink": "https://www.sec.gov/Archives/edgar/data/75488/000119312512065537/d264437d10k.htm"
  },
  {
    "date": "2010-12-31",
    "symbol": "PCG",
    "reportedCurrency": "USD",
    "cik": "0001004980",
    "fillingDate": "2011-02-17",
    "acceptedDate": "2011-02-17 14:38:15",
    "calendarYear": "2010",
    "period": "FY",
    "revenue": 13841000000,
    "costOfRevenue": 10881000000,
    "grossProfit": 2960000000,
    "grossProfitRatio": 0.2138573802,
    "researchAndDevelopmentExpenses": 0,
    "generalAndAdministrativeExpenses": 0,
    "sellingAndMarketingExpenses": 0,
    "sellingGeneralAndAdministrativeExpenses": 0,
    "otherExpenses": 0,
    "operatingExpenses": 0,
    "costAndExpenses": 10881000000,
    "interestIncome": 9000000,
    "interestExpense": 684000000,
    "depreciationAndAmortization": 1905000000,
    "ebitda": 4249000000,
    "ebitdaratio": 0.3069864894,
    "operatingIncome": 2960000000,
    "operatingIncomeRatio": 0.2138573802,
    "totalOtherIncomeExpensesNet": -1300000000,
    "incomeBeforeTax": 1660000000,
    "incomeBeforeTaxRatio": 0.1199335308,
    "incomeTaxExpense": 547000000,
    "netIncome": 1113000000,
    "netIncomeRatio": 0.0804132649,
    "eps": 2.86,
    "epsdiluted": 2.82,
    "weightedAverageShsOut": 382000000,
    "weightedAverageShsOutDil": 392000000,
    "link": "https://www.sec.gov/Archives/edgar/data/1004980/000119312511038959/0001193125-11-038959-index.htm",
    "finalLink": "https://www.sec.gov/Archives/edgar/data/1004980/000119312511038959/d10k.htm"
  },
  {
    "date": "2009-12-31",
    "symbol": "PCG",
    "reportedCurrency": "USD",
    "cik": "0001004980",
    "fillingDate": "2010-02-19",
    "acceptedDate": "2010-02-19 17:12:56",
    "calendarYear": "2009",
    "period": "FY",
    "revenue": 13399000000,
    "costOfRevenue": 10345000000,
    "grossProfit": 3054000000,
    "grossProfitRatio": 0.2279274573,
    "researchAndDevelopmentExpenses": 0,
    "generalAndAdministrativeExpenses": 0,
    "sellingAndMarketingExpenses": 0,
    "sellingGeneralAndAdministrativeExpenses": 0,
    "otherExpenses": 0,
    "operatingExpenses": 0,
    "costAndExpenses": 10345000000,
    "interestIncome": 33000000,
    "interestExpense": 705000000,
    "depreciationAndAmortization": 1752000000,
    "ebitda": 4151000000,
    "ebitdaratio": 0.3097992387,
    "operatingIncome": 3054000000,
    "operatingIncomeRatio": 0.2279274573,
    "totalOtherIncomeExpensesNet": -1360000000,
    "incomeBeforeTax": 1694000000,
    "incomeBeforeTaxRatio": 0.1264273453,
    "incomeTaxExpense": 460000000,
    "netIncome": 1234000000,
    "netIncomeRatio": 0.0920964251,
    "eps": 3.25,
    "epsdiluted": 3.2,
    "weightedAverageShsOut": 368000000,
    "weightedAverageShsOutDil": 386000000,
    "link": "https://www.sec.gov/Archives/edgar/data/1004980/000100498010000015/0001004980-10-000015-index.htm",
    "finalLink": "https://www.sec.gov/Archives/edgar/data/1004980/000100498010000015/form10k.htm"
  },
  {
    "date": "2008-12-31",
    "symbol": "PCG",
    "reportedCurrency": "USD",
    "cik": "0001004980",
    "fillingDate": "2009-02-24",
    "acceptedDate": "2009-02-24 16:03:04",
    "calendarYear": "2008",
    "period": "FY",
    "revenue": 14628000000,
    "costOfRevenue": 12367000000,
    "grossProfit": 2261000000,
    "grossProfitRatio": 0.1545665846,
    "researchAndDevelopmentExpenses": 0,
    "generalAndAdministrativeExpenses": 0,
    "sellingAndMarketingExpenses": 0,
    "sellingGeneralAndAdministrativeExpenses": 0,
    "otherExpenses": 0,
    "operatingExpenses": 0,
    "costAndExpenses": 12367000000,
    "interestIncome": 94000000,
    "interestExpense": 728000000,
    "depreciationAndAmortization": 1651000000,
    "ebitda": 3988000000,
    "ebitdaratio": 0.272627837,
    "operatingIncome": 2261000000,
    "operatingIncomeRatio": 0.1545665846,
    "totalOtherIncomeExpensesNet": -652000000,
    "incomeBeforeTax": 1609000000,
    "incomeBeforeTaxRatio": 0.109994531,
    "incomeTaxExpense": 425000000,
    "netIncome": 1352000000,
    "netIncomeRatio": 0.0924254854,
    "eps": 3.64,
    "epsdiluted": 3.63,
    "weightedAverageShsOut": 357000000,
    "weightedAverageShsOutDil": 358000000,
    "link": "https://www.sec.gov/Archives/edgar/data/1004980/000100498009000009/0001004980-09-000009-index.htm",
    "finalLink": "https://www.sec.gov/Archives/edgar/data/1004980/000100498009000009/form10k123108.htm"
  },
  {
    "date": "2007-12-31",
    "symbol": "PCG",
    "reportedCurrency": "USD",
    "cik": "0001004980",
    "fillingDate": "2008-02-22",
    "acceptedDate": "2008-02-22 12:57:06",
    "calendarYear": "2007",
    "period": "FY",
    "revenue": 13237000000,
    "costOfRevenue": 11123000000,
    "grossProfit": 2114000000,
    "grossProfitRatio": 0.1597038604,
    "researchAndDevelopmentExpenses": 0,
    "generalAndAdministrativeExpenses": 0,
    "sellingAndMarketingExpenses": 0,
    "sellingGeneralAndAdministrativeExpenses": 0,
    "otherExpenses": 0,
    "operatingExpenses": 0,
    "costAndExpenses": 11123000000,
    "interestIncome": 0,
    "interestExpense": 0,
    "depreciationAndAmortization": 1770000000,
    "ebitda": 4077000000,
    "ebitdaratio": 0.3080003022,
    "operatingIncome": 2114000000,
    "operatingIncomeRatio": 0.1597038604,
    "totalOtherIncomeExpensesNet": -569000000,
    "incomeBeforeTax": 1545000000,
    "incomeBeforeTaxRatio": 0.1167182896,
    "incomeTaxExpense": 539000000,
    "netIncome": 1006000000,
    "netIncomeRatio": 0.0759990935,
    "eps": 2.79,
    "epsdiluted": 2.78,
    "weightedAverageShsOut": 351000000,
    "weightedAverageShsOutDil": 353000000,
    "link": "https://www.sec.gov/Archives/edgar/data/1004980/000100498008000054/0001004980-08-000054-index.htm",
    "finalLink": "https://www.sec.gov/Archives/edgar/data/1004980/000100498008000054/form10k2007.htm"
  },
  {
    "date": "2006-12-31",
    "symbol": "PCG",
    "reportedCurrency": "USD",
    "cik": "0001004980",
    "fillingDate": "2007-02-22",
    "acceptedDate": "2007-02-22 17:03:55",
    "calendarYear": "2006",
    "period": "FY",
    "revenue": 12539000000,
    "costOfRevenue": 10431000000,
    "grossProfit": 2108000000,
    "grossProfitRatio": 0.1681154797,
    "researchAndDevelopmentExpenses": 0,
    "generalAndAdministrativeExpenses": 0,
    "sellingAndMarketingExpenses": 0,
    "sellingGeneralAndAdministrativeExpenses": 0,
    "otherExpenses": 0,
    "operatingExpenses": 0,
    "costAndExpenses": 10431000000,
    "interestIncome": 0,
    "interestExpense": 0,
    "depreciationAndAmortization": 1709000000,
    "ebitda": 3992000000,
    "ebitdaratio": 0.3183666959,
    "operatingIncome": 2108000000,
    "operatingIncomeRatio": 0.1681154797,
    "totalOtherIncomeExpensesNet": -563000000,
    "incomeBeforeTax": 1545000000,
    "incomeBeforeTaxRatio": 0.1232155674,
    "incomeTaxExpense": 554000000,
    "netIncome": 991000000,
    "netIncomeRatio": 0.0790334157,
    "eps": 2.78,
    "epsdiluted": 2.76,
    "weightedAverageShsOut": 346000000,
    "weightedAverageShsOutDil": 359057971,
    "link": "https://www.sec.gov/Archives/edgar/data/1004980/000100498007000057/0001004980-07-000057-index.htm",
    "finalLink": "https://www.sec.gov/Archives/edgar/data/1004980/000100498007000057/form10k.htm"
  },
  {
    "date": "2005-12-31",
    "symbol": "PCG",
    "reportedCurrency": "USD",
    "cik": "0001004980",
    "fillingDate": "2006-02-17",
    "acceptedDate": "2006-02-17 15:50:08",
    "calendarYear": "2005",
    "period": "FY",
    "revenue": 11703000000,
    "costOfRevenue": 9733000000,
    "grossProfit": 1970000000,
    "grossProfitRatio": 0.1683329061,
    "researchAndDevelopmentExpenses": 0,
    "generalAndAdministrativeExpenses": 0,
    "sellingAndMarketingExpenses": 0,
    "sellingGeneralAndAdministrativeExpenses": 0,
    "otherExpenses": 0,
    "operatingExpenses": 0,
    "costAndExpenses": 9733000000,
    "interestIncome": 0,
    "interestExpense": 0,
    "depreciationAndAmortization": 1735000000,
    "ebitda": 3766000000,
    "ebitdaratio": 0.3217978296,
    "operatingIncome": 1970000000,
    "operatingIncomeRatio": 0.1683329061,
    "totalOtherIncomeExpensesNet": -522000000,
    "incomeBeforeTax": 1448000000,
    "incomeBeforeTaxRatio": 0.1237289584,
    "incomeTaxExpense": 544000000,
    "netIncome": 917000000,
    "netIncomeRatio": 0.0783559771,
    "eps": 2.4,
    "epsdiluted": 2.37,
    "weightedAverageShsOut": 372000000,
    "weightedAverageShsOutDil": 386919831,
    "link": "https://www.sec.gov/Archives/edgar/data/1004980/000100498006000066/0001004980-06-000066-index.htm",
    "finalLink": "https://www.sec.gov/Archives/edgar/data/1004980/000100498006000066/form10k.htm"
  },
  {
    "date": "2004-12-31",
    "symbol": "PCG",
    "reportedCurrency": "USD",
    "cik": "0001004980",
    "fillingDate": "2005-02-18",
    "acceptedDate": "2005-02-18 13:19:15",
    "calendarYear": "2004",
    "period": "FY",
    "revenue": 11080000000,
    "costOfRevenue": 5991000000,
    "grossProfit": 5089000000,
    "grossProfitRatio": 0.4592960289,
    "researchAndDevelopmentExpenses": 0,
    "generalAndAdministrativeExpenses": 0,
    "sellingAndMarketingExpenses": 0,
    "sellingGeneralAndAdministrativeExpenses": 0,
    "otherExpenses": -2871000000,
    "operatingExpenses": 2871000000,
    "costAndExpenses": 8862000000,
    "interestIncome": 0,
    "interestExpense": 0,
    "depreciationAndAmortization": 1497000000,
    "ebitda": 8580000000,
    "ebitdaratio": 0.774368231,
    "operatingIncome": 2218000000,
    "operatingIncomeRatio": 0.2001805054,
    "totalOtherIncomeExpensesNet": 4068000000,
    "incomeBeforeTax": 6286000000,
    "incomeBeforeTaxRatio": 0.5673285199,
    "incomeTaxExpense": 2466000000,
    "netIncome": 4504000000,
    "netIncomeRatio": 0.4064981949,
    "eps": 9.16,
    "epsdiluted": 8.97,
    "weightedAverageShsOut": 417000000,
    "weightedAverageShsOutDil": 426000000,
    "link": "https://www.sec.gov/Archives/edgar/data/1004980/000104746905004204/0001047469-05-004204-index.htm",
    "finalLink": "https://www.sec.gov/Archives/edgar/data/1004980/000104746905004204/a2150586z10-k.htm"
  },
  {
    "date": "2003-12-31",
    "symbol": "PCG",
    "reportedCurrency": "USD",
    "cik": "0001004980",
    "fillingDate": "2004-02-19",
    "acceptedDate": "2004-02-19 15:22:44",
    "calendarYear": "2003",
    "period": "FY",
    "revenue": 10435000000,
    "costOfRevenue": 3747000000,
    "grossProfit": 6688000000,
    "grossProfitRatio": 0.6409199808,
    "researchAndDevelopmentExpenses": 0,
    "generalAndAdministrativeExpenses": 0,
    "sellingAndMarketingExpenses": 0,
    "sellingGeneralAndAdministrativeExpenses": 0,
    "otherExpenses": 4345000000,
    "operatingExpenses": 4345000000,
    "costAndExpenses": 8092000000,
    "interestIncome": 0,
    "interestExpense": 0,
    "depreciationAndAmortization": 1222000000,
    "ebitda": 3565000000,
    "ebitdaratio": 0.3416387159,
    "operatingIncome": 2343000000,
    "operatingIncomeRatio": 0.2245328222,
    "totalOtherIncomeExpensesNet": -1094000000,
    "incomeBeforeTax": 1249000000,
    "incomeBeforeTaxRatio": 0.1196933397,
    "incomeTaxExpense": 458000000,
    "netIncome": 420000000,
    "netIncomeRatio": 0.0402491615,
    "eps": 1.96,
    "epsdiluted": 1.92,
    "weightedAverageShsOut": 384000000,
    "weightedAverageShsOutDil": 398958333,
    "link": "https://www.sec.gov/Archives/edgar/data/1004980/000095014904000430/0000950149-04-000430-index.htm",
    "finalLink": "https://www.sec.gov/Archives/edgar/data/1004980/000095014904000430/f95893ae10vk.htm"
  },
  {
    "date": "2002-12-31",
    "symbol": "PCG",
    "reportedCurrency": "USD",
    "cik": "0001004980",
    "fillingDate": "2003-02-27",
    "acceptedDate": "2003-02-27 17:02:50",
    "calendarYear": "2002",
    "period": "FY",
    "revenue": 10505000000,
    "costOfRevenue": 2342000000,
    "grossProfit": 8163000000,
    "grossProfitRatio": 0.7770585436,
    "researchAndDevelopmentExpenses": 0,
    "generalAndAdministrativeExpenses": 155000000,
    "sellingAndMarketingExpenses": 0,
    "sellingGeneralAndAdministrativeExpenses": 155000000,
    "otherExpenses": 4054000000,
    "operatingExpenses": 4209000000,
    "costAndExpenses": 6551000000,
    "interestIncome": 0,
    "interestExpense": 0,
    "depreciationAndAmortization": 1196000000,
    "ebitda": 5150000000,
    "ebitdaratio": 0.4902427416,
    "operatingIncome": 3954000000,
    "operatingIncomeRatio": 0.3763921942,
    "totalOtherIncomeExpensesNet": -1094000000,
    "incomeBeforeTax": 2860000000,
    "incomeBeforeTaxRatio": 0.2722513089,
    "incomeTaxExpense": 1137000000,
    "netIncome": -874000000,
    "netIncomeRatio": -0.0831984769,
    "eps": -2.37,
    "epsdiluted": -2.32,
    "weightedAverageShsOut": 371000000,
    "weightedAverageShsOutDil": 376790831,
    "link": "https://www.sec.gov/Archives/edgar/data/1004980/000104746903007123/0001047469-03-007123-index.htm",
    "finalLink": "https://www.sec.gov/Archives/edgar/data/1004980/000104746903007123/a2103978z10-k.htm"
  },
  {
    "date": "2001-12-31",
    "symbol": "PCG",
    "reportedCurrency": "USD",
    "cik": "0001004980",
    "fillingDate": "2002-03-05",
    "acceptedDate": "2002-03-05 00:00:00",
    "calendarYear": "2001",
    "period": "FY",
    "revenue": 22959000000,
    "costOfRevenue": 4437000000,
    "grossProfit": 18522000000,
    "grossProfitRatio": 0.8067424539,
    "researchAndDevelopmentExpenses": 0,
    "generalAndAdministrativeExpenses": 0,
    "sellingAndMarketingExpenses": 0,
    "sellingGeneralAndAdministrativeExpenses": 0,
    "otherExpenses": 3400000000,
    "operatingExpenses": 3400000000,
    "costAndExpenses": 20223000000,
    "interestIncome": 0,
    "interestExpense": 0,
    "depreciationAndAmortization": 1002000000,
    "ebitda": 3615000000,
    "ebitdaratio": 0.157454593,
    "operatingIncome": 2613000000,
    "operatingIncomeRatio": 0.1138115772,
    "totalOtherIncomeExpensesNet": -984000000,
    "incomeBeforeTax": 1629000000,
    "incomeBeforeTaxRatio": 0.0709525676,
    "incomeTaxExpense": 608000000,
    "netIncome": 1099000000,
    "netIncomeRatio": 0.0478679385,
    "eps": 2.81,
    "epsdiluted": 2.8,
    "weightedAverageShsOut": 391103203,
    "weightedAverageShsOutDil": 392500000,
    "link": "https://www.sec.gov/Archives/edgar/data/1004980/000095010902001149/0000950109-02-001149-index.htm",
    "finalLink": "https://www.sec.gov/Archives/edgar/data/1004980/000095010902001149/d10k.htm"
  },
  {
    "date": "2000-12-31",
    "symbol": "PCG",
    "reportedCurrency": "USD",
    "cik": "0001004980",
    "fillingDate": "2001-04-17",
    "acceptedDate": "2001-04-17 00:00:00",
    "calendarYear": "2000",
    "period": "FY",
    "revenue": 26232000000,
    "costOfRevenue": 23386000000,
    "grossProfit": 2846000000,
    "grossProfitRatio": 0.1084934431,
    "researchAndDevelopmentExpenses": 0,
    "generalAndAdministrativeExpenses": 0,
    "sellingAndMarketingExpenses": 0,
    "sellingGeneralAndAdministrativeExpenses": 0,
    "otherExpenses": 7653000000,
    "operatingExpenses": 7653000000,
    "costAndExpenses": 31039000000,
    "interestIncome": 0,
    "interestExpense": 0,
    "depreciationAndAmortization": 3659000000,
    "ebitda": -1270000000,
    "ebitdaratio": -0.0484141507,
    "operatingIncome": -4929000000,
    "operatingIncomeRatio": -0.1879002745,
    "totalOtherIncomeExpensesNet": -597000000,
    "incomeBeforeTax": -5526000000,
    "incomeBeforeTaxRatio": -0.2106587374,
    "incomeTaxExpense": -2103000000,
    "netIncome": -3364000000,
    "netIncomeRatio": -0.1282403172,
    "eps": -9.49,
    "epsdiluted": -9.49,
    "weightedAverageShsOut": 354478398,
    "weightedAverageShsOutDil": 354478398,
    "link": "https://www.sec.gov/Archives/edgar/data/1004980/000092962401500037/0000929624-01-500037-index.htm",
    "finalLink": "https://www.sec.gov/Archives/edgar/data/1004980/000092962401500037/d10k.txt"
  },
  {
    "date": "1999-12-31",
    "symbol": "PCG",
    "reportedCurrency": "USD",
    "cik": "0001004980",
    "fillingDate": "2000-03-08",
    "acceptedDate": "2000-03-08 00:00:00",
    "calendarYear": "1999",
    "period": "FY",
    "revenue": 20820000000,
    "costOfRevenue": 13736000000,
    "grossProfit": 7084000000,
    "grossProfitRatio": 0.3402497598,
    "researchAndDevelopmentExpenses": 0,
    "generalAndAdministrativeExpenses": 0,
    "sellingAndMarketingExpenses": 0,
    "sellingGeneralAndAdministrativeExpenses": 0,
    "otherExpenses": 6206000000,
    "operatingExpenses": 6206000000,
    "costAndExpenses": 19942000000,
    "interestIncome": 0,
    "interestExpense": 0,
    "depreciationAndAmortization": 1625000000,
    "ebitda": 2503000000,
    "ebitdaratio": 0.1202209414,
    "operatingIncome": 878000000,
    "operatingIncomeRatio": 0.0421709894,
    "totalOtherIncomeExpensesNet": -617000000,
    "incomeBeforeTax": 261000000,
    "incomeBeforeTaxRatio": 0.0125360231,
    "incomeTaxExpense": 248000000,
    "netIncome": -73000000,
    "netIncomeRatio": -0.003506244,
    "eps": -0.2,
    "epsdiluted": -0.2,
    "weightedAverageShsOut": 368085106,
    "weightedAverageShsOutDil": 370714286,
    "link": "https://www.sec.gov/Archives/edgar/data/1004980/000092962400000321/0000929624-00-000321-index.html",
    "finalLink": "https://www.sec.gov/Archives/edgar/data/1004980/000092962400000321/"
  },
  {
    "date": "1998-12-31",
    "symbol": "PCG",
    "reportedCurrency": "USD",
    "cik": "0001004980",
    "fillingDate": "1999-03-09",
    "acceptedDate": "1999-03-09 00:00:00",
    "calendarYear": "1998",
    "period": "FY",
    "revenue": 19942000000,
    "costOfRevenue": 13223000000,
    "grossProfit": 6719000000,
    "grossProfitRatio": 0.3369270886,
    "researchAndDevelopmentExpenses": 0,
    "generalAndAdministrativeExpenses": 0,
    "sellingAndMarketingExpenses": 0,
    "sellingGeneralAndAdministrativeExpenses": 0,
    "otherExpenses": 4712000000,
    "operatingExpenses": 4712000000,
    "costAndExpenses": 17935000000,
    "interestIncome": 0,
    "interestExpense": 0,
    "depreciationAndAmortization": 1602000000,
    "ebitda": 3700000000,
    "ebitdaratio": 0.1855380604,
    "operatingIncome": 2098000000,
    "operatingIncomeRatio": 0.1052050948,
    "totalOtherIncomeExpensesNet": -716000000,
    "incomeBeforeTax": 1382000000,
    "incomeBeforeTaxRatio": 0.0693009728,
    "incomeTaxExpense": 611000000,
    "netIncome": 719000000,
    "netIncomeRatio": 0.0360545582,
    "eps": 1.99,
    "epsdiluted": 1.99,
    "weightedAverageShsOut": 361306533,
    "weightedAverageShsOutDil": 361306533,
    "link": "https://www.sec.gov/Archives/edgar/data/1004980/000092962499000404/0000929624-99-000404-index.html",
    "finalLink": "https://www.sec.gov/Archives/edgar/data/1004980/"
  },
  {
    "date": "1997-12-31",
    "symbol": "PCG",
    "reportedCurrency": "USD",
    "cik": "0001004980",
    "fillingDate": "1998-03-05",
    "acceptedDate": "1998-03-05 00:00:00",
    "calendarYear": "1997",
    "period": "FY",
    "revenue": 15400000000,
    "costOfRevenue": 8485000000,
    "grossProfit": 6915000000,
    "grossProfitRatio": 0.449025974,
    "researchAndDevelopmentExpenses": 0,
    "generalAndAdministrativeExpenses": 0,
    "sellingAndMarketingExpenses": 0,
    "sellingGeneralAndAdministrativeExpenses": 0,
    "otherExpenses": 5187000000,
    "operatingExpenses": 5187000000,
    "costAndExpenses": 13672000000,
    "interestIncome": 0,
    "interestExpense": 0,
    "depreciationAndAmortization": 1813000000,
    "ebitda": 3541000000,
    "ebitdaratio": 0.2299350649,
    "operatingIncome": 1728000000,
    "operatingIncomeRatio": 0.1122077922,
    "totalOtherIncomeExpensesNet": -418000000,
    "incomeBeforeTax": 1310000000,
    "incomeBeforeTaxRatio": 0.0850649351,
    "incomeTaxExpense": 565000000,
    "netIncome": 716000000,
    "netIncomeRatio": 0.0464935065,
    "eps": 1.75,
    "epsdiluted": 1.75,
    "weightedAverageShsOut": 409142857,
    "weightedAverageShsOutDil": 409142857,
    "link": "https://www.sec.gov/Archives/edgar/data/1004980/000092962498000494/0000929624-98-000494-index.html",
    "finalLink": "https://www.sec.gov/Archives/edgar/data/1004980/"
  },
  {
    "date": "1996-12-31",
    "symbol": "PCG",
    "reportedCurrency": "USD",
    "cik": "0001004980",
    "fillingDate": "1997-03-04",
    "acceptedDate": "1997-03-04 00:00:00",
    "calendarYear": "1996",
    "period": "FY",
    "revenue": 9610000000,
    "costOfRevenue": 3065300000,
    "grossProfit": 6544700000,
    "grossProfitRatio": 0.6810301769,
    "researchAndDevelopmentExpenses": 0,
    "generalAndAdministrativeExpenses": 0,
    "sellingAndMarketingExpenses": 0,
    "sellingGeneralAndAdministrativeExpenses": 1016400000,
    "otherExpenses": 3651200000,
    "operatingExpenses": 4667600000,
    "costAndExpenses": 7732900000,
    "interestIncome": 0,
    "interestExpense": 0,
    "depreciationAndAmortization": 1315900000,
    "ebitda": 3193000000,
    "ebitdaratio": 0.3322580645,
    "operatingIncome": 1877100000,
    "operatingIncomeRatio": 0.1953277836,
    "totalOtherIncomeExpensesNet": -566900000,
    "incomeBeforeTax": 1310200000,
    "incomeBeforeTaxRatio": 0.1363371488,
    "incomeTaxExpense": 555000000,
    "netIncome": 755200000,
    "netIncomeRatio": 0.0785848075,
    "eps": 1.75,
    "epsdiluted": 1.75,
    "weightedAverageShsOut": 412628571,
    "weightedAverageShsOutDil": 412628571,
    "link": "https://www.sec.gov/Archives/edgar/data/1004980/000089843097000819/0000898430-97-000819-index.html",
    "finalLink": "https://www.sec.gov/Archives/edgar/data/1004980/"
  },
  {
    "date": "1995-12-31",
    "symbol": "PCG",
    "reportedCurrency": "USD",
    "cik": "0001004980",
    "fillingDate": "1995-12-31",
    "acceptedDate": "1995-12-31 00:00:00",
    "calendarYear": "1995",
    "period": "FY",
    "revenue": 9621700000,
    "costOfRevenue": 2450100000,
    "grossProfit": 7171600000,
    "grossProfitRatio": 0.7453568496,
    "researchAndDevelopmentExpenses": 0,
    "generalAndAdministrativeExpenses": 0,
    "sellingAndMarketingExpenses": 0,
    "sellingGeneralAndAdministrativeExpenses": 971600000,
    "otherExpenses": 3437100000,
    "operatingExpenses": 4408700000,
    "costAndExpenses": 6858800000,
    "interestIncome": 0,
    "interestExpense": 0,
    "depreciationAndAmortization": 1390900000,
    "ebitda": 4153800000,
    "ebitdaratio": 0.4317116518,
    "operatingIncome": 2762900000,
    "operatingIncomeRatio": 0.2871529979,
    "totalOtherIncomeExpensesNet": -528700000,
    "incomeBeforeTax": 2234200000,
    "incomeBeforeTaxRatio": 0.2322042882,
    "incomeTaxExpense": 895300000,
    "netIncome": 1338900000,
    "netIncomeRatio": 0.1391542035,
    "eps": 2.99,
    "epsdiluted": 2.99,
    "weightedAverageShsOut": 424280936,
    "weightedAverageShsOutDil": 424280936,
    "link": null,
    "finalLink": null
  },
  {
    "date": "1994-12-31",
    "symbol": "PCG",
    "reportedCurrency": "USD",
    "cik": "0001004980",
    "fillingDate": "1994-12-31",
    "acceptedDate": "1994-12-30 19:00:00",
    "calendarYear": "1994",
    "period": "FY",
    "revenue": 10447400000,
    "costOfRevenue": 0,
    "grossProfit": 10447400000,
    "grossProfitRatio": 1,
    "researchAndDevelopmentExpenses": 0,
    "generalAndAdministrativeExpenses": 0,
    "sellingAndMarketingExpenses": 0,
    "sellingGeneralAndAdministrativeExpenses": 10447400000,
    "otherExpenses": 0,
    "operatingExpenses": 10447400000,
    "costAndExpenses": 0,
    "interestIncome": 0,
    "interestExpense": 0,
    "depreciationAndAmortization": 0,
    "ebitda": 10447400000,
    "ebitdaratio": 1,
    "operatingIncome": 10447400000,
    "operatingIncomeRatio": 1,
    "totalOtherIncomeExpensesNet": -10447400000,
    "incomeBeforeTax": 0,
    "incomeBeforeTaxRatio": 0,
    "incomeTaxExpense": -1007500000,
    "netIncome": 1007500000,
    "netIncomeRatio": 0.0964354768,
    "eps": 2.21,
    "epsdiluted": 2.21,
    "weightedAverageShsOut": 429819005,
    "weightedAverageShsOutDil": 429819005,
    "link": "",
    "finalLink": ""
  },
  {
    "date": "1993-12-31",
    "symbol": "PCG",
    "reportedCurrency": "USD",
    "cik": "0001004980",
    "fillingDate": "1993-12-31",
    "acceptedDate": "1993-12-30 19:00:00",
    "calendarYear": "1993",
    "period": "FY",
    "revenue": 10582400000,
    "costOfRevenue": 0,
    "grossProfit": 10582400000,
    "grossProfitRatio": 1,
    "researchAndDevelopmentExpenses": 0,
    "generalAndAdministrativeExpenses": 0,
    "sellingAndMarketingExpenses": 0,
    "sellingGeneralAndAdministrativeExpenses": 10582400000,
    "otherExpenses": 0,
    "operatingExpenses": 10582400000,
    "costAndExpenses": 0,
    "interestIncome": 0,
    "interestExpense": 0,
    "depreciationAndAmortization": 0,
    "ebitda": 10582400000,
    "ebitdaratio": 1,
    "operatingIncome": 10582400000,
    "operatingIncomeRatio": 1,
    "totalOtherIncomeExpensesNet": -10582400000,
    "incomeBeforeTax": 0,
    "incomeBeforeTaxRatio": 0,
    "incomeTaxExpense": -1065500000,
    "netIncome": 1065500000,
    "netIncomeRatio": 0.1006860448,
    "eps": 2.33,
    "epsdiluted": 2.33,
    "weightedAverageShsOut": 429914163,
    "weightedAverageShsOutDil": 429914163,
    "link": "",
    "finalLink": ""
  },
  {
    "date": "1992-12-31",
    "symbol": "PCG",
    "reportedCurrency": "USD",
    "cik": "0001004980",
    "fillingDate": "1992-12-31",
    "acceptedDate": "1992-12-30 19:00:00",
    "calendarYear": "1992",
    "period": "FY",
    "revenue": 10296100000,
    "costOfRevenue": 0,
    "grossProfit": 10296100000,
    "grossProfitRatio": 1,
    "researchAndDevelopmentExpenses": 0,
    "generalAndAdministrativeExpenses": 0,
    "sellingAndMarketingExpenses": 0,
    "sellingGeneralAndAdministrativeExpenses": 10296100000,
    "otherExpenses": 0,
    "operatingExpenses": 10296100000,
    "costAndExpenses": 0,
    "interestIncome": 0,
    "interestExpense": 0,
    "depreciationAndAmortization": 0,
    "ebitda": 10296100000,
    "ebitdaratio": 1,
    "operatingIncome": 10296100000,
    "operatingIncomeRatio": 1,
    "totalOtherIncomeExpensesNet": -10296100000,
    "incomeBeforeTax": 0,
    "incomeBeforeTaxRatio": 0,
    "incomeTaxExpense": -1170600000,
    "netIncome": 1170600000,
    "netIncomeRatio": 0.1136935344,
    "eps": 2.58,
    "epsdiluted": 2.58,
    "weightedAverageShsOut": 423139535,
    "weightedAverageShsOutDil": 423139535,
    "link": "",
    "finalLink": ""
  },
  {
    "date": "1991-12-31",
    "symbol": "PCG",
    "reportedCurrency": "USD",
    "cik": "0001004980",
    "fillingDate": "1991-12-31",
    "acceptedDate": "1991-12-30 19:00:00",
    "calendarYear": "1991",
    "period": "FY",
    "revenue": 9778100000,
    "costOfRevenue": 0,
    "grossProfit": 9778100000,
    "grossProfitRatio": 1,
    "researchAndDevelopmentExpenses": 0,
    "generalAndAdministrativeExpenses": 0,
    "sellingAndMarketingExpenses": 0,
    "sellingGeneralAndAdministrativeExpenses": 9778100000,
    "otherExpenses": 0,
    "operatingExpenses": 9778100000,
    "costAndExpenses": 0,
    "interestIncome": 0,
    "interestExpense": 0,
    "depreciationAndAmortization": 0,
    "ebitda": 9778100000,
    "ebitdaratio": 1,
    "operatingIncome": 9778100000,
    "operatingIncomeRatio": 1,
    "totalOtherIncomeExpensesNet": -9778100000,
    "incomeBeforeTax": 0,
    "incomeBeforeTaxRatio": 0,
    "incomeTaxExpense": -1026400000,
    "netIncome": 1026400000,
    "netIncomeRatio": 0.1049692681,
    "eps": 2.24,
    "epsdiluted": 2.24,
    "weightedAverageShsOut": 418214286,
    "weightedAverageShsOutDil": 418214286,
    "link": "",
    "finalLink": ""
  },
  {
    "date": "1990-12-31",
    "symbol": "PCG",
    "reportedCurrency": "USD",
    "cik": "0001004980",
    "fillingDate": "1990-12-31",
    "acceptedDate": "1990-12-30 19:00:00",
    "calendarYear": "1990",
    "period": "FY",
    "revenue": 9470100000,
    "costOfRevenue": 0,
    "grossProfit": 9470100000,
    "grossProfitRatio": 1,
    "researchAndDevelopmentExpenses": 0,
    "generalAndAdministrativeExpenses": 0,
    "sellingAndMarketingExpenses": 0,
    "sellingGeneralAndAdministrativeExpenses": 9470100000,
    "otherExpenses": 0,
    "operatingExpenses": 9470100000,
    "costAndExpenses": 0,
    "interestIncome": 0,
    "interestExpense": 0,
    "depreciationAndAmortization": 0,
    "ebitda": 9470100000,
    "ebitdaratio": 1,
    "operatingIncome": 9470100000,
    "operatingIncomeRatio": 1,
    "totalOtherIncomeExpensesNet": -9470100000,
    "incomeBeforeTax": 0,
    "incomeBeforeTaxRatio": 0,
    "incomeTaxExpense": -987200000,
    "netIncome": 987200000,
    "netIncomeRatio": 0.1042438834,
    "eps": 2.1,
    "epsdiluted": 2.1,
    "weightedAverageShsOut": 423428571,
    "weightedAverageShsOutDil": 423428571,
    "link": "",
    "finalLink": ""
  },
  {
    "date": "1989-12-31",
    "symbol": "PCG",
    "reportedCurrency": "USD",
    "cik": "0001004980",
    "fillingDate": "1989-12-31",
    "acceptedDate": "1989-12-30 19:00:00",
    "calendarYear": "1989",
    "period": "FY",
    "revenue": 8588300000,
    "costOfRevenue": 0,
    "grossProfit": 8588300000,
    "grossProfitRatio": 1,
    "researchAndDevelopmentExpenses": 0,
    "generalAndAdministrativeExpenses": 0,
    "sellingAndMarketingExpenses": 0,
    "sellingGeneralAndAdministrativeExpenses": 8588300000,
    "otherExpenses": 0,
    "operatingExpenses": 8588300000,
    "costAndExpenses": 0,
    "interestIncome": 0,
    "interestExpense": 0,
    "depreciationAndAmortization": 0,
    "ebitda": 8588300000,
    "ebitdaratio": 1,
    "operatingIncome": 8588300000,
    "operatingIncomeRatio": 1,
    "totalOtherIncomeExpensesNet": -8588300000,
    "incomeBeforeTax": 0,
    "incomeBeforeTaxRatio": 0,
    "incomeTaxExpense": -900600000,
    "netIncome": 900600000,
    "netIncomeRatio": 0.1048635935,
    "eps": 1.9,
    "epsdiluted": 1.9,
    "weightedAverageShsOut": 420789474,
    "weightedAverageShsOutDil": 420789474,
    "link": "",
    "finalLink": ""
  },
  {
    "date": "1988-12-31",
    "symbol": "PCG",
    "reportedCurrency": "USD",
    "cik": "0001004980",
    "fillingDate": "1988-12-31",
    "acceptedDate": "1988-12-30 19:00:00",
    "calendarYear": "1988",
    "period": "FY",
    "revenue": 7645700000,
    "costOfRevenue": 0,
    "grossProfit": 7645700000,
    "grossProfitRatio": 1,
    "researchAndDevelopmentExpenses": 0,
    "generalAndAdministrativeExpenses": 0,
    "sellingAndMarketingExpenses": 0,
    "sellingGeneralAndAdministrativeExpenses": 7645700000,
    "otherExpenses": 0,
    "operatingExpenses": 7645700000,
    "costAndExpenses": 0,
    "interestIncome": 0,
    "interestExpense": 0,
    "depreciationAndAmortization": 0,
    "ebitda": 7645700000,
    "ebitdaratio": 1,
    "operatingIncome": 7645700000,
    "operatingIncomeRatio": 1,
    "totalOtherIncomeExpensesNet": -7645700000,
    "incomeBeforeTax": 0,
    "incomeBeforeTaxRatio": 0,
    "incomeTaxExpense": -62100000,
    "netIncome": 62100000,
    "netIncomeRatio": 0.0081222125,
    "eps": -0.1,
    "epsdiluted": -0.1,
    "weightedAverageShsOut": 404000000,
    "weightedAverageShsOutDil": 404000000,
    "link": "",
    "finalLink": ""
  },
  {
    "date": "1987-12-31",
    "symbol": "PCG",
    "reportedCurrency": "USD",
    "cik": "0001004980",
    "fillingDate": "1987-12-31",
    "acceptedDate": "1987-12-30 19:00:00",
    "calendarYear": "1987",
    "period": "FY",
    "revenue": 7185700000,
    "costOfRevenue": 0,
    "grossProfit": 7185700000,
    "grossProfitRatio": 1,
    "researchAndDevelopmentExpenses": 0,
    "generalAndAdministrativeExpenses": 0,
    "sellingAndMarketingExpenses": 0,
    "sellingGeneralAndAdministrativeExpenses": 7185700000,
    "otherExpenses": 0,
    "operatingExpenses": 7185700000,
    "costAndExpenses": 0,
    "interestIncome": 0,
    "interestExpense": 0,
    "depreciationAndAmortization": 0,
    "ebitda": 7185700000,
    "ebitdaratio": 1,
    "operatingIncome": 7185700000,
    "operatingIncomeRatio": 1,
    "totalOtherIncomeExpensesNet": -7185700000,
    "incomeBeforeTax": 0,
    "incomeBeforeTaxRatio": 0,
    "incomeTaxExpense": -597200000,
    "netIncome": 597200000,
    "netIncomeRatio": 0.0831095092,
    "eps": 1.29,
    "epsdiluted": 1.29,
    "weightedAverageShsOut": 377054264,
    "weightedAverageShsOutDil": 377054264,
    "link": "",
    "finalLink": ""
  },
  {
    "date": "1986-12-31",
    "symbol": "PCG",
    "reportedCurrency": "USD",
    "cik": "0001004980",
    "fillingDate": "1986-12-31",
    "acceptedDate": "1986-12-30 19:00:00",
    "calendarYear": "1986",
    "period": "FY",
    "revenue": 7816700000,
    "costOfRevenue": 0,
    "grossProfit": 7816700000,
    "grossProfitRatio": 1,
    "researchAndDevelopmentExpenses": 0,
    "generalAndAdministrativeExpenses": 0,
    "sellingAndMarketingExpenses": 0,
    "sellingGeneralAndAdministrativeExpenses": 7816700000,
    "otherExpenses": 0,
    "operatingExpenses": 7816700000,
    "costAndExpenses": 0,
    "interestIncome": 0,
    "interestExpense": 0,
    "depreciationAndAmortization": 0,
    "ebitda": 7816700000,
    "ebitdaratio": 1,
    "operatingIncome": 7816700000,
    "operatingIncomeRatio": 1,
    "totalOtherIncomeExpensesNet": -7816700000,
    "incomeBeforeTax": 0,
    "incomeBeforeTaxRatio": 0,
    "incomeTaxExpense": -1081200000,
    "netIncome": 1081200000,
    "netIncomeRatio": 0.1383192396,
    "eps": 2.6,
    "epsdiluted": 2.6,
    "weightedAverageShsOut": 355769231,
    "weightedAverageShsOutDil": 355769231,
    "link": "",
    "finalLink": ""
  },
  {
    "date": "1985-12-31",
    "symbol": "PCG",
    "reportedCurrency": "USD",
    "cik": "0001004980",
    "fillingDate": "1985-12-31",
    "acceptedDate": "1985-12-30 19:00:00",
    "calendarYear": "1985",
    "period": "FY",
    "revenue": 8431000000,
    "costOfRevenue": 0,
    "grossProfit": 8431000000,
    "grossProfitRatio": 1,
    "researchAndDevelopmentExpenses": 0,
    "generalAndAdministrativeExpenses": 0,
    "sellingAndMarketingExpenses": 0,
    "sellingGeneralAndAdministrativeExpenses": 8431000000,
    "otherExpenses": 0,
    "operatingExpenses": 8431000000,
    "costAndExpenses": 0,
    "interestIncome": 0,
    "interestExpense": 0,
    "depreciationAndAmortization": 0,
    "ebitda": 8431000000,
    "ebitdaratio": 1,
    "operatingIncome": 8431000000,
    "operatingIncomeRatio": 1,
    "totalOtherIncomeExpensesNet": -8431000000,
    "incomeBeforeTax": 0,
    "incomeBeforeTaxRatio": 0,
    "incomeTaxExpense": -1030800000,
    "netIncome": 1030800000,
    "netIncomeRatio": 0.1222630767,
    "eps": 2.65,
    "epsdiluted": 2.65,
    "weightedAverageShsOut": 326981132,
    "weightedAverageShsOutDil": 326981132,
    "link": "",
    "finalLink": ""
  }
]