[
  {
    "date": "2025-06-30",
    "symbol": "PEG",
    "reportedCurrency": "USD",
    "cik": "0000788784",
    "fillingDate": "2025-08-05",
    "acceptedDate": "2025-08-05 16:30:32",
    "calendarYear": "2025",
    "period": "Q2",
    "revenue": 2805000000,
    "costOfRevenue": 1680000000,
    "grossProfit": 1125000000,
    "grossProfitRatio": 0.4010695187,
    "researchAndDevelopmentExpenses": 0,
    "generalAndAdministrativeExpenses": 0,
    "sellingAndMarketingExpenses": 0,
    "sellingGeneralAndAdministrativeExpenses": 0,
    "otherExpenses": 308000000,
    "operatingExpenses": 308000000,
    "costAndExpenses": 1988000000,
    "interestIncome": 38000000,
    "interestExpense": 248000000,
    "depreciationAndAmortization": 356000000,
    "ebitda": 1330000000,
    "ebitdaratio": 0.4741532977,
    "operatingIncome": 817000000,
    "operatingIncomeRatio": 0.2912655971,
    "totalOtherIncomeExpensesNet": -91000000,
    "incomeBeforeTax": 726000000,
    "incomeBeforeTaxRatio": 0.2588235294,
    "incomeTaxExpense": 141000000,
    "netIncome": 585000000,
    "netIncomeRatio": 0.2085561497,
    "eps": 1.17,
    "epsdiluted": 1.17,
    "weightedAverageShsOut": 499000000,
    "weightedAverageShsOutDil": 500000000,
    "link": "https://www.sec.gov/Archives/edgar/data/788784/000095017025103096/0000950170-25-103096-index.htm",
    "finalLink": "https://www.sec.gov/Archives/edgar/data/81033/000095017025103096/peg-20250630.htm"
  },
  {
    "date": "2025-03-31",
    "symbol": "PEG",
    "reportedCurrency": "USD",
    "cik": "0000788784",
    "fillingDate": "2025-04-30",
    "acceptedDate": "2025-04-30 16:30:02",
    "calendarYear": "2025",
    "period": "Q1",
    "revenue": 3222000000,
    "costOfRevenue": 2105000000,
    "grossProfit": 1117000000,
    "grossProfitRatio": 0.3466790813,
    "researchAndDevelopmentExpenses": 0,
    "generalAndAdministrativeExpenses": 0,
    "sellingAndMarketingExpenses": 0,
    "sellingGeneralAndAdministrativeExpenses": 0,
    "otherExpenses": 320000000,
    "operatingExpenses": 320000000,
    "costAndExpenses": 2425000000,
    "interestIncome": 28000000,
    "interestExpense": 241000000,
    "depreciationAndAmortization": 373000000,
    "ebitda": 1231000000,
    "ebitdaratio": 0.3820608318,
    "operatingIncome": 797000000,
    "operatingIncomeRatio": 0.247361887,
    "totalOtherIncomeExpensesNet": -180000000,
    "incomeBeforeTax": 617000000,
    "incomeBeforeTaxRatio": 0.1914959652,
    "incomeTaxExpense": 28000000,
    "netIncome": 589000000,
    "netIncomeRatio": 0.1828057107,
    "eps": 1.18,
    "epsdiluted": 1.18,
    "weightedAverageShsOut": 498000000,
    "weightedAverageShsOutDil": 500000000,
    "link": "https://www.sec.gov/Archives/edgar/data/788784/000095017025061108/0000950170-25-061108-index.htm",
    "finalLink": "https://www.sec.gov/Archives/edgar/data/81033/000095017025061108/peg-20250331.htm"
  },
  {
    "date": "2024-12-31",
    "symbol": "PEG",
    "reportedCurrency": "USD",
    "cik": "0000788784",
    "fillingDate": "2025-02-25",
    "acceptedDate": "2025-02-25 17:24:49",
    "calendarYear": "2024",
    "period": "Q4",
    "revenue": 2465000000,
    "costOfRevenue": 1706000000,
    "grossProfit": 759000000,
    "grossProfitRatio": 0.3079107505,
    "researchAndDevelopmentExpenses": 0,
    "generalAndAdministrativeExpenses": 0,
    "sellingAndMarketingExpenses": 0,
    "sellingGeneralAndAdministrativeExpenses": 37000000,
    "otherExpenses": 277000000,
    "operatingExpenses": 314000000,
    "costAndExpenses": 2020000000,
    "interestIncome": 22000000,
    "interestExpense": 191000000,
    "depreciationAndAmortization": 354000000,
    "ebitda": 745000000,
    "ebitdaratio": 0.3022312373,
    "operatingIncome": 445000000,
    "operatingIncomeRatio": 0.1805273834,
    "totalOtherIncomeExpensesNet": -245000000,
    "incomeBeforeTax": 200000000,
    "incomeBeforeTaxRatio": 0.0811359026,
    "incomeTaxExpense": -86000000,
    "netIncome": 286000000,
    "netIncomeRatio": 0.1160243408,
    "eps": 0.57,
    "epsdiluted": 0.57,
    "weightedAverageShsOut": 498000000,
    "weightedAverageShsOutDil": 500000000,
    "link": "https://www.sec.gov/Archives/edgar/data/788784/000095017025026874/0000950170-25-026874-index.htm",
    "finalLink": "https://www.sec.gov/Archives/edgar/data/788784/000095017025026874/peg-20241231.htm"
  },
  {
    "date": "2024-09-30",
    "symbol": "PEG",
    "reportedCurrency": "USD",
    "cik": "0000788784",
    "fillingDate": "2024-11-04",
    "acceptedDate": "2024-11-04 16:30:57",
    "calendarYear": "2024",
    "period": "Q3",
    "revenue": 2642000000,
    "costOfRevenue": 1707000000,
    "grossProfit": 935000000,
    "grossProfitRatio": 0.3538985617,
    "researchAndDevelopmentExpenses": 0,
    "generalAndAdministrativeExpenses": 0,
    "sellingAndMarketingExpenses": 0,
    "sellingGeneralAndAdministrativeExpenses": 0,
    "otherExpenses": 294000000,
    "operatingExpenses": 294000000,
    "costAndExpenses": 2001000000,
    "interestIncome": 29000000,
    "interestExpense": 227000000,
    "depreciationAndAmortization": 346000000,
    "ebitda": 1132000000,
    "ebitdaratio": 0.4284632854,
    "operatingIncome": 641000000,
    "operatingIncomeRatio": 0.2426192279,
    "totalOtherIncomeExpensesNet": -82000000,
    "incomeBeforeTax": 559000000,
    "incomeBeforeTaxRatio": 0.2115821347,
    "incomeTaxExpense": 39000000,
    "netIncome": 520000000,
    "netIncomeRatio": 0.1968205905,
    "eps": 1.04,
    "epsdiluted": 1.04,
    "weightedAverageShsOut": 498000000,
    "weightedAverageShsOutDil": 500000000,
    "link": "https://www.sec.gov/Archives/edgar/data/788784/000095017024120749/0000950170-24-120749-index.htm",
    "finalLink": "https://www.sec.gov/Archives/edgar/data/81033/000095017024120749/peg-20240930.htm"
  },
  {
    "date": "2024-06-30",
    "symbol": "PEG",
    "reportedCurrency": "USD",
    "cik": "0000788784",
    "fillingDate": "2024-07-30",
    "acceptedDate": "2024-07-30 16:45:56",
    "calendarYear": "2024",
    "period": "Q2",
    "revenue": 2423000000,
    "costOfRevenue": 1556000000,
    "grossProfit": 867000000,
    "grossProfitRatio": 0.3578208832,
    "researchAndDevelopmentExpenses": 0,
    "generalAndAdministrativeExpenses": -18000000,
    "sellingAndMarketingExpenses": 0,
    "sellingGeneralAndAdministrativeExpenses": -18000000,
    "otherExpenses": 303000000,
    "operatingExpenses": 285000000,
    "costAndExpenses": 1841000000,
    "interestIncome": 36000000,
    "interestExpense": 218000000,
    "depreciationAndAmortization": 327000000,
    "ebitda": 982000000,
    "ebitdaratio": 0.4052827074,
    "operatingIncome": 582000000,
    "operatingIncomeRatio": 0.2401981015,
    "totalOtherIncomeExpensesNet": -145000000,
    "incomeBeforeTax": 437000000,
    "incomeBeforeTaxRatio": 0.1803549319,
    "incomeTaxExpense": 3000000,
    "netIncome": 434000000,
    "netIncomeRatio": 0.1791167974,
    "eps": 0.87,
    "epsdiluted": 0.87,
    "weightedAverageShsOut": 498000000,
    "weightedAverageShsOutDil": 500000000,
    "link": "https://www.sec.gov/Archives/edgar/data/788784/000162828024033496/0001628280-24-033496-index.htm",
    "finalLink": "https://www.sec.gov/Archives/edgar/data/81033/000162828024033496/pseg-20240630.htm"
  },
  {
    "date": "2024-03-31",
    "symbol": "PEG",
    "reportedCurrency": "USD",
    "cik": "0000788784",
    "fillingDate": "2024-04-30",
    "acceptedDate": "2024-04-30 16:16:58",
    "calendarYear": "2024",
    "period": "Q1",
    "revenue": 2760000000,
    "costOfRevenue": 1780000000,
    "grossProfit": 980000000,
    "grossProfitRatio": 0.3550724638,
    "researchAndDevelopmentExpenses": 0,
    "generalAndAdministrativeExpenses": -19000000,
    "sellingAndMarketingExpenses": 0,
    "sellingGeneralAndAdministrativeExpenses": -19000000,
    "otherExpenses": 314000000,
    "operatingExpenses": 295000000,
    "costAndExpenses": 2075000000,
    "interestIncome": 26000000,
    "interestExpense": 205000000,
    "depreciationAndAmortization": 346000000,
    "ebitda": 1180000000,
    "ebitdaratio": 0.4275362319,
    "operatingIncome": 685000000,
    "operatingIncomeRatio": 0.2481884058,
    "totalOtherIncomeExpensesNet": -56000000,
    "incomeBeforeTax": 629000000,
    "incomeBeforeTaxRatio": 0.2278985507,
    "incomeTaxExpense": 97000000,
    "netIncome": 532000000,
    "netIncomeRatio": 0.1927536232,
    "eps": 1.07,
    "epsdiluted": 1.06,
    "weightedAverageShsOut": 499000000,
    "weightedAverageShsOutDil": 500000000,
    "link": "https://www.sec.gov/Archives/edgar/data/788784/000162828024019352/0001628280-24-019352-index.htm",
    "finalLink": "https://www.sec.gov/Archives/edgar/data/81033/000162828024019352/pseg-20240331.htm"
  },
  {
    "date": "2023-12-31",
    "symbol": "PEG",
    "reportedCurrency": "USD",
    "cik": "0000788784",
    "fillingDate": "2024-02-26",
    "acceptedDate": "2024-02-26 16:26:07",
    "calendarYear": "2023",
    "period": "Q4",
    "revenue": 2605000000,
    "costOfRevenue": 1614000000,
    "grossProfit": 991000000,
    "grossProfitRatio": 0.3804222649,
    "researchAndDevelopmentExpenses": 0,
    "generalAndAdministrativeExpenses": 0,
    "sellingAndMarketingExpenses": 0,
    "sellingGeneralAndAdministrativeExpenses": 0,
    "otherExpenses": 299000000,
    "operatingExpenses": 299000000,
    "costAndExpenses": 1913000000,
    "interestIncome": 33000000,
    "interestExpense": 138000000,
    "depreciationAndAmortization": 337000000,
    "ebitda": 1162000000,
    "ebitdaratio": 0.4460652591,
    "operatingIncome": 692000000,
    "operatingIncomeRatio": 0.2656429942,
    "totalOtherIncomeExpensesNet": -5000000,
    "incomeBeforeTax": 687000000,
    "incomeBeforeTaxRatio": 0.2637236084,
    "incomeTaxExpense": 141000000,
    "netIncome": 546000000,
    "netIncomeRatio": 0.209596929,
    "eps": 1.1,
    "epsdiluted": 1.09,
    "weightedAverageShsOut": 498000000,
    "weightedAverageShsOutDil": 500000000,
    "link": "https://www.sec.gov/Archives/edgar/data/788784/000162828024006885/0001628280-24-006885-index.htm",
    "finalLink": "https://www.sec.gov/Archives/edgar/data/81033/000162828024006885/pseg-20231231.htm"
  },
  {
    "date": "2023-09-30",
    "symbol": "PEG",
    "reportedCurrency": "USD",
    "cik": "0000788784",
    "fillingDate": "2023-10-31",
    "acceptedDate": "2023-10-31 16:23:12",
    "calendarYear": "2023",
    "period": "Q3",
    "revenue": 2456000000,
    "costOfRevenue": 1623000000,
    "grossProfit": 833000000,
    "grossProfitRatio": 0.3391693811,
    "researchAndDevelopmentExpenses": 0,
    "generalAndAdministrativeExpenses": 0,
    "sellingAndMarketingExpenses": 0,
    "sellingGeneralAndAdministrativeExpenses": 0,
    "otherExpenses": 282000000,
    "operatingExpenses": 282000000,
    "costAndExpenses": 1905000000,
    "interestIncome": 27000000,
    "interestExpense": 185000000,
    "depreciationAndAmortization": 332000000,
    "ebitda": 582000000,
    "ebitdaratio": 0.236970684,
    "operatingIncome": 551000000,
    "operatingIncomeRatio": 0.2243485342,
    "totalOtherIncomeExpensesNet": -486000000,
    "incomeBeforeTax": 65000000,
    "incomeBeforeTaxRatio": 0.026465798,
    "incomeTaxExpense": -74000000,
    "netIncome": 139000000,
    "netIncomeRatio": 0.0565960912,
    "eps": 0.28,
    "epsdiluted": 0.28,
    "weightedAverageShsOut": 498000000,
    "weightedAverageShsOutDil": 500000000,
    "link": "https://www.sec.gov/Archives/edgar/data/788784/000078878423000008/0000788784-23-000008-index.htm",
    "finalLink": "https://www.sec.gov/Archives/edgar/data/81033/000078878423000008/pseg-20230930.htm"
  },
  {
    "date": "2023-06-30",
    "symbol": "PEG",
    "reportedCurrency": "USD",
    "cik": "0000788784",
    "fillingDate": "2023-08-01",
    "acceptedDate": "2023-08-01 16:43:53",
    "calendarYear": "2023",
    "period": "Q2",
    "revenue": 2421000000,
    "costOfRevenue": 1348000000,
    "grossProfit": 1073000000,
    "grossProfitRatio": 0.4432052871,
    "researchAndDevelopmentExpenses": 0,
    "generalAndAdministrativeExpenses": -29000000,
    "sellingAndMarketingExpenses": 0,
    "sellingGeneralAndAdministrativeExpenses": -29000000,
    "otherExpenses": 308000000,
    "operatingExpenses": 279000000,
    "costAndExpenses": 1627000000,
    "interestIncome": 35000000,
    "interestExpense": 185000000,
    "depreciationAndAmortization": 325000000,
    "ebitda": 1254000000,
    "ebitdaratio": 0.5179677819,
    "operatingIncome": 794000000,
    "operatingIncomeRatio": 0.3279636514,
    "totalOtherIncomeExpensesNet": -50000000,
    "incomeBeforeTax": 744000000,
    "incomeBeforeTaxRatio": 0.3073110285,
    "incomeTaxExpense": 153000000,
    "netIncome": 591000000,
    "netIncomeRatio": 0.2441140025,
    "eps": 1.19,
    "epsdiluted": 1.18,
    "weightedAverageShsOut": 497000000,
    "weightedAverageShsOutDil": 500000000,
    "link": "https://www.sec.gov/Archives/edgar/data/788784/000078878423000007/0000788784-23-000007-index.htm",
    "finalLink": "https://www.sec.gov/Archives/edgar/data/81033/000078878423000007/pseg-20230630.htm"
  },
  {
    "date": "2023-03-31",
    "symbol": "PEG",
    "reportedCurrency": "USD",
    "cik": "0000788784",
    "fillingDate": "2023-05-02",
    "acceptedDate": "2023-05-02 16:37:13",
    "calendarYear": "2023",
    "period": "Q1",
    "revenue": 3755000000,
    "costOfRevenue": 1825000000,
    "grossProfit": 1930000000,
    "grossProfitRatio": 0.5139813582,
    "researchAndDevelopmentExpenses": 0,
    "generalAndAdministrativeExpenses": -28000000,
    "sellingAndMarketingExpenses": 0,
    "sellingGeneralAndAdministrativeExpenses": -28000000,
    "otherExpenses": 310000000,
    "operatingExpenses": 282000000,
    "costAndExpenses": 2107000000,
    "interestIncome": 27000000,
    "interestExpense": 180000000,
    "depreciationAndAmortization": 330000000,
    "ebitda": 2095000000,
    "ebitdaratio": 0.5579227696,
    "operatingIncome": 1648000000,
    "operatingIncomeRatio": 0.4388814913,
    "totalOtherIncomeExpensesNet": -63000000,
    "incomeBeforeTax": 1585000000,
    "incomeBeforeTaxRatio": 0.4221038615,
    "incomeTaxExpense": 298000000,
    "netIncome": 1287000000,
    "netIncomeRatio": 0.3427430093,
    "eps": 2.59,
    "epsdiluted": 2.57,
    "weightedAverageShsOut": 497000000,
    "weightedAverageShsOutDil": 500000000,
    "link": "https://www.sec.gov/Archives/edgar/data/788784/000078878423000002/0000788784-23-000002-index.htm",
    "finalLink": "https://www.sec.gov/Archives/edgar/data/81033/000078878423000002/pseg-20230331.htm"
  },
  {
    "date": "2022-12-31",
    "symbol": "PEG",
    "reportedCurrency": "USD",
    "cik": "0000788784",
    "fillingDate": "2023-02-22",
    "acceptedDate": "2023-02-21 19:56:44",
    "calendarYear": "2022",
    "period": "Q4",
    "revenue": 3139000000,
    "costOfRevenue": 1864000000,
    "grossProfit": 1275000000,
    "grossProfitRatio": 0.4061803122,
    "researchAndDevelopmentExpenses": 0,
    "generalAndAdministrativeExpenses": 0,
    "sellingAndMarketingExpenses": 0,
    "sellingGeneralAndAdministrativeExpenses": 0,
    "otherExpenses": 311000000,
    "operatingExpenses": 311000000,
    "costAndExpenses": 2175000000,
    "interestIncome": 17000000,
    "interestExpense": 113000000,
    "depreciationAndAmortization": 320000000,
    "ebitda": 1436000000,
    "ebitdaratio": 0.457470532,
    "operatingIncome": 964000000,
    "operatingIncomeRatio": 0.3071041733,
    "totalOtherIncomeExpensesNet": 39000000,
    "incomeBeforeTax": 1003000000,
    "incomeBeforeTaxRatio": 0.3195285123,
    "incomeTaxExpense": 215000000,
    "netIncome": 788000000,
    "netIncomeRatio": 0.2510353616,
    "eps": 1.59,
    "epsdiluted": 1.58,
    "weightedAverageShsOut": 497000000,
    "weightedAverageShsOutDil": 500000000,
    "link": "https://www.sec.gov/Archives/edgar/data/788784/000162828023004411/0001628280-23-004411-index.htm",
    "finalLink": "https://www.sec.gov/Archives/edgar/data/81033/000162828023004411/pseg-20221231.htm"
  },
  {
    "date": "2022-09-30",
    "symbol": "PEG",
    "reportedCurrency": "USD",
    "cik": "0000788784",
    "fillingDate": "2022-10-31",
    "acceptedDate": "2022-10-31 16:31:43",
    "calendarYear": "2022",
    "period": "Q3",
    "revenue": 2272000000,
    "costOfRevenue": 1777000000,
    "grossProfit": 495000000,
    "grossProfitRatio": 0.2178697183,
    "researchAndDevelopmentExpenses": 0,
    "generalAndAdministrativeExpenses": 0,
    "sellingAndMarketingExpenses": 0,
    "sellingGeneralAndAdministrativeExpenses": 0,
    "otherExpenses": 322000000,
    "operatingExpenses": 322000000,
    "costAndExpenses": 2099000000,
    "interestIncome": 24000000,
    "interestExpense": 163000000,
    "depreciationAndAmortization": 318000000,
    "ebitda": 536000000,
    "ebitdaratio": 0.235915493,
    "operatingIncome": 173000000,
    "operatingIncomeRatio": 0.0761443662,
    "totalOtherIncomeExpensesNet": -118000000,
    "incomeBeforeTax": 55000000,
    "incomeBeforeTaxRatio": 0.0242077465,
    "incomeTaxExpense": -59000000,
    "netIncome": 114000000,
    "netIncomeRatio": 0.0501760563,
    "eps": 0.23,
    "epsdiluted": 0.23,
    "weightedAverageShsOut": 497000000,
    "weightedAverageShsOutDil": 500000000,
    "link": "https://www.sec.gov/Archives/edgar/data/788784/000162828022027422/0001628280-22-027422-index.htm",
    "finalLink": "https://www.sec.gov/Archives/edgar/data/81033/000162828022027422/pseg-20220930.htm"
  },
  {
    "date": "2022-06-30",
    "symbol": "PEG",
    "reportedCurrency": "USD",
    "cik": "0000788784",
    "fillingDate": "2022-08-02",
    "acceptedDate": "2022-08-02 16:54:01",
    "calendarYear": "2022",
    "period": "Q2",
    "revenue": 2076000000,
    "costOfRevenue": 1516000000,
    "grossProfit": 560000000,
    "grossProfitRatio": 0.2697495183,
    "researchAndDevelopmentExpenses": 0,
    "generalAndAdministrativeExpenses": 0,
    "sellingAndMarketingExpenses": 0,
    "sellingGeneralAndAdministrativeExpenses": 0,
    "otherExpenses": 264000000,
    "operatingExpenses": 264000000,
    "costAndExpenses": 1780000000,
    "interestIncome": 19000000,
    "interestExpense": 149000000,
    "depreciationAndAmortization": 312000000,
    "ebitda": 560000000,
    "ebitdaratio": 0.2697495183,
    "operatingIncome": 296000000,
    "operatingIncomeRatio": 0.1425818882,
    "totalOtherIncomeExpensesNet": -198000000,
    "incomeBeforeTax": 98000000,
    "incomeBeforeTaxRatio": 0.0472061657,
    "incomeTaxExpense": -33000000,
    "netIncome": 131000000,
    "netIncomeRatio": 0.0631021195,
    "eps": 0.26,
    "epsdiluted": 0.26,
    "weightedAverageShsOut": 497000000,
    "weightedAverageShsOutDil": 500000000,
    "link": "https://www.sec.gov/Archives/edgar/data/788784/000162828022020260/0001628280-22-020260-index.htm",
    "finalLink": "https://www.sec.gov/Archives/edgar/data/81033/000162828022020260/pseg-20220630.htm"
  },
  {
    "date": "2022-03-31",
    "symbol": "PEG",
    "reportedCurrency": "USD",
    "cik": "0000788784",
    "fillingDate": "2022-05-03",
    "acceptedDate": "2022-05-03 16:47:33",
    "calendarYear": "2022",
    "period": "Q1",
    "revenue": 2313000000,
    "costOfRevenue": 2039000000,
    "grossProfit": 274000000,
    "grossProfitRatio": 0.1184608733,
    "researchAndDevelopmentExpenses": 0,
    "generalAndAdministrativeExpenses": 0,
    "sellingAndMarketingExpenses": 0,
    "sellingGeneralAndAdministrativeExpenses": 0,
    "otherExpenses": 326000000,
    "operatingExpenses": 326000000,
    "costAndExpenses": 2365000000,
    "interestIncome": 17000000,
    "interestExpense": 137000000,
    "depreciationAndAmortization": 333000000,
    "ebitda": 316000000,
    "ebitdaratio": 0.1366191094,
    "operatingIncome": -52000000,
    "operatingIncomeRatio": -0.0224816256,
    "totalOtherIncomeExpensesNet": -102000000,
    "incomeBeforeTax": -154000000,
    "incomeBeforeTaxRatio": -0.0665801989,
    "incomeTaxExpense": -152000000,
    "netIncome": -2000000,
    "netIncomeRatio": -0.0008646779,
    "eps": -0.004,
    "epsdiluted": -0.004,
    "weightedAverageShsOut": 501000000,
    "weightedAverageShsOutDil": 501000000,
    "link": "https://www.sec.gov/Archives/edgar/data/788784/000162828022012019/0001628280-22-012019-index.htm",
    "finalLink": "https://www.sec.gov/Archives/edgar/data/81033/000162828022012019/pseg-20220331.htm"
  },
  {
    "date": "2021-12-31",
    "symbol": "PEG",
    "reportedCurrency": "USD",
    "cik": "0000788784",
    "fillingDate": "2022-02-24",
    "acceptedDate": "2022-02-24 17:12:39",
    "calendarYear": "2021",
    "period": "Q4",
    "revenue": 3056000000,
    "costOfRevenue": 1862000000,
    "grossProfit": 1194000000,
    "grossProfitRatio": 0.3907068063,
    "researchAndDevelopmentExpenses": 0,
    "generalAndAdministrativeExpenses": 0,
    "sellingAndMarketingExpenses": 0,
    "sellingGeneralAndAdministrativeExpenses": 0,
    "otherExpenses": 292000000,
    "operatingExpenses": 292000000,
    "costAndExpenses": 2154000000,
    "interestIncome": 17000000,
    "interestExpense": 63000000,
    "depreciationAndAmortization": 314000000,
    "ebitda": 1008000000,
    "ebitdaratio": 0.3298429319,
    "operatingIncome": 902000000,
    "operatingIncomeRatio": 0.2951570681,
    "totalOtherIncomeExpensesNet": -271000000,
    "incomeBeforeTax": 631000000,
    "incomeBeforeTaxRatio": 0.2064790576,
    "incomeTaxExpense": 186000000,
    "netIncome": 445000000,
    "netIncomeRatio": 0.1456151832,
    "eps": 0.88,
    "epsdiluted": 0.88,
    "weightedAverageShsOut": 504000000,
    "weightedAverageShsOutDil": 508000000,
    "link": "https://www.sec.gov/Archives/edgar/data/788784/000162828022003860/0001628280-22-003860-index.htm",
    "finalLink": "https://www.sec.gov/Archives/edgar/data/81033/000162828022003860/pseg-20211231.htm"
  },
  {
    "date": "2021-09-30",
    "symbol": "PEG",
    "reportedCurrency": "USD",
    "cik": "0000788784",
    "fillingDate": "2021-11-02",
    "acceptedDate": "2021-11-02 16:28:05",
    "calendarYear": "2021",
    "period": "Q3",
    "revenue": 1903000000,
    "costOfRevenue": 1667000000,
    "grossProfit": 236000000,
    "grossProfitRatio": 0.1240147136,
    "researchAndDevelopmentExpenses": 0,
    "generalAndAdministrativeExpenses": 0,
    "sellingAndMarketingExpenses": 0,
    "sellingGeneralAndAdministrativeExpenses": 0,
    "otherExpenses": 2441000000,
    "operatingExpenses": 2441000000,
    "costAndExpenses": 4108000000,
    "interestIncome": 21000000,
    "interestExpense": 144000000,
    "depreciationAndAmortization": 332000000,
    "ebitda": -1770000000,
    "ebitdaratio": -0.9301103521,
    "operatingIncome": -2205000000,
    "operatingIncomeRatio": -1.1586967945,
    "totalOtherIncomeExpensesNet": -41000000,
    "incomeBeforeTax": -2246000000,
    "incomeBeforeTaxRatio": -1.1802417236,
    "incomeTaxExpense": -682000000,
    "netIncome": -1564000000,
    "netIncomeRatio": -0.8218602207,
    "eps": -3.1,
    "epsdiluted": -3.1,
    "weightedAverageShsOut": 504000000,
    "weightedAverageShsOutDil": 504000000,
    "link": "https://www.sec.gov/Archives/edgar/data/788784/000162828021021195/0001628280-21-021195-index.htm",
    "finalLink": "https://www.sec.gov/Archives/edgar/data/81033/000162828021021195/pseg-20210930.htm"
  },
  {
    "date": "2021-06-30",
    "symbol": "PEG",
    "reportedCurrency": "USD",
    "cik": "0000788784",
    "fillingDate": "2021-08-09",
    "acceptedDate": "2021-08-09 16:21:31",
    "calendarYear": "2021",
    "period": "Q2",
    "revenue": 1874000000,
    "costOfRevenue": 1389000000,
    "grossProfit": 485000000,
    "grossProfitRatio": 0.2588046958,
    "researchAndDevelopmentExpenses": 0,
    "generalAndAdministrativeExpenses": 0,
    "sellingAndMarketingExpenses": 0,
    "sellingGeneralAndAdministrativeExpenses": 0,
    "otherExpenses": 779000000,
    "operatingExpenses": 779000000,
    "costAndExpenses": 2168000000,
    "interestIncome": 18000000,
    "interestExpense": 128000000,
    "depreciationAndAmortization": 367000000,
    "ebitda": 256000000,
    "ebitdaratio": 0.13660619,
    "operatingIncome": -294000000,
    "operatingIncomeRatio": -0.1568836713,
    "totalOtherIncomeExpensesNet": 55000000,
    "incomeBeforeTax": -239000000,
    "incomeBeforeTaxRatio": -0.1275346852,
    "incomeTaxExpense": -62000000,
    "netIncome": -177000000,
    "netIncomeRatio": -0.0944503735,
    "eps": -0.35,
    "epsdiluted": -0.35,
    "weightedAverageShsOut": 504000000,
    "weightedAverageShsOutDil": 504000000,
    "link": "https://www.sec.gov/Archives/edgar/data/788784/000078878421000034/0000788784-21-000034-index.htm",
    "finalLink": "https://www.sec.gov/Archives/edgar/data/81033/000078878421000034/pseg-20210630.htm"
  },
  {
    "date": "2021-03-31",
    "symbol": "PEG",
    "reportedCurrency": "USD",
    "cik": "0000788784",
    "fillingDate": "2021-05-05",
    "acceptedDate": "2021-05-05 16:41:48",
    "calendarYear": "2021",
    "period": "Q1",
    "revenue": 2889000000,
    "costOfRevenue": 1807000000,
    "grossProfit": 1082000000,
    "grossProfitRatio": 0.3745240568,
    "researchAndDevelopmentExpenses": 0,
    "generalAndAdministrativeExpenses": 0,
    "sellingAndMarketingExpenses": 0,
    "sellingGeneralAndAdministrativeExpenses": 0,
    "otherExpenses": 341000000,
    "operatingExpenses": 341000000,
    "costAndExpenses": 2148000000,
    "interestIncome": 16000000,
    "interestExpense": 146000000,
    "depreciationAndAmortization": 390000000,
    "ebitda": 1301000000,
    "ebitdaratio": 0.4503288335,
    "operatingIncome": 741000000,
    "operatingIncomeRatio": 0.256490135,
    "totalOtherIncomeExpensesNet": 24000000,
    "incomeBeforeTax": 765000000,
    "incomeBeforeTaxRatio": 0.2647975078,
    "incomeTaxExpense": 117000000,
    "netIncome": 648000000,
    "netIncomeRatio": 0.2242990654,
    "eps": 1.29,
    "epsdiluted": 1.28,
    "weightedAverageShsOut": 504000000,
    "weightedAverageShsOutDil": 507000000,
    "link": "https://www.sec.gov/Archives/edgar/data/788784/000078878421000012/0000788784-21-000012-index.htm",
    "finalLink": "https://www.sec.gov/Archives/edgar/data/81033/000078878421000012/pseg-20210331.htm"
  },
  {
    "date": "2020-12-31",
    "symbol": "PEG",
    "reportedCurrency": "USD",
    "cik": "0000788784",
    "fillingDate": "2021-03-01",
    "acceptedDate": "2021-02-26 18:54:08",
    "calendarYear": "2020",
    "period": "Q4",
    "revenue": 2402000000,
    "costOfRevenue": 1641000000,
    "grossProfit": 761000000,
    "grossProfitRatio": 0.3168193172,
    "researchAndDevelopmentExpenses": 0,
    "generalAndAdministrativeExpenses": 0,
    "sellingAndMarketingExpenses": 0,
    "sellingGeneralAndAdministrativeExpenses": 0,
    "otherExpenses": 328000000,
    "operatingExpenses": 328000000,
    "costAndExpenses": 1969000000,
    "interestIncome": 17000000,
    "interestExpense": 101000000,
    "depreciationAndAmortization": 369000000,
    "ebitda": 1069000000,
    "ebitdaratio": 0.4450457952,
    "operatingIncome": 433000000,
    "operatingIncomeRatio": 0.1802664446,
    "totalOtherIncomeExpensesNet": 120000000,
    "incomeBeforeTax": 553000000,
    "incomeBeforeTaxRatio": 0.2302248127,
    "incomeTaxExpense": 122000000,
    "netIncome": 431000000,
    "netIncomeRatio": 0.1794338052,
    "eps": 0.85,
    "epsdiluted": 0.85,
    "weightedAverageShsOut": 504000000,
    "weightedAverageShsOutDil": 508000000,
    "link": "https://www.sec.gov/Archives/edgar/data/788784/000078878421000007/0000788784-21-000007-index.htm",
    "finalLink": "https://www.sec.gov/Archives/edgar/data/81033/000078878421000007/pseg-20201231.htm"
  },
  {
    "date": "2020-09-30",
    "symbol": "PEG",
    "reportedCurrency": "USD",
    "cik": "0000788784",
    "fillingDate": "2020-10-30",
    "acceptedDate": "2020-10-30 17:09:05",
    "calendarYear": "2020",
    "period": "Q3",
    "revenue": 2370000000,
    "costOfRevenue": 1542000000,
    "grossProfit": 828000000,
    "grossProfitRatio": 0.3493670886,
    "researchAndDevelopmentExpenses": 0,
    "generalAndAdministrativeExpenses": 0,
    "sellingAndMarketingExpenses": 0,
    "sellingGeneralAndAdministrativeExpenses": 0,
    "otherExpenses": 195000000,
    "operatingExpenses": 195000000,
    "costAndExpenses": 1737000000,
    "interestIncome": 15000000,
    "interestExpense": 149000000,
    "depreciationAndAmortization": 368000000,
    "ebitda": 1213000000,
    "ebitdaratio": 0.511814346,
    "operatingIncome": 633000000,
    "operatingIncomeRatio": 0.2670886076,
    "totalOtherIncomeExpensesNet": 63000000,
    "incomeBeforeTax": 696000000,
    "incomeBeforeTaxRatio": 0.2936708861,
    "incomeTaxExpense": 121000000,
    "netIncome": 575000000,
    "netIncomeRatio": 0.2426160338,
    "eps": 1.15,
    "epsdiluted": 1.14,
    "weightedAverageShsOut": 504000000,
    "weightedAverageShsOutDil": 507000000,
    "link": "https://www.sec.gov/Archives/edgar/data/788784/000078878420000033/0000788784-20-000033-index.htm",
    "finalLink": "https://www.sec.gov/Archives/edgar/data/81033/000078878420000033/pseg-20200930.htm"
  },
  {
    "date": "2020-06-30",
    "symbol": "PEG",
    "reportedCurrency": "USD",
    "cik": "0000788784",
    "fillingDate": "2020-07-31",
    "acceptedDate": "2020-07-31 17:02:02",
    "calendarYear": "2020",
    "period": "Q2",
    "revenue": 2050000000,
    "costOfRevenue": 1328000000,
    "grossProfit": 722000000,
    "grossProfitRatio": 0.352195122,
    "researchAndDevelopmentExpenses": 0,
    "generalAndAdministrativeExpenses": 0,
    "sellingAndMarketingExpenses": 0,
    "sellingGeneralAndAdministrativeExpenses": 0,
    "otherExpenses": 315000000,
    "operatingExpenses": 315000000,
    "costAndExpenses": 1643000000,
    "interestIncome": 18000000,
    "interestExpense": 131000000,
    "depreciationAndAmortization": 361000000,
    "ebitda": 1052000000,
    "ebitdaratio": 0.5131707317,
    "operatingIncome": 407000000,
    "operatingIncomeRatio": 0.1985365854,
    "totalOtherIncomeExpensesNet": 153000000,
    "incomeBeforeTax": 560000000,
    "incomeBeforeTaxRatio": 0.2731707317,
    "incomeTaxExpense": 109000000,
    "netIncome": 451000000,
    "netIncomeRatio": 0.22,
    "eps": 0.89,
    "epsdiluted": 0.89,
    "weightedAverageShsOut": 504000000,
    "weightedAverageShsOutDil": 507000000,
    "link": "https://www.sec.gov/Archives/edgar/data/788784/000078878420000029/0000788784-20-000029-index.htm",
    "finalLink": "https://www.sec.gov/Archives/edgar/data/81033/000078878420000029/pseg-6302020q210q.htm"
  },
  {
    "date": "2020-03-31",
    "symbol": "PEG",
    "reportedCurrency": "USD",
    "cik": "0000788784",
    "fillingDate": "2020-05-05",
    "acceptedDate": "2020-05-04 21:10:24",
    "calendarYear": "2020",
    "period": "Q1",
    "revenue": 2781000000,
    "costOfRevenue": 1660000000,
    "grossProfit": 1121000000,
    "grossProfitRatio": 0.4030924128,
    "researchAndDevelopmentExpenses": 0,
    "generalAndAdministrativeExpenses": 0,
    "sellingAndMarketingExpenses": 0,
    "sellingGeneralAndAdministrativeExpenses": 0,
    "otherExpenses": 324000000,
    "operatingExpenses": 324000000,
    "costAndExpenses": 1984000000,
    "interestIncome": 17000000,
    "interestExpense": 132000000,
    "depreciationAndAmortization": 371000000,
    "ebitda": 995000000,
    "ebitdaratio": 0.3577849694,
    "operatingIncome": 797000000,
    "operatingIncomeRatio": 0.2865875584,
    "totalOtherIncomeExpensesNet": -305000000,
    "incomeBeforeTax": 492000000,
    "incomeBeforeTaxRatio": 0.1769147789,
    "incomeTaxExpense": 44000000,
    "netIncome": 448000000,
    "netIncomeRatio": 0.161093132,
    "eps": 0.88,
    "epsdiluted": 0.88,
    "weightedAverageShsOut": 504000000,
    "weightedAverageShsOutDil": 507000000,
    "link": "https://www.sec.gov/Archives/edgar/data/788784/000078878420000010/0000788784-20-000010-index.htm",
    "finalLink": "https://www.sec.gov/Archives/edgar/data/81033/000078878420000010/pseg-3312020q110q.htm"
  },
  {
    "date": "2019-12-31",
    "symbol": "PEG",
    "reportedCurrency": "USD",
    "cik": "0000788784",
    "fillingDate": "2020-02-26",
    "acceptedDate": "2020-02-26 17:15:29",
    "calendarYear": "2019",
    "period": "Q4",
    "revenue": 2478000000,
    "costOfRevenue": 1651000000,
    "grossProfit": 827000000,
    "grossProfitRatio": 0.3337368846,
    "researchAndDevelopmentExpenses": 0,
    "generalAndAdministrativeExpenses": 0,
    "sellingAndMarketingExpenses": 0,
    "sellingGeneralAndAdministrativeExpenses": 0,
    "otherExpenses": 320000000,
    "operatingExpenses": 320000000,
    "costAndExpenses": 1971000000,
    "interestIncome": 17000000,
    "interestExpense": 149000000,
    "depreciationAndAmortization": 361000000,
    "ebitda": 1048000000,
    "ebitdaratio": 0.4229217111,
    "operatingIncome": 507000000,
    "operatingIncomeRatio": 0.2046004843,
    "totalOtherIncomeExpensesNet": 28000000,
    "incomeBeforeTax": 535000000,
    "incomeBeforeTaxRatio": 0.2158999193,
    "incomeTaxExpense": 98000000,
    "netIncome": 437000000,
    "netIncomeRatio": 0.1763518967,
    "eps": 0.86,
    "epsdiluted": 0.86,
    "weightedAverageShsOut": 504000000,
    "weightedAverageShsOutDil": 507000000,
    "link": "https://www.sec.gov/Archives/edgar/data/788784/000078878420000004/0000788784-20-000004-index.htm",
    "finalLink": "https://www.sec.gov/Archives/edgar/data/81033/000078878420000004/pseg201910k.htm"
  },
  {
    "date": "2019-09-30",
    "symbol": "PEG",
    "reportedCurrency": "USD",
    "cik": "0000788784",
    "fillingDate": "2019-10-31",
    "acceptedDate": "2019-10-31 16:52:39",
    "calendarYear": "2019",
    "period": "Q3",
    "revenue": 2302000000,
    "costOfRevenue": 1498000000,
    "grossProfit": 804000000,
    "grossProfitRatio": 0.3492615117,
    "researchAndDevelopmentExpenses": 0,
    "generalAndAdministrativeExpenses": 0,
    "sellingAndMarketingExpenses": 0,
    "sellingGeneralAndAdministrativeExpenses": 0,
    "otherExpenses": 314000000,
    "operatingExpenses": 314000000,
    "costAndExpenses": 1812000000,
    "interestIncome": 18000000,
    "interestExpense": 147000000,
    "depreciationAndAmortization": 355000000,
    "ebitda": 935000000,
    "ebitdaratio": 0.4061685491,
    "operatingIncome": 490000000,
    "operatingIncomeRatio": 0.212858384,
    "totalOtherIncomeExpensesNet": -57000000,
    "incomeBeforeTax": 433000000,
    "incomeBeforeTaxRatio": 0.1880973067,
    "incomeTaxExpense": 30000000,
    "netIncome": 403000000,
    "netIncomeRatio": 0.1750651607,
    "eps": 0.8,
    "epsdiluted": 0.79,
    "weightedAverageShsOut": 504000000,
    "weightedAverageShsOutDil": 507000000,
    "link": "https://www.sec.gov/Archives/edgar/data/788784/000078878419000032/0000788784-19-000032-index.htm",
    "finalLink": "https://www.sec.gov/Archives/edgar/data/81033/000078878419000032/pseg-9302019q310xq.htm"
  },
  {
    "date": "2019-06-30",
    "symbol": "PEG",
    "reportedCurrency": "USD",
    "cik": "0000788784",
    "fillingDate": "2019-07-31",
    "acceptedDate": "2019-07-30 17:49:56",
    "calendarYear": "2019",
    "period": "Q2",
    "revenue": 2316000000,
    "costOfRevenue": 1454000000,
    "grossProfit": 862000000,
    "grossProfitRatio": 0.372193437,
    "researchAndDevelopmentExpenses": 0,
    "generalAndAdministrativeExpenses": 0,
    "sellingAndMarketingExpenses": 0,
    "sellingGeneralAndAdministrativeExpenses": 0,
    "otherExpenses": 702000000,
    "operatingExpenses": 702000000,
    "costAndExpenses": 2156000000,
    "interestIncome": 20000000,
    "interestExpense": 123000000,
    "depreciationAndAmortization": 349000000,
    "ebitda": 605000000,
    "ebitdaratio": 0.2612262522,
    "operatingIncome": 160000000,
    "operatingIncomeRatio": 0.0690846287,
    "totalOtherIncomeExpensesNet": -27000000,
    "incomeBeforeTax": 133000000,
    "incomeBeforeTaxRatio": 0.0574265976,
    "incomeTaxExpense": -20000000,
    "netIncome": 153000000,
    "netIncomeRatio": 0.0660621762,
    "eps": 0.3,
    "epsdiluted": 0.3,
    "weightedAverageShsOut": 504000000,
    "weightedAverageShsOutDil": 507000000,
    "link": "https://www.sec.gov/Archives/edgar/data/788784/000078878419000028/0000788784-19-000028-index.htm",
    "finalLink": "https://www.sec.gov/Archives/edgar/data/81033/000078878419000028/pseg-6302019q210xq.htm"
  },
  {
    "date": "2019-03-31",
    "symbol": "PEG",
    "reportedCurrency": "USD",
    "cik": "0000788784",
    "fillingDate": "2019-05-02",
    "acceptedDate": "2019-05-02 16:51:04",
    "calendarYear": "2019",
    "period": "Q1",
    "revenue": 2980000000,
    "costOfRevenue": 1880000000,
    "grossProfit": 1100000000,
    "grossProfitRatio": 0.3691275168,
    "researchAndDevelopmentExpenses": 0,
    "generalAndAdministrativeExpenses": 0,
    "sellingAndMarketingExpenses": 0,
    "sellingGeneralAndAdministrativeExpenses": 0,
    "otherExpenses": 314000000,
    "operatingExpenses": 314000000,
    "costAndExpenses": 2194000000,
    "interestIncome": 18000000,
    "interestExpense": 128000000,
    "depreciationAndAmortization": 361000000,
    "ebitda": 1343000000,
    "ebitdaratio": 0.4506711409,
    "operatingIncome": 786000000,
    "operatingIncomeRatio": 0.2637583893,
    "totalOtherIncomeExpensesNet": 63000000,
    "incomeBeforeTax": 849000000,
    "incomeBeforeTaxRatio": 0.2848993289,
    "incomeTaxExpense": 149000000,
    "netIncome": 700000000,
    "netIncomeRatio": 0.2348993289,
    "eps": 1.39,
    "epsdiluted": 1.38,
    "weightedAverageShsOut": 504000000,
    "weightedAverageShsOutDil": 507000000,
    "link": "https://www.sec.gov/Archives/edgar/data/788784/000078878419000009/0000788784-19-000009-index.htm",
    "finalLink": "https://www.sec.gov/Archives/edgar/data/81033/000078878419000009/pseg-3312019q110xq.htm"
  },
  {
    "date": "2018-12-31",
    "symbol": "PEG",
    "reportedCurrency": "USD",
    "cik": "0000788784",
    "fillingDate": "2019-02-28",
    "acceptedDate": "2019-02-27 19:35:09",
    "calendarYear": "2018",
    "period": "Q4",
    "revenue": 2468000000,
    "costOfRevenue": 1663000000,
    "grossProfit": 805000000,
    "grossProfitRatio": 0.3261750405,
    "researchAndDevelopmentExpenses": 0,
    "generalAndAdministrativeExpenses": 0,
    "sellingAndMarketingExpenses": 0,
    "sellingGeneralAndAdministrativeExpenses": 0,
    "otherExpenses": 304000000,
    "operatingExpenses": 304000000,
    "costAndExpenses": 1967000000,
    "interestIncome": 4000000,
    "interestExpense": 135000000,
    "depreciationAndAmortization": 348000000,
    "ebitda": 683000000,
    "ebitdaratio": 0.2767423015,
    "operatingIncome": 501000000,
    "operatingIncomeRatio": 0.2029983793,
    "totalOtherIncomeExpensesNet": -301000000,
    "incomeBeforeTax": 200000000,
    "incomeBeforeTaxRatio": 0.0810372771,
    "incomeTaxExpense": 1000000,
    "netIncome": 199000000,
    "netIncomeRatio": 0.0806320908,
    "eps": 0.39,
    "epsdiluted": 0.39,
    "weightedAverageShsOut": 504000000,
    "weightedAverageShsOutDil": 508000000,
    "link": "https://www.sec.gov/Archives/edgar/data/788784/000078878419000005/0000788784-19-000005-index.htm",
    "finalLink": "https://www.sec.gov/Archives/edgar/data/81033/000078878419000005/pseg201810k.htm"
  },
  {
    "date": "2018-09-30",
    "symbol": "PEG",
    "reportedCurrency": "USD",
    "cik": "0000788784",
    "fillingDate": "2018-10-30",
    "acceptedDate": "2018-10-30 17:26:59",
    "calendarYear": "2018",
    "period": "Q3",
    "revenue": 2394000000,
    "costOfRevenue": 1546000000,
    "grossProfit": 848000000,
    "grossProfitRatio": 0.3542188805,
    "researchAndDevelopmentExpenses": 0,
    "generalAndAdministrativeExpenses": 0,
    "sellingAndMarketingExpenses": 0,
    "sellingGeneralAndAdministrativeExpenses": 0,
    "otherExpenses": 294000000,
    "operatingExpenses": 294000000,
    "costAndExpenses": 1840000000,
    "interestIncome": 18000000,
    "interestExpense": 127000000,
    "depreciationAndAmortization": 342000000,
    "ebitda": 998000000,
    "ebitdaratio": 0.4168755221,
    "operatingIncome": 554000000,
    "operatingIncomeRatio": 0.231411863,
    "totalOtherIncomeExpensesNet": -25000000,
    "incomeBeforeTax": 529000000,
    "incomeBeforeTaxRatio": 0.2209690894,
    "incomeTaxExpense": 117000000,
    "netIncome": 412000000,
    "netIncomeRatio": 0.1720969089,
    "eps": 0.82,
    "epsdiluted": 0.81,
    "weightedAverageShsOut": 504000000,
    "weightedAverageShsOutDil": 507000000,
    "link": "https://www.sec.gov/Archives/edgar/data/788784/000078878418000026/0000788784-18-000026-index.htm",
    "finalLink": "https://www.sec.gov/Archives/edgar/data/81033/000078878418000026/pseg-9302018xq3.htm"
  },
  {
    "date": "2018-06-30",
    "symbol": "PEG",
    "reportedCurrency": "USD",
    "cik": "0000788784",
    "fillingDate": "2018-08-01",
    "acceptedDate": "2018-08-01 16:40:21",
    "calendarYear": "2018",
    "period": "Q2",
    "revenue": 2016000000,
    "costOfRevenue": 1325000000,
    "grossProfit": 691000000,
    "grossProfitRatio": 0.3427579365,
    "researchAndDevelopmentExpenses": 0,
    "generalAndAdministrativeExpenses": 0,
    "sellingAndMarketingExpenses": 0,
    "sellingGeneralAndAdministrativeExpenses": 0,
    "otherExpenses": 280000000,
    "operatingExpenses": 280000000,
    "costAndExpenses": 1605000000,
    "interestIncome": 20000000,
    "interestExpense": 111000000,
    "depreciationAndAmortization": 325000000,
    "ebitda": 802000000,
    "ebitdaratio": 0.3978174603,
    "operatingIncome": 411000000,
    "operatingIncomeRatio": 0.2038690476,
    "totalOtherIncomeExpensesNet": -45000000,
    "incomeBeforeTax": 366000000,
    "incomeBeforeTaxRatio": 0.181547619,
    "incomeTaxExpense": 97000000,
    "netIncome": 269000000,
    "netIncomeRatio": 0.1334325397,
    "eps": 0.53,
    "epsdiluted": 0.53,
    "weightedAverageShsOut": 504000000,
    "weightedAverageShsOutDil": 507000000,
    "link": "https://www.sec.gov/Archives/edgar/data/788784/000078878418000022/0000788784-18-000022-index.htm",
    "finalLink": "https://www.sec.gov/Archives/edgar/data/81033/000078878418000022/pseg-6302018xq2.htm"
  },
  {
    "date": "2018-03-31",
    "symbol": "PEG",
    "reportedCurrency": "USD",
    "cik": "0000788784",
    "fillingDate": "2018-04-30",
    "acceptedDate": "2018-04-30 17:24:58",
    "calendarYear": "2018",
    "period": "Q1",
    "revenue": 2818000000,
    "costOfRevenue": 1706000000,
    "grossProfit": 1112000000,
    "grossProfitRatio": 0.3946061036,
    "researchAndDevelopmentExpenses": 0,
    "generalAndAdministrativeExpenses": 0,
    "sellingAndMarketingExpenses": 0,
    "sellingGeneralAndAdministrativeExpenses": 0,
    "otherExpenses": 280000000,
    "operatingExpenses": 280000000,
    "costAndExpenses": 1986000000,
    "interestIncome": 4000000,
    "interestExpense": 103000000,
    "depreciationAndAmortization": 330000000,
    "ebitda": 1193000000,
    "ebitdaratio": 0.4233498935,
    "operatingIncome": 832000000,
    "operatingIncomeRatio": 0.2952448545,
    "totalOtherIncomeExpensesNet": -72000000,
    "incomeBeforeTax": 760000000,
    "incomeBeforeTaxRatio": 0.269694819,
    "incomeTaxExpense": 202000000,
    "netIncome": 558000000,
    "netIncomeRatio": 0.198012775,
    "eps": 1.1,
    "epsdiluted": 1.1,
    "weightedAverageShsOut": 504000000,
    "weightedAverageShsOutDil": 507000000,
    "link": "https://www.sec.gov/Archives/edgar/data/788784/000078878418000007/0000788784-18-000007-index.htm",
    "finalLink": "https://www.sec.gov/Archives/edgar/data/81033/000078878418000007/pseg-3312018xq1.htm"
  },
  {
    "date": "2017-12-31",
    "symbol": "PEG",
    "reportedCurrency": "USD",
    "cik": "0000788784",
    "fillingDate": "2018-02-26",
    "acceptedDate": "2018-02-26 09:22:03",
    "calendarYear": "2017",
    "period": "Q4",
    "revenue": 2096000000,
    "costOfRevenue": 1469000000,
    "grossProfit": 627000000,
    "grossProfitRatio": 0.2991412214,
    "researchAndDevelopmentExpenses": 0,
    "generalAndAdministrativeExpenses": 0,
    "sellingAndMarketingExpenses": 0,
    "sellingGeneralAndAdministrativeExpenses": 0,
    "otherExpenses": 265000000,
    "operatingExpenses": 265000000,
    "costAndExpenses": 1734000000,
    "interestIncome": 5000000,
    "interestExpense": 102000000,
    "depreciationAndAmortization": 312000000,
    "ebitda": 724000000,
    "ebitdaratio": 0.3454198473,
    "operatingIncome": 362000000,
    "operatingIncomeRatio": 0.1727099237,
    "totalOtherIncomeExpensesNet": -52000000,
    "incomeBeforeTax": 310000000,
    "incomeBeforeTaxRatio": 0.1479007634,
    "incomeTaxExpense": -646000000,
    "netIncome": 956000000,
    "netIncomeRatio": 0.4561068702,
    "eps": 1.88,
    "epsdiluted": 1.88,
    "weightedAverageShsOut": 505000000,
    "weightedAverageShsOutDil": 508000000,
    "link": "https://www.sec.gov/Archives/edgar/data/788784/000078878418000004/0000788784-18-000004-index.htm",
    "finalLink": "https://www.sec.gov/Archives/edgar/data/81033/000078878418000004/pseg201710kq4.htm"
  },
  {
    "date": "2017-09-30",
    "symbol": "PEG",
    "reportedCurrency": "USD",
    "cik": "0000788784",
    "fillingDate": "2017-10-31",
    "acceptedDate": "2017-10-31 17:09:14",
    "calendarYear": "2017",
    "period": "Q3",
    "revenue": 2263000000,
    "costOfRevenue": 1318000000,
    "grossProfit": 945000000,
    "grossProfitRatio": 0.4175872735,
    "researchAndDevelopmentExpenses": 0,
    "generalAndAdministrativeExpenses": 0,
    "sellingAndMarketingExpenses": 0,
    "sellingGeneralAndAdministrativeExpenses": 0,
    "otherExpenses": 252000000,
    "operatingExpenses": 252000000,
    "costAndExpenses": 1561000000,
    "interestIncome": 6000000,
    "interestExpense": 100000000,
    "depreciationAndAmortization": 303000000,
    "ebitda": 1050000000,
    "ebitdaratio": 0.4639858595,
    "operatingIncome": 693000000,
    "operatingIncomeRatio": 0.3062306673,
    "totalOtherIncomeExpensesNet": -46000000,
    "incomeBeforeTax": 647000000,
    "incomeBeforeTaxRatio": 0.2859036677,
    "incomeTaxExpense": 252000000,
    "netIncome": 395000000,
    "netIncomeRatio": 0.1745470614,
    "eps": 0.78,
    "epsdiluted": 0.78,
    "weightedAverageShsOut": 505000000,
    "weightedAverageShsOutDil": 507000000,
    "link": "https://www.sec.gov/Archives/edgar/data/788784/000078878417000024/0000788784-17-000024-index.htm",
    "finalLink": "https://www.sec.gov/Archives/edgar/data/81033/000078878417000024/pseg-9302017xq3.htm"
  },
  {
    "date": "2017-06-30",
    "symbol": "PEG",
    "reportedCurrency": "USD",
    "cik": "0000788784",
    "fillingDate": "2017-07-28",
    "acceptedDate": "2017-07-28 16:57:44",
    "calendarYear": "2017",
    "period": "Q2",
    "revenue": 2133000000,
    "costOfRevenue": 1296000000,
    "grossProfit": 837000000,
    "grossProfitRatio": 0.3924050633,
    "researchAndDevelopmentExpenses": 0,
    "generalAndAdministrativeExpenses": 0,
    "sellingAndMarketingExpenses": 0,
    "sellingGeneralAndAdministrativeExpenses": 0,
    "otherExpenses": 641000000,
    "operatingExpenses": 641000000,
    "costAndExpenses": 1947000000,
    "interestIncome": 5000000,
    "interestExpense": 91000000,
    "depreciationAndAmortization": 688000000,
    "ebitda": 947000000,
    "ebitdaratio": 0.4439756212,
    "operatingIncome": 195000000,
    "operatingIncomeRatio": 0.0914205345,
    "totalOtherIncomeExpensesNet": -27000000,
    "incomeBeforeTax": 168000000,
    "incomeBeforeTaxRatio": 0.0787623066,
    "incomeTaxExpense": 59000000,
    "netIncome": 109000000,
    "netIncomeRatio": 0.0511017346,
    "eps": 0.22,
    "epsdiluted": 0.22,
    "weightedAverageShsOut": 505000000,
    "weightedAverageShsOutDil": 507000000,
    "link": "https://www.sec.gov/Archives/edgar/data/788784/000078878417000019/0000788784-17-000019-index.htm",
    "finalLink": "https://www.sec.gov/Archives/edgar/data/81033/000078878417000019/pseg-6302017xq2.htm"
  },
  {
    "date": "2017-03-31",
    "symbol": "PEG",
    "reportedCurrency": "USD",
    "cik": "0000788784",
    "fillingDate": "2017-04-28",
    "acceptedDate": "2017-04-28 17:25:55",
    "calendarYear": "2017",
    "period": "Q1",
    "revenue": 2592000000,
    "costOfRevenue": 1586000000,
    "grossProfit": 1006000000,
    "grossProfitRatio": 0.388117284,
    "researchAndDevelopmentExpenses": 0,
    "generalAndAdministrativeExpenses": 0,
    "sellingAndMarketingExpenses": 0,
    "sellingGeneralAndAdministrativeExpenses": 0,
    "otherExpenses": 828000000,
    "operatingExpenses": 828000000,
    "costAndExpenses": 2413000000,
    "interestIncome": 5000000,
    "interestExpense": 98000000,
    "depreciationAndAmortization": 882000000,
    "ebitda": 1123000000,
    "ebitdaratio": 0.4332561728,
    "operatingIncome": 178000000,
    "operatingIncomeRatio": 0.0686728395,
    "totalOtherIncomeExpensesNet": -35000000,
    "incomeBeforeTax": 143000000,
    "incomeBeforeTaxRatio": 0.0551697531,
    "incomeTaxExpense": 29000000,
    "netIncome": 114000000,
    "netIncomeRatio": 0.0439814815,
    "eps": 0.23,
    "epsdiluted": 0.22,
    "weightedAverageShsOut": 505000000,
    "weightedAverageShsOutDil": 508000000,
    "link": "https://www.sec.gov/Archives/edgar/data/788784/000078878417000007/0000788784-17-000007-index.htm",
    "finalLink": "https://www.sec.gov/Archives/edgar/data/81033/000078878417000007/pseg-3312017xq1.htm"
  },
  {
    "date": "2016-12-31",
    "symbol": "PEG",
    "reportedCurrency": "USD",
    "cik": "0000788784",
    "fillingDate": "2017-02-27",
    "acceptedDate": "2017-02-27 17:28:47",
    "calendarYear": "2016",
    "period": "Q4",
    "revenue": 2090000000,
    "costOfRevenue": 1468000000,
    "grossProfit": 622000000,
    "grossProfitRatio": 0.2976076555,
    "researchAndDevelopmentExpenses": 0,
    "generalAndAdministrativeExpenses": 0,
    "sellingAndMarketingExpenses": 0,
    "sellingGeneralAndAdministrativeExpenses": 0,
    "otherExpenses": 797000000,
    "operatingExpenses": 797000000,
    "costAndExpenses": 2265000000,
    "interestIncome": 5000000,
    "interestExpense": 97000000,
    "depreciationAndAmortization": 846000000,
    "ebitda": 694000000,
    "ebitdaratio": 0.3320574163,
    "operatingIncome": -175000000,
    "operatingIncomeRatio": -0.0837320574,
    "totalOtherIncomeExpensesNet": -74000000,
    "incomeBeforeTax": -249000000,
    "incomeBeforeTaxRatio": -0.119138756,
    "incomeTaxExpense": -151000000,
    "netIncome": -98000000,
    "netIncomeRatio": -0.0468899522,
    "eps": -0.19,
    "epsdiluted": -0.19,
    "weightedAverageShsOut": 505000000,
    "weightedAverageShsOutDil": 508000000,
    "link": "https://www.sec.gov/Archives/edgar/data/788784/000078878417000003/0000788784-17-000003-index.htm",
    "finalLink": "https://www.sec.gov/Archives/edgar/data/81033/000078878417000003/pseg201610kq4.htm"
  },
  {
    "date": "2016-09-30",
    "symbol": "PEG",
    "reportedCurrency": "USD",
    "cik": "0000788784",
    "fillingDate": "2016-10-31",
    "acceptedDate": "2016-10-31 17:28:00",
    "calendarYear": "2016",
    "period": "Q3",
    "revenue": 2450000000,
    "costOfRevenue": 1642000000,
    "grossProfit": 808000000,
    "grossProfitRatio": 0.3297959184,
    "researchAndDevelopmentExpenses": 0,
    "generalAndAdministrativeExpenses": 0,
    "sellingAndMarketingExpenses": 0,
    "sellingGeneralAndAdministrativeExpenses": 0,
    "otherExpenses": 231000000,
    "operatingExpenses": 231000000,
    "costAndExpenses": 1873000000,
    "interestIncome": 6000000,
    "interestExpense": 99000000,
    "depreciationAndAmortization": 280000000,
    "ebitda": 894000000,
    "ebitdaratio": 0.3648979592,
    "operatingIncome": 577000000,
    "operatingIncomeRatio": 0.2355102041,
    "totalOtherIncomeExpensesNet": -62000000,
    "incomeBeforeTax": 515000000,
    "incomeBeforeTaxRatio": 0.2102040816,
    "incomeTaxExpense": 188000000,
    "netIncome": 327000000,
    "netIncomeRatio": 0.1334693878,
    "eps": 0.65,
    "epsdiluted": 0.64,
    "weightedAverageShsOut": 505000000,
    "weightedAverageShsOutDil": 508000000,
    "link": "https://www.sec.gov/Archives/edgar/data/788784/000078878416000038/0000788784-16-000038-index.htm",
    "finalLink": "https://www.sec.gov/Archives/edgar/data/81033/000078878416000038/pseg-9302016xq3.htm"
  },
  {
    "date": "2016-06-30",
    "symbol": "PEG",
    "reportedCurrency": "USD",
    "cik": "0000788784",
    "fillingDate": "2016-07-29",
    "acceptedDate": "2016-07-29 17:16:29",
    "calendarYear": "2016",
    "period": "Q2",
    "revenue": 1905000000,
    "costOfRevenue": 1334000000,
    "grossProfit": 571000000,
    "grossProfitRatio": 0.2997375328,
    "researchAndDevelopmentExpenses": 0,
    "generalAndAdministrativeExpenses": 0,
    "sellingAndMarketingExpenses": 0,
    "sellingGeneralAndAdministrativeExpenses": 0,
    "otherExpenses": 224000000,
    "operatingExpenses": 224000000,
    "costAndExpenses": 1558000000,
    "interestIncome": 5000000,
    "interestExpense": 97000000,
    "depreciationAndAmortization": 271000000,
    "ebitda": 646000000,
    "ebitdaratio": 0.3391076115,
    "operatingIncome": 347000000,
    "operatingIncomeRatio": 0.182152231,
    "totalOtherIncomeExpensesNet": -69000000,
    "incomeBeforeTax": 278000000,
    "incomeBeforeTaxRatio": 0.1459317585,
    "incomeTaxExpense": 91000000,
    "netIncome": 187000000,
    "netIncomeRatio": 0.0981627297,
    "eps": 0.37,
    "epsdiluted": 0.37,
    "weightedAverageShsOut": 505000000,
    "weightedAverageShsOutDil": 508000000,
    "link": "https://www.sec.gov/Archives/edgar/data/788784/000078878416000034/0000788784-16-000034-index.htm",
    "finalLink": "https://www.sec.gov/Archives/edgar/data/81033/000078878416000034/pseg-6302016xq2.htm"
  },
  {
    "date": "2016-03-31",
    "symbol": "PEG",
    "reportedCurrency": "USD",
    "cik": "0000788784",
    "fillingDate": "2016-05-02",
    "acceptedDate": "2016-04-29 19:14:47",
    "calendarYear": "2016",
    "period": "Q1",
    "revenue": 2616000000,
    "costOfRevenue": 1565000000,
    "grossProfit": 1051000000,
    "grossProfitRatio": 0.4017584098,
    "researchAndDevelopmentExpenses": 0,
    "generalAndAdministrativeExpenses": 0,
    "sellingAndMarketingExpenses": 0,
    "sellingGeneralAndAdministrativeExpenses": 0,
    "otherExpenses": 224000000,
    "operatingExpenses": 224000000,
    "costAndExpenses": 1789000000,
    "interestIncome": 6000000,
    "interestExpense": 92000000,
    "depreciationAndAmortization": 282000000,
    "ebitda": 1128000000,
    "ebitdaratio": 0.4311926606,
    "operatingIncome": 827000000,
    "operatingIncomeRatio": 0.3161314985,
    "totalOtherIncomeExpensesNet": -73000000,
    "incomeBeforeTax": 754000000,
    "incomeBeforeTaxRatio": 0.2882262997,
    "incomeTaxExpense": 283000000,
    "netIncome": 471000000,
    "netIncomeRatio": 0.1800458716,
    "eps": 0.93,
    "epsdiluted": 0.93,
    "weightedAverageShsOut": 505000000,
    "weightedAverageShsOutDil": 508000000,
    "link": "https://www.sec.gov/Archives/edgar/data/788784/000078878416000018/0000788784-16-000018-index.htm",
    "finalLink": "https://www.sec.gov/Archives/edgar/data/81033/000078878416000018/pseg-3312016xq1.htm"
  },
  {
    "date": "2015-12-31",
    "symbol": "PEG",
    "reportedCurrency": "USD",
    "cik": "0000788784",
    "fillingDate": "2016-02-26",
    "acceptedDate": "2016-02-25 21:14:33",
    "calendarYear": "2015",
    "period": "Q4",
    "revenue": 2278000000,
    "costOfRevenue": 1492000000,
    "grossProfit": 786000000,
    "grossProfitRatio": 0.3450395083,
    "researchAndDevelopmentExpenses": 0,
    "generalAndAdministrativeExpenses": 0,
    "sellingAndMarketingExpenses": 0,
    "sellingGeneralAndAdministrativeExpenses": 0,
    "otherExpenses": 254000000,
    "operatingExpenses": 254000000,
    "costAndExpenses": 1746000000,
    "interestIncome": 5000000,
    "interestExpense": 102000000,
    "depreciationAndAmortization": 305000000,
    "ebitda": 848000000,
    "ebitdaratio": 0.3722563652,
    "operatingIncome": 532000000,
    "operatingIncomeRatio": 0.2335381914,
    "totalOtherIncomeExpensesNet": -91000000,
    "incomeBeforeTax": 441000000,
    "incomeBeforeTaxRatio": 0.1935908692,
    "incomeTaxExpense": 132000000,
    "netIncome": 309000000,
    "netIncomeRatio": 0.1356453029,
    "eps": 0.61,
    "epsdiluted": 0.6,
    "weightedAverageShsOut": 505000000,
    "weightedAverageShsOutDil": 508000000,
    "link": "https://www.sec.gov/Archives/edgar/data/788784/000078878416000014/0000788784-16-000014-index.htm",
    "finalLink": "https://www.sec.gov/Archives/edgar/data/81033/000078878416000014/pseg201510kq4.htm"
  },
  {
    "date": "2015-09-30",
    "symbol": "PEG",
    "reportedCurrency": "USD",
    "cik": "0000788784",
    "fillingDate": "2015-10-30",
    "acceptedDate": "2015-10-30 17:26:21",
    "calendarYear": "2015",
    "period": "Q3",
    "revenue": 2688000000,
    "costOfRevenue": 1561000000,
    "grossProfit": 1127000000,
    "grossProfitRatio": 0.4192708333,
    "researchAndDevelopmentExpenses": 0,
    "generalAndAdministrativeExpenses": 0,
    "sellingAndMarketingExpenses": 0,
    "sellingGeneralAndAdministrativeExpenses": 0,
    "otherExpenses": 313000000,
    "operatingExpenses": 313000000,
    "costAndExpenses": 1874000000,
    "interestIncome": 6000000,
    "interestExpense": 96000000,
    "depreciationAndAmortization": 369000000,
    "ebitda": 1189000000,
    "ebitdaratio": 0.4423363095,
    "operatingIncome": 814000000,
    "operatingIncomeRatio": 0.302827381,
    "totalOtherIncomeExpensesNet": -90000000,
    "incomeBeforeTax": 724000000,
    "incomeBeforeTaxRatio": 0.2693452381,
    "incomeTaxExpense": 285000000,
    "netIncome": 439000000,
    "netIncomeRatio": 0.1633184524,
    "eps": 0.87,
    "epsdiluted": 0.87,
    "weightedAverageShsOut": 505000000,
    "weightedAverageShsOutDil": 508000000,
    "link": "https://www.sec.gov/Archives/edgar/data/788784/000078878415000011/0000788784-15-000011-index.htm",
    "finalLink": "https://www.sec.gov/Archives/edgar/data/81033/000078878415000011/pseg-9302015xq3.htm"
  },
  {
    "date": "2015-06-30",
    "symbol": "PEG",
    "reportedCurrency": "USD",
    "cik": "0000788784",
    "fillingDate": "2015-07-31",
    "acceptedDate": "2015-07-31 17:07:09",
    "calendarYear": "2015",
    "period": "Q2",
    "revenue": 2314000000,
    "costOfRevenue": 1429000000,
    "grossProfit": 885000000,
    "grossProfitRatio": 0.382454624,
    "researchAndDevelopmentExpenses": 0,
    "generalAndAdministrativeExpenses": 0,
    "sellingAndMarketingExpenses": 0,
    "sellingGeneralAndAdministrativeExpenses": 0,
    "otherExpenses": 317000000,
    "operatingExpenses": 317000000,
    "costAndExpenses": 1746000000,
    "interestIncome": 6000000,
    "interestExpense": 97000000,
    "depreciationAndAmortization": 368000000,
    "ebitda": 996000000,
    "ebitdaratio": 0.4304235091,
    "operatingIncome": 568000000,
    "operatingIncomeRatio": 0.2454624028,
    "totalOtherIncomeExpensesNet": -37000000,
    "incomeBeforeTax": 531000000,
    "incomeBeforeTaxRatio": 0.2294727744,
    "incomeTaxExpense": 186000000,
    "netIncome": 345000000,
    "netIncomeRatio": 0.1490924806,
    "eps": 0.68,
    "epsdiluted": 0.68,
    "weightedAverageShsOut": 506000000,
    "weightedAverageShsOutDil": 508000000,
    "link": "https://www.sec.gov/Archives/edgar/data/788784/000078878415000008/0000788784-15-000008-index.htm",
    "finalLink": "https://www.sec.gov/Archives/edgar/data/81033/000078878415000008/pseg-6302015xq2.htm"
  },
  {
    "date": "2015-03-31",
    "symbol": "PEG",
    "reportedCurrency": "USD",
    "cik": "0000788784",
    "fillingDate": "2015-05-04",
    "acceptedDate": "2015-05-01 18:35:59",
    "calendarYear": "2015",
    "period": "Q1",
    "revenue": 3135000000,
    "costOfRevenue": 1757000000,
    "grossProfit": 1378000000,
    "grossProfitRatio": 0.439553429,
    "researchAndDevelopmentExpenses": 0,
    "generalAndAdministrativeExpenses": 0,
    "sellingAndMarketingExpenses": 0,
    "sellingGeneralAndAdministrativeExpenses": 0,
    "otherExpenses": 330000000,
    "operatingExpenses": 330000000,
    "costAndExpenses": 2087000000,
    "interestIncome": 6000000,
    "interestExpense": 98000000,
    "depreciationAndAmortization": 385000000,
    "ebitda": 1467000000,
    "ebitdaratio": 0.4679425837,
    "operatingIncome": 1048000000,
    "operatingIncomeRatio": 0.3342902711,
    "totalOtherIncomeExpensesNet": -64000000,
    "incomeBeforeTax": 984000000,
    "incomeBeforeTaxRatio": 0.3138755981,
    "incomeTaxExpense": 398000000,
    "netIncome": 586000000,
    "netIncomeRatio": 0.1869218501,
    "eps": 1.16,
    "epsdiluted": 1.15,
    "weightedAverageShsOut": 506000000,
    "weightedAverageShsOutDil": 508000000,
    "link": "https://www.sec.gov/Archives/edgar/data/788784/000078878415000004/0000788784-15-000004-index.htm",
    "finalLink": "https://www.sec.gov/Archives/edgar/data/81033/000078878415000004/pseg-3312015xq1.htm"
  },
  {
    "date": "2014-12-31",
    "symbol": "PEG",
    "reportedCurrency": "USD",
    "cik": "0000788784",
    "fillingDate": "2015-02-26",
    "acceptedDate": "2015-02-25 18:45:07",
    "calendarYear": "2014",
    "period": "Q4",
    "revenue": 2773000000,
    "costOfRevenue": 1658000000,
    "grossProfit": 1115000000,
    "grossProfitRatio": 0.4020915975,
    "researchAndDevelopmentExpenses": 0,
    "generalAndAdministrativeExpenses": 0,
    "sellingAndMarketingExpenses": 0,
    "sellingGeneralAndAdministrativeExpenses": 0,
    "otherExpenses": 308000000,
    "operatingExpenses": 308000000,
    "costAndExpenses": 1966000000,
    "interestIncome": 6000000,
    "interestExpense": 98000000,
    "depreciationAndAmortization": 357000000,
    "ebitda": 1236000000,
    "ebitdaratio": 0.4457266498,
    "operatingIncome": 807000000,
    "operatingIncomeRatio": 0.2910205554,
    "totalOtherIncomeExpensesNet": -26000000,
    "incomeBeforeTax": 781000000,
    "incomeBeforeTaxRatio": 0.2816444284,
    "incomeTaxExpense": 305000000,
    "netIncome": 476000000,
    "netIncomeRatio": 0.171655247,
    "eps": 0.94,
    "epsdiluted": 0.94,
    "weightedAverageShsOut": 506000000,
    "weightedAverageShsOutDil": 508000000,
    "link": "https://www.sec.gov/Archives/edgar/data/788784/000078878415000002/0000788784-15-000002-index.htm",
    "finalLink": "https://www.sec.gov/Archives/edgar/data/81033/000078878415000002/pseg201410kq4.htm"
  },
  {
    "date": "2014-09-30",
    "symbol": "PEG",
    "reportedCurrency": "USD",
    "cik": "0000788784",
    "fillingDate": "2014-10-30",
    "acceptedDate": "2014-10-30 17:28:28",
    "calendarYear": "2014",
    "period": "Q3",
    "revenue": 2641000000,
    "costOfRevenue": 1577000000,
    "grossProfit": 1064000000,
    "grossProfitRatio": 0.4028776978,
    "researchAndDevelopmentExpenses": 0,
    "generalAndAdministrativeExpenses": 0,
    "sellingAndMarketingExpenses": 0,
    "sellingGeneralAndAdministrativeExpenses": 0,
    "otherExpenses": 318000000,
    "operatingExpenses": 318000000,
    "costAndExpenses": 1895000000,
    "interestIncome": 6000000,
    "interestExpense": 100000000,
    "depreciationAndAmortization": 371000000,
    "ebitda": 1176000000,
    "ebitdaratio": 0.4452858766,
    "operatingIncome": 746000000,
    "operatingIncomeRatio": 0.2824687618,
    "totalOtherIncomeExpensesNet": -41000000,
    "incomeBeforeTax": 705000000,
    "incomeBeforeTaxRatio": 0.2669443393,
    "incomeTaxExpense": 261000000,
    "netIncome": 444000000,
    "netIncomeRatio": 0.1681181371,
    "eps": 0.88,
    "epsdiluted": 0.87,
    "weightedAverageShsOut": 506000000,
    "weightedAverageShsOutDil": 507000000,
    "link": "https://www.sec.gov/Archives/edgar/data/788784/000078878414000013/0000788784-14-000013-index.htm",
    "finalLink": "https://www.sec.gov/Archives/edgar/data/81033/000078878414000013/pseg-9302014xq3.htm"
  },
  {
    "date": "2014-06-30",
    "symbol": "PEG",
    "reportedCurrency": "USD",
    "cik": "0000788784",
    "fillingDate": "2014-08-01",
    "acceptedDate": "2014-08-01 15:50:17",
    "calendarYear": "2014",
    "period": "Q2",
    "revenue": 2249000000,
    "costOfRevenue": 1589000000,
    "grossProfit": 660000000,
    "grossProfitRatio": 0.2934637617,
    "researchAndDevelopmentExpenses": 0,
    "generalAndAdministrativeExpenses": 0,
    "sellingAndMarketingExpenses": 0,
    "sellingGeneralAndAdministrativeExpenses": 0,
    "otherExpenses": 295000000,
    "operatingExpenses": 295000000,
    "costAndExpenses": 1884000000,
    "interestIncome": 6000000,
    "interestExpense": 94000000,
    "depreciationAndAmortization": 339000000,
    "ebitda": 757000000,
    "ebitdaratio": 0.3365940418,
    "operatingIncome": 365000000,
    "operatingIncomeRatio": 0.162294353,
    "totalOtherIncomeExpensesNet": -41000000,
    "incomeBeforeTax": 324000000,
    "incomeBeforeTaxRatio": 0.1440640285,
    "incomeTaxExpense": 112000000,
    "netIncome": 212000000,
    "netIncomeRatio": 0.0942641174,
    "eps": 0.42,
    "epsdiluted": 0.42,
    "weightedAverageShsOut": 505875000,
    "weightedAverageShsOutDil": 508056000,
    "link": "https://www.sec.gov/Archives/edgar/data/788784/000078878414000010/0000788784-14-000010-index.htm",
    "finalLink": "https://www.sec.gov/Archives/edgar/data/81033/000078878414000010/pseg-6302014xq2.htm"
  },
  {
    "date": "2014-03-31",
    "symbol": "PEG",
    "reportedCurrency": "USD",
    "cik": "0000788784",
    "fillingDate": "2014-05-02",
    "acceptedDate": "2014-05-01 19:13:49",
    "calendarYear": "2014",
    "period": "Q1",
    "revenue": 3223000000,
    "costOfRevenue": 2212000000,
    "grossProfit": 1011000000,
    "grossProfitRatio": 0.3136829041,
    "researchAndDevelopmentExpenses": 0,
    "generalAndAdministrativeExpenses": 0,
    "sellingAndMarketingExpenses": 0,
    "sellingGeneralAndAdministrativeExpenses": 0,
    "otherExpenses": 306000000,
    "operatingExpenses": 306000000,
    "costAndExpenses": 2518000000,
    "interestIncome": 6000000,
    "interestExpense": 97000000,
    "depreciationAndAmortization": 360000000,
    "ebitda": 1103000000,
    "ebitdaratio": 0.3422277381,
    "operatingIncome": 705000000,
    "operatingIncomeRatio": 0.2187403041,
    "totalOtherIncomeExpensesNet": -59000000,
    "incomeBeforeTax": 646000000,
    "incomeBeforeTaxRatio": 0.2004343779,
    "incomeTaxExpense": 260000000,
    "netIncome": 386000000,
    "netIncomeRatio": 0.1197641948,
    "eps": 0.76,
    "epsdiluted": 0.76,
    "weightedAverageShsOut": 506077000,
    "weightedAverageShsOutDil": 507831000,
    "link": "https://www.sec.gov/Archives/edgar/data/788784/000078878414000007/0000788784-14-000007-index.htm",
    "finalLink": "https://www.sec.gov/Archives/edgar/data/81033/000078878414000007/pseg-3312014xq1.htm"
  },
  {
    "date": "2013-12-31",
    "symbol": "PEG",
    "reportedCurrency": "USD",
    "cik": "0000788784",
    "fillingDate": "2014-02-26",
    "acceptedDate": "2014-02-26 17:26:36",
    "calendarYear": "2013",
    "period": "Q4",
    "revenue": 2318000000,
    "costOfRevenue": 1643000000,
    "grossProfit": 675000000,
    "grossProfitRatio": 0.2911993097,
    "researchAndDevelopmentExpenses": 0,
    "generalAndAdministrativeExpenses": 0,
    "sellingAndMarketingExpenses": 0,
    "sellingGeneralAndAdministrativeExpenses": 0,
    "otherExpenses": 310000000,
    "operatingExpenses": 310000000,
    "costAndExpenses": 1953000000,
    "interestIncome": 5000000,
    "interestExpense": 99000000,
    "depreciationAndAmortization": 339000000,
    "ebitda": 742000000,
    "ebitdaratio": 0.3201035375,
    "operatingIncome": 365000000,
    "operatingIncomeRatio": 0.1574633305,
    "totalOtherIncomeExpensesNet": -61000000,
    "incomeBeforeTax": 304000000,
    "incomeBeforeTaxRatio": 0.131147541,
    "incomeTaxExpense": 104000000,
    "netIncome": 200000000,
    "netIncomeRatio": 0.086281277,
    "eps": 0.4,
    "epsdiluted": 0.39,
    "weightedAverageShsOut": 505859000,
    "weightedAverageShsOutDil": 507796000,
    "link": "https://www.sec.gov/Archives/edgar/data/788784/000078878414000004/0000788784-14-000004-index.htm",
    "finalLink": "https://www.sec.gov/Archives/edgar/data/81033/000078878414000004/pseg201310k.htm"
  },
  {
    "date": "2013-09-30",
    "symbol": "PEG",
    "reportedCurrency": "USD",
    "cik": "0000788784",
    "fillingDate": "2013-10-31",
    "acceptedDate": "2013-10-30 18:34:23",
    "calendarYear": "2013",
    "period": "Q3",
    "revenue": 2554000000,
    "costOfRevenue": 1514000000,
    "grossProfit": 1040000000,
    "grossProfitRatio": 0.4072043853,
    "researchAndDevelopmentExpenses": 0,
    "generalAndAdministrativeExpenses": 0,
    "sellingAndMarketingExpenses": 0,
    "sellingGeneralAndAdministrativeExpenses": 0,
    "otherExpenses": 328000000,
    "operatingExpenses": 328000000,
    "costAndExpenses": 1842000000,
    "interestIncome": 7000000,
    "interestExpense": 100000000,
    "depreciationAndAmortization": 363000000,
    "ebitda": 1123000000,
    "ebitdaratio": 0.4397024276,
    "operatingIncome": 712000000,
    "operatingIncomeRatio": 0.2787783868,
    "totalOtherIncomeExpensesNet": -52000000,
    "incomeBeforeTax": 660000000,
    "incomeBeforeTaxRatio": 0.2584181676,
    "incomeTaxExpense": 270000000,
    "netIncome": 390000000,
    "netIncomeRatio": 0.1527016445,
    "eps": 0.77,
    "epsdiluted": 0.77,
    "weightedAverageShsOut": 505858000,
    "weightedAverageShsOutDil": 507694000,
    "link": "https://www.sec.gov/Archives/edgar/data/788784/000078878413000013/0000788784-13-000013-index.htm",
    "finalLink": "https://www.sec.gov/Archives/edgar/data/81033/000078878413000013/pseg-9302013xq3.htm"
  },
  {
    "date": "2013-06-30",
    "symbol": "PEG",
    "reportedCurrency": "USD",
    "cik": "0000788784",
    "fillingDate": "2013-07-30",
    "acceptedDate": "2013-07-30 17:32:04",
    "calendarYear": "2013",
    "period": "Q2",
    "revenue": 2310000000,
    "costOfRevenue": 1401000000,
    "grossProfit": 909000000,
    "grossProfitRatio": 0.3935064935,
    "researchAndDevelopmentExpenses": 0,
    "generalAndAdministrativeExpenses": 0,
    "sellingAndMarketingExpenses": 0,
    "sellingGeneralAndAdministrativeExpenses": 0,
    "otherExpenses": 297000000,
    "operatingExpenses": 297000000,
    "costAndExpenses": 1698000000,
    "interestIncome": 5000000,
    "interestExpense": 101000000,
    "depreciationAndAmortization": 328000000,
    "ebitda": 980000000,
    "ebitdaratio": 0.4242424242,
    "operatingIncome": 612000000,
    "operatingIncomeRatio": 0.2649350649,
    "totalOtherIncomeExpensesNet": -61000000,
    "incomeBeforeTax": 551000000,
    "incomeBeforeTaxRatio": 0.2385281385,
    "incomeTaxExpense": 218000000,
    "netIncome": 333000000,
    "netIncomeRatio": 0.1441558442,
    "eps": 0.66,
    "epsdiluted": 0.66,
    "weightedAverageShsOut": 505900000,
    "weightedAverageShsOutDil": 507381000,
    "link": "https://www.sec.gov/Archives/edgar/data/788784/000078878413000010/0000788784-13-000010-index.htm",
    "finalLink": "https://www.sec.gov/Archives/edgar/data/81033/000078878413000010/pseg-6302013xq2.htm"
  },
  {
    "date": "2013-03-31",
    "symbol": "PEG",
    "reportedCurrency": "USD",
    "cik": "0000788784",
    "fillingDate": "2013-05-01",
    "acceptedDate": "2013-04-30 18:07:26",
    "calendarYear": "2013",
    "period": "Q1",
    "revenue": 2786000000,
    "costOfRevenue": 1865000000,
    "grossProfit": 921000000,
    "grossProfitRatio": 0.3305814788,
    "researchAndDevelopmentExpenses": 0,
    "generalAndAdministrativeExpenses": 0,
    "sellingAndMarketingExpenses": 0,
    "sellingGeneralAndAdministrativeExpenses": 0,
    "otherExpenses": 311000000,
    "operatingExpenses": 311000000,
    "costAndExpenses": 2176000000,
    "interestIncome": 6000000,
    "interestExpense": 102000000,
    "depreciationAndAmortization": 340000000,
    "ebitda": 982000000,
    "ebitdaratio": 0.3524766691,
    "operatingIncome": 610000000,
    "operatingIncomeRatio": 0.2189519024,
    "totalOtherIncomeExpensesNet": -70000000,
    "incomeBeforeTax": 540000000,
    "incomeBeforeTaxRatio": 0.1938262742,
    "incomeTaxExpense": 220000000,
    "netIncome": 320000000,
    "netIncomeRatio": 0.1148600144,
    "eps": 0.63,
    "epsdiluted": 0.63,
    "weightedAverageShsOut": 505942000,
    "weightedAverageShsOutDil": 507220000,
    "link": "https://www.sec.gov/Archives/edgar/data/788784/000078878413000007/0000788784-13-000007-index.htm",
    "finalLink": "https://www.sec.gov/Archives/edgar/data/81033/000078878413000007/pseg-3312013xq1.htm"
  },
  {
    "date": "2012-12-31",
    "symbol": "PEG",
    "reportedCurrency": "USD",
    "cik": "0000788784",
    "fillingDate": "2013-02-26",
    "acceptedDate": "2013-02-25 21:47:38",
    "calendarYear": "2012",
    "period": "Q4",
    "revenue": 2406000000,
    "costOfRevenue": 3532000000,
    "grossProfit": -1126000000,
    "grossProfitRatio": -0.467996675,
    "researchAndDevelopmentExpenses": 0,
    "generalAndAdministrativeExpenses": 0,
    "sellingAndMarketingExpenses": 0,
    "sellingGeneralAndAdministrativeExpenses": 0,
    "otherExpenses": -1594000000,
    "operatingExpenses": -1594000000,
    "costAndExpenses": 1938000000,
    "interestIncome": 0,
    "interestExpense": 113000000,
    "depreciationAndAmortization": 430000000,
    "ebitda": 904000000,
    "ebitdaratio": 0.3757273483,
    "operatingIncome": 468000000,
    "operatingIncomeRatio": 0.1945137157,
    "totalOtherIncomeExpensesNet": -107000000,
    "incomeBeforeTax": 361000000,
    "incomeBeforeTaxRatio": 0.1500415628,
    "incomeTaxExpense": 137000000,
    "netIncome": 224000000,
    "netIncomeRatio": 0.0931005819,
    "eps": 0.44,
    "epsdiluted": 0.44,
    "weightedAverageShsOut": 505942000,
    "weightedAverageShsOutDil": 505942000,
    "link": "https://www.sec.gov/Archives/edgar/data/788784/000078878413000003/0000788784-13-000003-index.htm",
    "finalLink": "https://www.sec.gov/Archives/edgar/data/81033/000078878413000003/pseg201210k.htm"
  },
  {
    "date": "2012-09-30",
    "symbol": "PEG",
    "reportedCurrency": "USD",
    "cik": "0000788784",
    "fillingDate": "2012-11-02",
    "acceptedDate": "2012-11-02 14:56:25",
    "calendarYear": "2012",
    "period": "Q3",
    "revenue": 2402000000,
    "costOfRevenue": 879000000,
    "grossProfit": 1523000000,
    "grossProfitRatio": 0.6340549542,
    "researchAndDevelopmentExpenses": 0,
    "generalAndAdministrativeExpenses": 0,
    "sellingAndMarketingExpenses": 0,
    "sellingGeneralAndAdministrativeExpenses": 0,
    "otherExpenses": 310000000,
    "operatingExpenses": 310000000,
    "costAndExpenses": 1808000000,
    "interestIncome": 5000000,
    "interestExpense": 106000000,
    "depreciationAndAmortization": 331000000,
    "ebitda": 1025000000,
    "ebitdaratio": 0.4267277269,
    "operatingIncome": 594000000,
    "operatingIncomeRatio": 0.2472939217,
    "totalOtherIncomeExpensesNet": -6000000,
    "incomeBeforeTax": 588000000,
    "incomeBeforeTaxRatio": 0.2447960033,
    "incomeTaxExpense": 241000000,
    "netIncome": 347000000,
    "netIncomeRatio": 0.1444629475,
    "eps": 0.69,
    "epsdiluted": 0.68,
    "weightedAverageShsOut": 505914000,
    "weightedAverageShsOutDil": 507111000,
    "link": "https://www.sec.gov/Archives/edgar/data/788784/000078878412000003/0000788784-12-000003-index.htm",
    "finalLink": "https://www.sec.gov/Archives/edgar/data/81033/000078878412000003/pseg-9302012xq3.htm"
  },
  {
    "date": "2012-06-30",
    "symbol": "PEG",
    "reportedCurrency": "USD",
    "cik": "0000788784",
    "fillingDate": "2012-08-02",
    "acceptedDate": "2012-08-02 17:05:04",
    "calendarYear": "2012",
    "period": "Q2",
    "revenue": 2098000000,
    "costOfRevenue": 761000000,
    "grossProfit": 1337000000,
    "grossProfitRatio": 0.6372735939,
    "researchAndDevelopmentExpenses": 0,
    "generalAndAdministrativeExpenses": 0,
    "sellingAndMarketingExpenses": 0,
    "sellingGeneralAndAdministrativeExpenses": 0,
    "otherExpenses": 275000000,
    "operatingExpenses": 275000000,
    "costAndExpenses": 1665000000,
    "interestIncome": 4000000,
    "interestExpense": 103000000,
    "depreciationAndAmortization": 296000000,
    "ebitda": 756000000,
    "ebitdaratio": 0.360343184,
    "operatingIncome": 433000000,
    "operatingIncomeRatio": 0.2063870353,
    "totalOtherIncomeExpensesNet": -76000000,
    "incomeBeforeTax": 357000000,
    "incomeBeforeTaxRatio": 0.1701620591,
    "incomeTaxExpense": 146000000,
    "netIncome": 211000000,
    "netIncomeRatio": 0.1005719733,
    "eps": 0.42,
    "epsdiluted": 0.42,
    "weightedAverageShsOut": 505903000,
    "weightedAverageShsOutDil": 506969000,
    "link": "https://www.sec.gov/Archives/edgar/data/788784/000119312512332159/0001193125-12-332159-index.htm",
    "finalLink": "https://www.sec.gov/Archives/edgar/data/81033/000119312512332159/d361520d10q.htm"
  },
  {
    "date": "2012-03-31",
    "symbol": "PEG",
    "reportedCurrency": "USD",
    "cik": "0000788784",
    "fillingDate": "2012-05-02",
    "acceptedDate": "2012-05-02 17:26:38",
    "calendarYear": "2012",
    "period": "Q1",
    "revenue": 2875000000,
    "costOfRevenue": 1179000000,
    "grossProfit": 1696000000,
    "grossProfitRatio": 0.5899130435,
    "researchAndDevelopmentExpenses": 0,
    "generalAndAdministrativeExpenses": 0,
    "sellingAndMarketingExpenses": 0,
    "sellingGeneralAndAdministrativeExpenses": 0,
    "otherExpenses": 285000000,
    "operatingExpenses": 285000000,
    "costAndExpenses": 2092000000,
    "interestIncome": 4000000,
    "interestExpense": 101000000,
    "depreciationAndAmortization": 299000000,
    "ebitda": 1105000000,
    "ebitdaratio": 0.3843478261,
    "operatingIncome": 783000000,
    "operatingIncomeRatio": 0.2723478261,
    "totalOtherIncomeExpensesNet": -78000000,
    "incomeBeforeTax": 705000000,
    "incomeBeforeTaxRatio": 0.2452173913,
    "incomeTaxExpense": 212000000,
    "netIncome": 493000000,
    "netIncomeRatio": 0.1714782609,
    "eps": 0.97,
    "epsdiluted": 0.97,
    "weightedAverageShsOut": 506010000,
    "weightedAverageShsOutDil": 507029000,
    "link": "https://www.sec.gov/Archives/edgar/data/788784/000119312512205116/0001193125-12-205116-index.htm",
    "finalLink": "https://www.sec.gov/Archives/edgar/data/81033/000119312512205116/d320289d10q.htm"
  },
  {
    "date": "2011-12-31",
    "symbol": "PEG",
    "reportedCurrency": "USD",
    "cik": "0000788784",
    "fillingDate": "2012-02-27",
    "acceptedDate": "2012-02-27 16:50:41",
    "calendarYear": "2011",
    "period": "Q4",
    "revenue": 2636000000,
    "costOfRevenue": 1007000000,
    "grossProfit": 1629000000,
    "grossProfitRatio": 0.6179817906,
    "researchAndDevelopmentExpenses": 0,
    "generalAndAdministrativeExpenses": 0,
    "sellingAndMarketingExpenses": 0,
    "sellingGeneralAndAdministrativeExpenses": 0,
    "otherExpenses": 920000000,
    "operatingExpenses": 920000000,
    "costAndExpenses": 1927000000,
    "interestIncome": 43000000,
    "interestExpense": 114000000,
    "depreciationAndAmortization": 237000000,
    "ebitda": 931000000,
    "ebitdaratio": 0.3531866464,
    "operatingIncome": 709000000,
    "operatingIncomeRatio": 0.2689681335,
    "totalOtherIncomeExpensesNet": -129000000,
    "incomeBeforeTax": 580000000,
    "incomeBeforeTaxRatio": 0.220030349,
    "incomeTaxExpense": 220000000,
    "netIncome": 360000000,
    "netIncomeRatio": 0.1365705615,
    "eps": 0.71,
    "epsdiluted": 0.71,
    "weightedAverageShsOut": 505919000,
    "weightedAverageShsOutDil": 506010000,
    "link": "https://www.sec.gov/Archives/edgar/data/788784/000119312512081813/0001193125-12-081813-index.htm",
    "finalLink": "https://www.sec.gov/Archives/edgar/data/81033/000119312512081813/d257198d10k.htm"
  },
  {
    "date": "2011-09-30",
    "symbol": "PEG",
    "reportedCurrency": "USD",
    "cik": "0000788784",
    "fillingDate": "2011-11-01",
    "acceptedDate": "2011-11-01 17:26:16",
    "calendarYear": "2011",
    "period": "Q3",
    "revenue": 2620000000,
    "costOfRevenue": 1167000000,
    "grossProfit": 1453000000,
    "grossProfitRatio": 0.5545801527,
    "researchAndDevelopmentExpenses": 0,
    "generalAndAdministrativeExpenses": 0,
    "sellingAndMarketingExpenses": 0,
    "sellingGeneralAndAdministrativeExpenses": 0,
    "otherExpenses": 897000000,
    "operatingExpenses": 897000000,
    "costAndExpenses": 2064000000,
    "interestIncome": 36000000,
    "interestExpense": 117000000,
    "depreciationAndAmortization": 262000000,
    "ebitda": 846000000,
    "ebitdaratio": 0.3229007634,
    "operatingIncome": 556000000,
    "operatingIncomeRatio": 0.2122137405,
    "totalOtherIncomeExpensesNet": -90000000,
    "incomeBeforeTax": 466000000,
    "incomeBeforeTaxRatio": 0.1778625954,
    "incomeTaxExpense": 201000000,
    "netIncome": 294000000,
    "netIncomeRatio": 0.1122137405,
    "eps": 0.58,
    "epsdiluted": 0.58,
    "weightedAverageShsOut": 505909000,
    "weightedAverageShsOutDil": 506999000,
    "link": "https://www.sec.gov/Archives/edgar/data/788784/000119312511290949/0001193125-11-290949-index.htm",
    "finalLink": "https://www.sec.gov/Archives/edgar/data/81033/000119312511290949/d232218d10q.htm"
  },
  {
    "date": "2011-06-30",
    "symbol": "PEG",
    "reportedCurrency": "USD",
    "cik": "0000788784",
    "fillingDate": "2011-08-03",
    "acceptedDate": "2011-08-03 15:37:18",
    "calendarYear": "2011",
    "period": "Q2",
    "revenue": 2469000000,
    "costOfRevenue": 1010000000,
    "grossProfit": 1459000000,
    "grossProfitRatio": 0.590927501,
    "researchAndDevelopmentExpenses": 0,
    "generalAndAdministrativeExpenses": 0,
    "sellingAndMarketingExpenses": 0,
    "sellingGeneralAndAdministrativeExpenses": 0,
    "otherExpenses": 838000000,
    "operatingExpenses": 838000000,
    "costAndExpenses": 1848000000,
    "interestIncome": 50000000,
    "interestExpense": 117000000,
    "depreciationAndAmortization": 238000000,
    "ebitda": 902000000,
    "ebitdaratio": 0.3653300932,
    "operatingIncome": 621000000,
    "operatingIncomeRatio": 0.2515188335,
    "totalOtherIncomeExpensesNet": -74000000,
    "incomeBeforeTax": 547000000,
    "incomeBeforeTaxRatio": 0.2215471851,
    "incomeTaxExpense": 227000000,
    "netIncome": 323000000,
    "netIncomeRatio": 0.1308221952,
    "eps": 0.63,
    "epsdiluted": 0.63,
    "weightedAverageShsOut": 505988000,
    "weightedAverageShsOutDil": 506761000,
    "link": "https://www.sec.gov/Archives/edgar/data/788784/000119312511208082/0001193125-11-208082-index.htm",
    "finalLink": "https://www.sec.gov/Archives/edgar/data/81033/000119312511208082/d10q.htm"
  },
  {
    "date": "2011-03-31",
    "symbol": "PEG",
    "reportedCurrency": "USD",
    "cik": "0000788784",
    "fillingDate": "2011-05-05",
    "acceptedDate": "2011-05-05 16:40:59",
    "calendarYear": "2011",
    "period": "Q1",
    "revenue": 3354000000,
    "costOfRevenue": 1563000000,
    "grossProfit": 1791000000,
    "grossProfitRatio": 0.5339892665,
    "researchAndDevelopmentExpenses": 0,
    "generalAndAdministrativeExpenses": 0,
    "sellingAndMarketingExpenses": 0,
    "sellingGeneralAndAdministrativeExpenses": 0,
    "otherExpenses": 935000000,
    "operatingExpenses": 935000000,
    "costAndExpenses": 2498000000,
    "interestIncome": 71000000,
    "interestExpense": 127000000,
    "depreciationAndAmortization": 245000000,
    "ebitda": 1163000000,
    "ebitdaratio": 0.3467501491,
    "operatingIncome": 856000000,
    "operatingIncomeRatio": 0.2552176506,
    "totalOtherIncomeExpensesNet": -65000000,
    "incomeBeforeTax": 791000000,
    "incomeBeforeTaxRatio": 0.2358378056,
    "incomeTaxExpense": 329000000,
    "netIncome": 526000000,
    "netIncomeRatio": 0.1568276685,
    "eps": 1.04,
    "epsdiluted": 1.04,
    "weightedAverageShsOut": 505979000,
    "weightedAverageShsOutDil": 507132000,
    "link": "https://www.sec.gov/Archives/edgar/data/788784/000119312511128596/0001193125-11-128596-index.htm",
    "finalLink": "https://www.sec.gov/Archives/edgar/data/81033/000119312511128596/d10q.htm"
  },
  {
    "date": "2010-12-31",
    "symbol": "PEG",
    "reportedCurrency": "USD",
    "cik": "0000788784",
    "fillingDate": "2011-02-25",
    "acceptedDate": "2011-02-25 15:45:24",
    "calendarYear": "2010",
    "period": "Q4",
    "revenue": 2404000000,
    "costOfRevenue": 991000000,
    "grossProfit": 1413000000,
    "grossProfitRatio": 0.5877703827,
    "researchAndDevelopmentExpenses": 0,
    "generalAndAdministrativeExpenses": 0,
    "sellingAndMarketingExpenses": 0,
    "sellingGeneralAndAdministrativeExpenses": 0,
    "otherExpenses": 849000000,
    "operatingExpenses": 849000000,
    "costAndExpenses": 1840000000,
    "interestIncome": 0,
    "interestExpense": 116000000,
    "depreciationAndAmortization": 142000000,
    "ebitda": 809000000,
    "ebitdaratio": 0.3365224626,
    "operatingIncome": 564000000,
    "operatingIncomeRatio": 0.234608985,
    "totalOtherIncomeExpensesNet": -96000000,
    "incomeBeforeTax": 468000000,
    "incomeBeforeTaxRatio": 0.1946755408,
    "incomeTaxExpense": 193000000,
    "netIncome": 282000000,
    "netIncomeRatio": 0.1173044925,
    "eps": 0.56,
    "epsdiluted": 0.56,
    "weightedAverageShsOut": 505937000,
    "weightedAverageShsOutDil": 505979000,
    "link": "https://www.sec.gov/Archives/edgar/data/788784/000119312511047330/0001193125-11-047330-index.htm",
    "finalLink": "https://www.sec.gov/Archives/edgar/data/81033/000119312511047330/d10k.htm"
  },
  {
    "date": "2010-09-30",
    "symbol": "PEG",
    "reportedCurrency": "USD",
    "cik": "0000788784",
    "fillingDate": "2010-10-29",
    "acceptedDate": "2010-10-29 17:04:22",
    "calendarYear": "2010",
    "period": "Q3",
    "revenue": 3254000000,
    "costOfRevenue": 1355000000,
    "grossProfit": 1899000000,
    "grossProfitRatio": 0.5835894284,
    "researchAndDevelopmentExpenses": 0,
    "generalAndAdministrativeExpenses": 0,
    "sellingAndMarketingExpenses": 0,
    "sellingGeneralAndAdministrativeExpenses": 0,
    "otherExpenses": 882000000,
    "operatingExpenses": 882000000,
    "costAndExpenses": 2143000000,
    "interestIncome": 35000000,
    "interestExpense": 120000000,
    "depreciationAndAmortization": 265000000,
    "ebitda": 1303000000,
    "ebitdaratio": 0.4004302397,
    "operatingIncome": 971000000,
    "operatingIncomeRatio": 0.2984019668,
    "totalOtherIncomeExpensesNet": -53000000,
    "incomeBeforeTax": 949000000,
    "incomeBeforeTaxRatio": 0.2916410572,
    "incomeTaxExpense": 382000000,
    "netIncome": 567000000,
    "netIncomeRatio": 0.1742470805,
    "eps": 1.12,
    "epsdiluted": 1.12,
    "weightedAverageShsOut": 505945000,
    "weightedAverageShsOutDil": 506968000,
    "link": "https://www.sec.gov/Archives/edgar/data/788784/000119312510241339/0001193125-10-241339-index.htm",
    "finalLink": "https://www.sec.gov/Archives/edgar/data/81033/000119312510241339/d10q.htm"
  },
  {
    "date": "2010-06-30",
    "symbol": "PEG",
    "reportedCurrency": "USD",
    "cik": "0000788784",
    "fillingDate": "2010-07-30",
    "acceptedDate": "2010-07-30 16:58:11",
    "calendarYear": "2010",
    "period": "Q2",
    "revenue": 2361000000,
    "costOfRevenue": 1072000000,
    "grossProfit": 1289000000,
    "grossProfitRatio": 0.5459551038,
    "researchAndDevelopmentExpenses": 0,
    "generalAndAdministrativeExpenses": 0,
    "sellingAndMarketingExpenses": 0,
    "sellingGeneralAndAdministrativeExpenses": 0,
    "otherExpenses": 858000000,
    "operatingExpenses": 858000000,
    "costAndExpenses": 1930000000,
    "interestIncome": 42000000,
    "interestExpense": 120000000,
    "depreciationAndAmortization": 233000000,
    "ebitda": 699000000,
    "ebitdaratio": 0.2960609911,
    "operatingIncome": 431000000,
    "operatingIncomeRatio": 0.182549767,
    "totalOtherIncomeExpensesNet": -85000000,
    "incomeBeforeTax": 346000000,
    "incomeBeforeTaxRatio": 0.1465480729,
    "incomeTaxExpense": 124000000,
    "netIncome": 224000000,
    "netIncomeRatio": 0.0948750529,
    "eps": 0.44,
    "epsdiluted": 0.44,
    "weightedAverageShsOut": 506109000,
    "weightedAverageShsOutDil": 507091000,
    "link": "https://www.sec.gov/Archives/edgar/data/788784/000119312510172309/0001193125-10-172309-index.htm",
    "finalLink": "https://www.sec.gov/Archives/edgar/data/81033/000119312510172309/d10q.htm"
  },
  {
    "date": "2010-03-31",
    "symbol": "PEG",
    "reportedCurrency": "USD",
    "cik": "0000788784",
    "fillingDate": "2010-05-06",
    "acceptedDate": "2010-05-06 12:58:47",
    "calendarYear": "2010",
    "period": "Q1",
    "revenue": 3680000000,
    "costOfRevenue": 1768000000,
    "grossProfit": 1912000000,
    "grossProfitRatio": 0.5195652174,
    "researchAndDevelopmentExpenses": 0,
    "generalAndAdministrativeExpenses": 0,
    "sellingAndMarketingExpenses": 0,
    "sellingGeneralAndAdministrativeExpenses": 0,
    "otherExpenses": 939000000,
    "operatingExpenses": 939000000,
    "costAndExpenses": 2627000000,
    "interestIncome": 38000000,
    "interestExpense": 116000000,
    "depreciationAndAmortization": 232000000,
    "ebitda": 1207000000,
    "ebitdaratio": 0.3279891304,
    "operatingIncome": 946000000,
    "operatingIncomeRatio": 0.2570652174,
    "totalOtherIncomeExpensesNet": -99000000,
    "incomeBeforeTax": 847000000,
    "incomeBeforeTaxRatio": 0.2301630435,
    "incomeTaxExpense": 356000000,
    "netIncome": 491000000,
    "netIncomeRatio": 0.133423913,
    "eps": 0.97,
    "epsdiluted": 0.97,
    "weightedAverageShsOut": 505950000,
    "weightedAverageShsOutDil": 507147000,
    "link": "https://www.sec.gov/Archives/edgar/data/788784/000119312510110439/0001193125-10-110439-index.htm",
    "finalLink": "https://www.sec.gov/Archives/edgar/data/81033/000119312510110439/d10q.htm"
  },
  {
    "date": "2009-12-31",
    "symbol": "PEG",
    "reportedCurrency": "USD",
    "cik": "0000788784",
    "fillingDate": "2010-02-25",
    "acceptedDate": "2010-02-25 15:10:11",
    "calendarYear": "2009",
    "period": "Q4",
    "revenue": 2883000000,
    "costOfRevenue": 1335000000,
    "grossProfit": 1548000000,
    "grossProfitRatio": 0.5369406868,
    "researchAndDevelopmentExpenses": 0,
    "generalAndAdministrativeExpenses": 0,
    "sellingAndMarketingExpenses": 0,
    "sellingGeneralAndAdministrativeExpenses": 0,
    "otherExpenses": 915000000,
    "operatingExpenses": 915000000,
    "costAndExpenses": 2250000000,
    "interestIncome": 0,
    "interestExpense": 120000000,
    "depreciationAndAmortization": 325000000,
    "ebitda": 957000000,
    "ebitdaratio": 0.3319458897,
    "operatingIncome": 633000000,
    "operatingIncomeRatio": 0.2195629553,
    "totalOtherIncomeExpensesNet": -121000000,
    "incomeBeforeTax": 512000000,
    "incomeBeforeTaxRatio": 0.1775927853,
    "incomeTaxExpense": 163000000,
    "netIncome": 349000000,
    "netIncomeRatio": 0.1210544572,
    "eps": 0.69,
    "epsdiluted": 0.69,
    "weightedAverageShsOut": 505950000,
    "weightedAverageShsOutDil": 505950000,
    "link": "https://www.sec.gov/Archives/edgar/data/788784/000119312510040508/0001193125-10-040508-index.htm",
    "finalLink": "https://www.sec.gov/Archives/edgar/data/81033/000119312510040508/d10k.htm"
  },
  {
    "date": "2009-09-30",
    "symbol": "PEG",
    "reportedCurrency": "USD",
    "cik": "0000788784",
    "fillingDate": "2009-10-30",
    "acceptedDate": "2009-10-30 17:24:17",
    "calendarYear": "2009",
    "period": "Q3",
    "revenue": 3039000000,
    "costOfRevenue": 1241000000,
    "grossProfit": 1798000000,
    "grossProfitRatio": 0.5916419875,
    "researchAndDevelopmentExpenses": 0,
    "generalAndAdministrativeExpenses": 0,
    "sellingAndMarketingExpenses": 0,
    "sellingGeneralAndAdministrativeExpenses": 0,
    "otherExpenses": 875000000,
    "operatingExpenses": 875000000,
    "costAndExpenses": 2116000000,
    "interestIncome": 0,
    "interestExpense": 129000000,
    "depreciationAndAmortization": 255000000,
    "ebitda": 1209000000,
    "ebitdaratio": 0.397828233,
    "operatingIncome": 924000000,
    "operatingIncomeRatio": 0.304047384,
    "totalOtherIncomeExpensesNet": -99000000,
    "incomeBeforeTax": 825000000,
    "incomeBeforeTaxRatio": 0.2714708786,
    "incomeTaxExpense": 337000000,
    "netIncome": 488000000,
    "netIncomeRatio": 0.1605791379,
    "eps": 0.96,
    "epsdiluted": 0.96,
    "weightedAverageShsOut": 505988000,
    "weightedAverageShsOutDil": 506812000,
    "link": "https://www.sec.gov/Archives/edgar/data/788784/000093041309005485/0000930413-09-005485-index.htm",
    "finalLink": "https://www.sec.gov/Archives/edgar/data/81033/000093041309005485/c58983_10q.htm"
  },
  {
    "date": "2009-06-30",
    "symbol": "PEG",
    "reportedCurrency": "USD",
    "cik": "0000788784",
    "fillingDate": "2009-08-03",
    "acceptedDate": "2009-07-31 20:31:39",
    "calendarYear": "2009",
    "period": "Q2",
    "revenue": 2561000000,
    "costOfRevenue": 1695000000,
    "grossProfit": 866000000,
    "grossProfitRatio": 0.3381491605,
    "researchAndDevelopmentExpenses": 0,
    "generalAndAdministrativeExpenses": 0,
    "sellingAndMarketingExpenses": 0,
    "sellingGeneralAndAdministrativeExpenses": 0,
    "otherExpenses": 856000000,
    "operatingExpenses": 856000000,
    "costAndExpenses": 1923000000,
    "interestIncome": 0,
    "interestExpense": 133000000,
    "depreciationAndAmortization": 231000000,
    "ebitda": 915000000,
    "ebitdaratio": 0.3572823116,
    "operatingIncome": 637000000,
    "operatingIncomeRatio": 0.2487309645,
    "totalOtherIncomeExpensesNet": -86000000,
    "incomeBeforeTax": 551000000,
    "incomeBeforeTaxRatio": 0.2151503319,
    "incomeTaxExpense": 240000000,
    "netIncome": 311000000,
    "netIncomeRatio": 0.1214369387,
    "eps": 0.61,
    "epsdiluted": 0.61,
    "weightedAverageShsOut": 505990000,
    "weightedAverageShsOutDil": 506936000,
    "link": "https://www.sec.gov/Archives/edgar/data/788784/000093041309003976/0000930413-09-003976-index.htm",
    "finalLink": "https://www.sec.gov/Archives/edgar/data/81033/000093041309003976/c58378_10q.htm"
  },
  {
    "date": "2009-03-31",
    "symbol": "PEG",
    "reportedCurrency": "USD",
    "cik": "0000788784",
    "fillingDate": "2009-05-06",
    "acceptedDate": "2009-05-05 21:52:27",
    "calendarYear": "2009",
    "period": "Q1",
    "revenue": 3921000000,
    "costOfRevenue": 2068000000,
    "grossProfit": 1853000000,
    "grossProfitRatio": 0.4725835246,
    "researchAndDevelopmentExpenses": 0,
    "generalAndAdministrativeExpenses": 0,
    "sellingAndMarketingExpenses": 0,
    "sellingGeneralAndAdministrativeExpenses": 0,
    "otherExpenses": 925000000,
    "operatingExpenses": 925000000,
    "costAndExpenses": 2993000000,
    "interestIncome": 0,
    "interestExpense": 145000000,
    "depreciationAndAmortization": 236000000,
    "ebitda": 1129000000,
    "ebitdaratio": 0.2879367508,
    "operatingIncome": 927000000,
    "operatingIncomeRatio": 0.2364192808,
    "totalOtherIncomeExpensesNet": -179000000,
    "incomeBeforeTax": 748000000,
    "incomeBeforeTaxRatio": 0.1907676613,
    "incomeTaxExpense": 304000000,
    "netIncome": 444000000,
    "netIncomeRatio": 0.1132364193,
    "eps": 0.88,
    "epsdiluted": 0.88,
    "weightedAverageShsOut": 505986000,
    "weightedAverageShsOutDil": 506548000,
    "link": "https://www.sec.gov/Archives/edgar/data/788784/000093041309002474/0000930413-09-002474-index.htm",
    "finalLink": "https://www.sec.gov/Archives/edgar/data/81033/000093041309002474/c57480_10q.htm"
  },
  {
    "date": "2008-12-31",
    "symbol": "PEG",
    "reportedCurrency": "USD",
    "cik": "0000788784",
    "fillingDate": "2009-02-26",
    "acceptedDate": "2009-02-26 17:27:22",
    "calendarYear": "2008",
    "period": "Q4",
    "revenue": 3262000000,
    "costOfRevenue": 1743000000,
    "grossProfit": 1519000000,
    "grossProfitRatio": 0.4656652361,
    "researchAndDevelopmentExpenses": 0,
    "generalAndAdministrativeExpenses": 0,
    "sellingAndMarketingExpenses": 0,
    "sellingGeneralAndAdministrativeExpenses": 0,
    "otherExpenses": 859000000,
    "operatingExpenses": 859000000,
    "costAndExpenses": 2602000000,
    "interestIncome": 0,
    "interestExpense": 0,
    "depreciationAndAmortization": 194000000,
    "ebitda": 855000000,
    "ebitdaratio": 0.2621091355,
    "operatingIncome": 660000000,
    "operatingIncomeRatio": 0.202329859,
    "totalOtherIncomeExpensesNet": -276000000,
    "incomeBeforeTax": 384000000,
    "incomeBeforeTaxRatio": 0.1177191907,
    "incomeTaxExpense": 146000000,
    "netIncome": 235000000,
    "netIncomeRatio": 0.0720416922,
    "eps": 0.46,
    "epsdiluted": 0.46,
    "weightedAverageShsOut": 505986000,
    "weightedAverageShsOutDil": 505986000,
    "link": "https://www.sec.gov/Archives/edgar/data/788784/000093041309001045/0000930413-09-001045-index.htm",
    "finalLink": "https://www.sec.gov/Archives/edgar/data/81033/000093041309001045/c56713_10k.htm"
  },
  {
    "date": "2008-09-30",
    "symbol": "PEG",
    "reportedCurrency": "USD",
    "cik": "0000788784",
    "fillingDate": "2008-10-31",
    "acceptedDate": "2008-10-31 17:30:28",
    "calendarYear": "2008",
    "period": "Q3",
    "revenue": 3718000000,
    "costOfRevenue": 1899000000,
    "grossProfit": 1819000000,
    "grossProfitRatio": 0.4892415277,
    "researchAndDevelopmentExpenses": 0,
    "generalAndAdministrativeExpenses": 0,
    "sellingAndMarketingExpenses": 0,
    "sellingGeneralAndAdministrativeExpenses": 0,
    "otherExpenses": 854000000,
    "operatingExpenses": 854000000,
    "costAndExpenses": 2753000000,
    "interestIncome": 0,
    "interestExpense": 149000000,
    "depreciationAndAmortization": 164000000,
    "ebitda": 1173000000,
    "ebitdaratio": 0.3154922001,
    "operatingIncome": 965000000,
    "operatingIncomeRatio": 0.2595481442,
    "totalOtherIncomeExpensesNet": -155000000,
    "incomeBeforeTax": 810000000,
    "incomeBeforeTaxRatio": 0.217859064,
    "incomeTaxExpense": 334000000,
    "netIncome": 656000000,
    "netIncomeRatio": 0.1764389457,
    "eps": 1.29,
    "epsdiluted": 1.29,
    "weightedAverageShsOut": 507724000,
    "weightedAverageShsOutDil": 508326000,
    "link": "https://www.sec.gov/Archives/edgar/data/788784/000093041308006282/0000930413-08-006282-index.htm",
    "finalLink": "https://www.sec.gov/Archives/edgar/data/81033/000093041308006282/c55441_10q.htm"
  },
  {
    "date": "2008-06-30",
    "symbol": "PEG",
    "reportedCurrency": "USD",
    "cik": "0000788784",
    "fillingDate": "2008-08-04",
    "acceptedDate": "2008-08-01 21:37:21",
    "calendarYear": "2008",
    "period": "Q2",
    "revenue": 2561000000,
    "costOfRevenue": 1540000000,
    "grossProfit": 1021000000,
    "grossProfitRatio": 0.3986723936,
    "researchAndDevelopmentExpenses": 0,
    "generalAndAdministrativeExpenses": 0,
    "sellingAndMarketingExpenses": 0,
    "sellingGeneralAndAdministrativeExpenses": 0,
    "otherExpenses": 838000000,
    "operatingExpenses": 838000000,
    "costAndExpenses": 2373000000,
    "interestIncome": 0,
    "interestExpense": 146000000,
    "depreciationAndAmortization": 218000000,
    "ebitda": 411000000,
    "ebitdaratio": 0.1604841859,
    "operatingIncome": 177000000,
    "operatingIncomeRatio": 0.0691136275,
    "totalOtherIncomeExpensesNet": -130000000,
    "incomeBeforeTax": 48000000,
    "incomeBeforeTaxRatio": 0.0187426786,
    "incomeTaxExpense": 214000000,
    "netIncome": -150000000,
    "netIncomeRatio": -0.0585708708,
    "eps": -0.29,
    "epsdiluted": -0.29,
    "weightedAverageShsOut": 508491000,
    "weightedAverageShsOutDil": 509487000,
    "link": "https://www.sec.gov/Archives/edgar/data/788784/000093041308004616/0000930413-08-004616-index.htm",
    "finalLink": "https://www.sec.gov/Archives/edgar/data/81033/000093041308004616/c54440_10q.htm"
  },
  {
    "date": "2008-03-31",
    "symbol": "PEG",
    "reportedCurrency": "USD",
    "cik": "0000788784",
    "fillingDate": "2008-05-07",
    "acceptedDate": "2008-05-06 21:59:12",
    "calendarYear": "2008",
    "period": "Q1",
    "revenue": 3803000000,
    "costOfRevenue": 2124000000,
    "grossProfit": 1679000000,
    "grossProfitRatio": 0.4414935577,
    "researchAndDevelopmentExpenses": 0,
    "generalAndAdministrativeExpenses": 0,
    "sellingAndMarketingExpenses": 0,
    "sellingGeneralAndAdministrativeExpenses": 0,
    "otherExpenses": 862000000,
    "operatingExpenses": 862000000,
    "costAndExpenses": 2981000000,
    "interestIncome": 0,
    "interestExpense": 153000000,
    "depreciationAndAmortization": 217000000,
    "ebitda": 1038000000,
    "ebitdaratio": 0.2729424139,
    "operatingIncome": 811000000,
    "operatingIncomeRatio": 0.2132526952,
    "totalOtherIncomeExpensesNet": -143000000,
    "incomeBeforeTax": 668000000,
    "incomeBeforeTaxRatio": 0.175650802,
    "incomeTaxExpense": 234000000,
    "netIncome": 448000000,
    "netIncomeRatio": 0.1178017355,
    "eps": 0.88,
    "epsdiluted": 0.88,
    "weightedAverageShsOut": 508490000,
    "weightedAverageShsOutDil": 510107000,
    "link": "https://www.sec.gov/Archives/edgar/data/788784/000093041308002872/0000930413-08-002872-index.htm",
    "finalLink": "https://www.sec.gov/Archives/edgar/data/81033/000093041308002872/c53412_10q.htm"
  },
  {
    "date": "2007-12-31",
    "symbol": "PEG",
    "reportedCurrency": "USD",
    "cik": "0000788784",
    "fillingDate": "2008-02-28",
    "acceptedDate": "2008-02-27 21:59:11",
    "calendarYear": "2007",
    "period": "Q4",
    "revenue": 2965000000,
    "costOfRevenue": 1422000000,
    "grossProfit": 1543000000,
    "grossProfitRatio": 0.5204047218,
    "researchAndDevelopmentExpenses": 0,
    "generalAndAdministrativeExpenses": 0,
    "sellingAndMarketingExpenses": 0,
    "sellingGeneralAndAdministrativeExpenses": 0,
    "otherExpenses": 911000000,
    "operatingExpenses": 911000000,
    "costAndExpenses": 2333000000,
    "interestIncome": 0,
    "interestExpense": 0,
    "depreciationAndAmortization": 218000000,
    "ebitda": 850000000,
    "ebitdaratio": 0.2866779089,
    "operatingIncome": 632000000,
    "operatingIncomeRatio": 0.213153457,
    "totalOtherIncomeExpensesNet": -130000000,
    "incomeBeforeTax": 502000000,
    "incomeBeforeTaxRatio": 0.1693086003,
    "incomeTaxExpense": 310000000,
    "netIncome": 225000000,
    "netIncomeRatio": 0.0758853288,
    "eps": 0.44,
    "epsdiluted": 0.44,
    "weightedAverageShsOut": 508490000,
    "weightedAverageShsOutDil": 508490000,
    "link": "https://www.sec.gov/Archives/edgar/data/788784/000093041308001260/0000930413-08-001260-index.htm",
    "finalLink": "https://www.sec.gov/Archives/edgar/data/81033/000093041308001260/c52299_10k.htm"
  },
  {
    "date": "2007-09-30",
    "symbol": "PEG",
    "reportedCurrency": "USD",
    "cik": "0000788784",
    "fillingDate": "2007-11-02",
    "acceptedDate": "2007-11-01 21:53:21",
    "calendarYear": "2007",
    "period": "Q3",
    "revenue": 3475000000,
    "costOfRevenue": 1674000000,
    "grossProfit": 1801000000,
    "grossProfitRatio": 0.5182733813,
    "researchAndDevelopmentExpenses": 0,
    "generalAndAdministrativeExpenses": 0,
    "sellingAndMarketingExpenses": 0,
    "sellingGeneralAndAdministrativeExpenses": 0,
    "otherExpenses": 832000000,
    "operatingExpenses": 832000000,
    "costAndExpenses": 2506000000,
    "interestIncome": 0,
    "interestExpense": 0,
    "depreciationAndAmortization": 239000000,
    "ebitda": 1208000000,
    "ebitdaratio": 0.3476258993,
    "operatingIncome": 969000000,
    "operatingIncomeRatio": 0.2788489209,
    "totalOtherIncomeExpensesNet": -155000000,
    "incomeBeforeTax": 814000000,
    "incomeBeforeTaxRatio": 0.2342446043,
    "incomeTaxExpense": 314000000,
    "netIncome": 506000000,
    "netIncomeRatio": 0.1456115108,
    "eps": 1,
    "epsdiluted": 1,
    "weightedAverageShsOut": 508544000,
    "weightedAverageShsOutDil": 509090000,
    "link": "https://www.sec.gov/Archives/edgar/data/788784/000093041307008345/0000930413-07-008345-index.htm",
    "finalLink": "https://www.sec.gov/Archives/edgar/data/81033/000093041307008345/c50977_10q.htm"
  },
  {
    "date": "2007-06-30",
    "symbol": "PEG",
    "reportedCurrency": "USD",
    "cik": "0000788784",
    "fillingDate": "2007-08-01",
    "acceptedDate": "2007-08-01 17:28:11",
    "calendarYear": "2007",
    "period": "Q2",
    "revenue": 2810000000,
    "costOfRevenue": 1389000000,
    "grossProfit": 1421000000,
    "grossProfitRatio": 0.5056939502,
    "researchAndDevelopmentExpenses": 0,
    "generalAndAdministrativeExpenses": 0,
    "sellingAndMarketingExpenses": 0,
    "sellingGeneralAndAdministrativeExpenses": 0,
    "otherExpenses": 817000000,
    "operatingExpenses": 817000000,
    "costAndExpenses": 2206000000,
    "interestIncome": 0,
    "interestExpense": 0,
    "depreciationAndAmortization": 219000000,
    "ebitda": 823000000,
    "ebitdaratio": 0.2928825623,
    "operatingIncome": 604000000,
    "operatingIncomeRatio": 0.2149466192,
    "totalOtherIncomeExpensesNet": -137000000,
    "incomeBeforeTax": 467000000,
    "incomeBeforeTaxRatio": 0.1661921708,
    "incomeTaxExpense": 174000000,
    "netIncome": 275000000,
    "netIncomeRatio": 0.0978647687,
    "eps": 0.55,
    "epsdiluted": 0.54,
    "weightedAverageShsOut": 507262000,
    "weightedAverageShsOutDil": 508068000,
    "link": "https://www.sec.gov/Archives/edgar/data/788784/000093041307006384/0000930413-07-006384-index.htm",
    "finalLink": "https://www.sec.gov/Archives/edgar/data/81033/000093041307006384/c49586_10q.htm"
  },
  {
    "date": "2007-03-31",
    "symbol": "PEG",
    "reportedCurrency": "USD",
    "cik": "0000788784",
    "fillingDate": "2007-05-04",
    "acceptedDate": "2007-05-04 17:27:59",
    "calendarYear": "2007",
    "period": "Q1",
    "revenue": 3614000000,
    "costOfRevenue": 2041000000,
    "grossProfit": 1573000000,
    "grossProfitRatio": 0.4352517986,
    "researchAndDevelopmentExpenses": 0,
    "generalAndAdministrativeExpenses": 0,
    "sellingAndMarketingExpenses": 0,
    "sellingGeneralAndAdministrativeExpenses": 0,
    "otherExpenses": 830000000,
    "operatingExpenses": 830000000,
    "costAndExpenses": 2807000000,
    "interestIncome": 0,
    "interestExpense": 0,
    "depreciationAndAmortization": 221000000,
    "ebitda": 922000000,
    "ebitdaratio": 0.2551189817,
    "operatingIncome": 701000000,
    "operatingIncomeRatio": 0.1939679026,
    "totalOtherIncomeExpensesNet": -120000000,
    "incomeBeforeTax": 597000000,
    "incomeBeforeTaxRatio": 0.1651909242,
    "incomeTaxExpense": 262000000,
    "netIncome": 329000000,
    "netIncomeRatio": 0.0910348644,
    "eps": 0.65,
    "epsdiluted": 0.65,
    "weightedAverageShsOut": 505784000,
    "weightedAverageShsOutDil": 506711000,
    "link": "https://www.sec.gov/Archives/edgar/data/788784/000093041307004140/0000930413-07-004140-index.htm",
    "finalLink": "https://www.sec.gov/Archives/edgar/data/81033/000093041307004140/c48311_10q.htm"
  },
  {
    "date": "2006-12-31",
    "symbol": "PEG",
    "reportedCurrency": "USD",
    "cik": "0000788784",
    "fillingDate": "2007-02-28",
    "acceptedDate": "2007-02-27 21:56:09",
    "calendarYear": "2006",
    "period": "Q4",
    "revenue": 2648000000,
    "costOfRevenue": 1369000000,
    "grossProfit": 1279000000,
    "grossProfitRatio": 0.4830060423,
    "researchAndDevelopmentExpenses": 0,
    "generalAndAdministrativeExpenses": 0,
    "sellingAndMarketingExpenses": 0,
    "sellingGeneralAndAdministrativeExpenses": 0,
    "otherExpenses": 867000000,
    "operatingExpenses": 867000000,
    "costAndExpenses": 2236000000,
    "interestIncome": 0,
    "interestExpense": 0,
    "depreciationAndAmortization": 229000000,
    "ebitda": 641000000,
    "ebitdaratio": 0.2420694864,
    "operatingIncome": 412000000,
    "operatingIncomeRatio": 0.1555891239,
    "totalOtherIncomeExpensesNet": -144000000,
    "incomeBeforeTax": 268000000,
    "incomeBeforeTaxRatio": 0.1012084592,
    "incomeTaxExpense": 75000000,
    "netIncome": -47000000,
    "netIncomeRatio": -0.0177492447,
    "eps": -0.0931,
    "epsdiluted": -0.0929,
    "weightedAverageShsOut": 504598000,
    "weightedAverageShsOutDil": 505784000,
    "link": "https://www.sec.gov/Archives/edgar/data/788784/000093041307001699/0000930413-07-001699-index.htm",
    "finalLink": "https://www.sec.gov/Archives/edgar/data/81033/000093041307001699/c46564_10k.htm"
  },
  {
    "date": "2006-09-30",
    "symbol": "PEG",
    "reportedCurrency": "USD",
    "cik": "0000788784",
    "fillingDate": "2006-11-02",
    "acceptedDate": "2006-11-01 17:36:53",
    "calendarYear": "2006",
    "period": "Q3",
    "revenue": 3392000000,
    "costOfRevenue": 1809000000,
    "grossProfit": 1583000000,
    "grossProfitRatio": 0.4666863208,
    "researchAndDevelopmentExpenses": 0,
    "generalAndAdministrativeExpenses": 0,
    "sellingAndMarketingExpenses": 0,
    "sellingGeneralAndAdministrativeExpenses": 0,
    "otherExpenses": 793000000,
    "operatingExpenses": 793000000,
    "costAndExpenses": 2533000000,
    "interestIncome": 0,
    "interestExpense": 0,
    "depreciationAndAmortization": 259000000,
    "ebitda": 1023000000,
    "ebitdaratio": 0.3015919811,
    "operatingIncome": 764000000,
    "operatingIncomeRatio": 0.2252358491,
    "totalOtherIncomeExpensesNet": -163000000,
    "incomeBeforeTax": 603000000,
    "incomeBeforeTaxRatio": 0.1777712264,
    "incomeTaxExpense": 229000000,
    "netIncome": 374000000,
    "netIncomeRatio": 0.110259434,
    "eps": 0.74,
    "epsdiluted": 0.74,
    "weightedAverageShsOut": 503494000,
    "weightedAverageShsOutDil": 504658000,
    "link": "https://www.sec.gov/Archives/edgar/data/788784/000095011706004492/0000950117-06-004492-index.htm",
    "finalLink": "https://www.sec.gov/Archives/edgar/data/81033/000095011706004492/a44993.htm"
  },
  {
    "date": "2006-06-30",
    "symbol": "PEG",
    "reportedCurrency": "USD",
    "cik": "0000788784",
    "fillingDate": "2006-08-02",
    "acceptedDate": "2006-08-01 21:55:26",
    "calendarYear": "2006",
    "period": "Q2",
    "revenue": 2606000000,
    "costOfRevenue": 1387000000,
    "grossProfit": 1219000000,
    "grossProfitRatio": 0.4677666922,
    "researchAndDevelopmentExpenses": 0,
    "generalAndAdministrativeExpenses": 0,
    "sellingAndMarketingExpenses": 0,
    "sellingGeneralAndAdministrativeExpenses": 0,
    "otherExpenses": 1067000000,
    "operatingExpenses": 1067000000,
    "costAndExpenses": 2405000000,
    "interestIncome": 0,
    "interestExpense": 0,
    "depreciationAndAmortization": 229000000,
    "ebitda": 366000000,
    "ebitdaratio": 0.1404451266,
    "operatingIncome": 137000000,
    "operatingIncomeRatio": 0.05257099,
    "totalOtherIncomeExpensesNet": -176,
    "incomeBeforeTax": -7000000,
    "incomeBeforeTaxRatio": -0.002686109,
    "incomeTaxExpense": 7000000,
    "netIncome": 209000000,
    "netIncomeRatio": 0.0801995395,
    "eps": 0.42,
    "epsdiluted": 0.42,
    "weightedAverageShsOut": 502948000,
    "weightedAverageShsOutDil": 504168000,
    "link": "https://www.sec.gov/Archives/edgar/data/788784/000095011706003288/0000950117-06-003288-index.htm",
    "finalLink": "https://www.sec.gov/Archives/edgar/data/81033/000095011706003288/a42460.htm"
  },
  {
    "date": "2006-03-31",
    "symbol": "PEG",
    "reportedCurrency": "USD",
    "cik": "0000788784",
    "fillingDate": "2006-05-02",
    "acceptedDate": "2006-05-01 21:51:35",
    "calendarYear": "2006",
    "period": "Q1",
    "revenue": 3521000000,
    "costOfRevenue": 2204000000,
    "grossProfit": 1317000000,
    "grossProfitRatio": 0.3740414655,
    "researchAndDevelopmentExpenses": 0,
    "generalAndAdministrativeExpenses": 0,
    "sellingAndMarketingExpenses": 0,
    "sellingGeneralAndAdministrativeExpenses": 0,
    "otherExpenses": 820000000,
    "operatingExpenses": 820000000,
    "costAndExpenses": 2966000000,
    "interestIncome": 0,
    "interestExpense": 0,
    "depreciationAndAmortization": 230000000,
    "ebitda": 725000000,
    "ebitdaratio": 0.2059074127,
    "operatingIncome": 495000000,
    "operatingIncomeRatio": 0.1405850611,
    "totalOtherIncomeExpensesNet": -138000000,
    "incomeBeforeTax": 342000000,
    "incomeBeforeTaxRatio": 0.0971314967,
    "incomeTaxExpense": 143000000,
    "netIncome": 203000000,
    "netIncomeRatio": 0.0576540755,
    "eps": 0.41,
    "epsdiluted": 0.41,
    "weightedAverageShsOut": 502374000,
    "weightedAverageShsOutDil": 504130000,
    "link": "https://www.sec.gov/Archives/edgar/data/788784/000095011706001966/0000950117-06-001966-index.htm",
    "finalLink": "https://www.sec.gov/Archives/edgar/data/81033/000095011706001966/a41902.htm"
  },
  {
    "date": "2005-12-31",
    "symbol": "PEG",
    "reportedCurrency": "USD",
    "cik": "0000788784",
    "fillingDate": "2006-02-28",
    "acceptedDate": "2006-02-27 21:55:54",
    "calendarYear": "2005",
    "period": "Q4",
    "revenue": 3303000000,
    "costOfRevenue": 2060000000,
    "grossProfit": 1243000000,
    "grossProfitRatio": 0.3763245534,
    "researchAndDevelopmentExpenses": 0,
    "generalAndAdministrativeExpenses": 0,
    "sellingAndMarketingExpenses": 0,
    "sellingGeneralAndAdministrativeExpenses": 0,
    "otherExpenses": 792000000,
    "operatingExpenses": 792000000,
    "costAndExpenses": 2852000000,
    "interestIncome": 0,
    "interestExpense": 0,
    "depreciationAndAmortization": 218000000,
    "ebitda": 669000000,
    "ebitdaratio": 0.2025431426,
    "operatingIncome": 451000000,
    "operatingIncomeRatio": 0.1365425371,
    "totalOtherIncomeExpensesNet": -119000000,
    "incomeBeforeTax": 332000000,
    "incomeBeforeTaxRatio": 0.1005146836,
    "incomeTaxExpense": 127000000,
    "netIncome": 205000000,
    "netIncomeRatio": 0.0620647896,
    "eps": 0.41,
    "epsdiluted": 0.41,
    "weightedAverageShsOut": 490200000,
    "weightedAverageShsOutDil": 502374000,
    "link": "https://www.sec.gov/Archives/edgar/data/788784/000095011706000927/0000950117-06-000927-index.htm",
    "finalLink": "https://www.sec.gov/Archives/edgar/data/81033/000095011706000927/a41410.htm"
  },
  {
    "date": "2005-09-30",
    "symbol": "PEG",
    "reportedCurrency": "USD",
    "cik": "0000788784",
    "fillingDate": "2005-10-28",
    "acceptedDate": "2005-10-28 17:30:09",
    "calendarYear": "2005",
    "period": "Q3",
    "revenue": 3376000000,
    "costOfRevenue": 1999000000,
    "grossProfit": 1377000000,
    "grossProfitRatio": 0.4078791469,
    "researchAndDevelopmentExpenses": 0,
    "generalAndAdministrativeExpenses": 0,
    "sellingAndMarketingExpenses": 0,
    "sellingGeneralAndAdministrativeExpenses": 0,
    "otherExpenses": 775000000,
    "operatingExpenses": 775000000,
    "costAndExpenses": 2754000000,
    "interestIncome": 0,
    "interestExpense": 0,
    "depreciationAndAmortization": 231000000,
    "ebitda": 801000000,
    "ebitdaratio": 0.2372630332,
    "operatingIncome": 570000000,
    "operatingIncomeRatio": 0.1688388626,
    "totalOtherIncomeExpensesNet": -118000000,
    "incomeBeforeTax": 443000000,
    "incomeBeforeTaxRatio": 0.1312203791,
    "incomeTaxExpense": 183000000,
    "netIncome": 253000000,
    "netIncomeRatio": 0.0749407583,
    "eps": 0.53,
    "epsdiluted": 0.52,
    "weightedAverageShsOut": 478068000,
    "weightedAverageShsOutDil": 488572000,
    "link": "https://www.sec.gov/Archives/edgar/data/788784/000095011705004120/0000950117-05-004120-index.htm",
    "finalLink": "https://www.sec.gov/Archives/edgar/data/81033/000095011705004120/a40716.htm"
  },
  {
    "date": "2005-06-30",
    "symbol": "PEG",
    "reportedCurrency": "USD",
    "cik": "0000788784",
    "fillingDate": "2005-08-02",
    "acceptedDate": "2005-08-01 21:57:52",
    "calendarYear": "2005",
    "period": "Q2",
    "revenue": 2442000000,
    "costOfRevenue": 1340000000,
    "grossProfit": 1102000000,
    "grossProfitRatio": 0.4512694513,
    "researchAndDevelopmentExpenses": 0,
    "generalAndAdministrativeExpenses": 0,
    "sellingAndMarketingExpenses": 0,
    "sellingGeneralAndAdministrativeExpenses": 0,
    "otherExpenses": 755000000,
    "operatingExpenses": 755000000,
    "costAndExpenses": 2071000000,
    "interestIncome": 0,
    "interestExpense": 0,
    "depreciationAndAmortization": 198000000,
    "ebitda": 504000000,
    "ebitdaratio": 0.2063882064,
    "operatingIncome": 306000000,
    "operatingIncomeRatio": 0.1253071253,
    "totalOtherIncomeExpensesNet": -157000000,
    "incomeBeforeTax": 160000000,
    "incomeBeforeTaxRatio": 0.0655200655,
    "incomeTaxExpense": 59000000,
    "netIncome": -82000000,
    "netIncomeRatio": -0.0335790336,
    "eps": -0.17,
    "epsdiluted": -0.17,
    "weightedAverageShsOut": 477464000,
    "weightedAverageShsOutDil": 486038000,
    "link": "https://www.sec.gov/Archives/edgar/data/788784/000095011705003036/0000950117-05-003036-index.htm",
    "finalLink": "https://www.sec.gov/Archives/edgar/data/81033/000095011705003036/a40265.htm"
  },
  {
    "date": "2005-03-31",
    "symbol": "PEG",
    "reportedCurrency": "USD",
    "cik": "0000788784",
    "fillingDate": "2005-05-06",
    "acceptedDate": "2005-05-05 19:46:26",
    "calendarYear": "2005",
    "period": "Q1",
    "revenue": 3310000000,
    "costOfRevenue": 1874000000,
    "grossProfit": 1436000000,
    "grossProfitRatio": 0.433836858,
    "researchAndDevelopmentExpenses": 0,
    "generalAndAdministrativeExpenses": 0,
    "sellingAndMarketingExpenses": 0,
    "sellingGeneralAndAdministrativeExpenses": 0,
    "otherExpenses": 803000000,
    "operatingExpenses": 803000000,
    "costAndExpenses": 2652000000,
    "interestIncome": 0,
    "interestExpense": 0,
    "depreciationAndAmortization": 212000000,
    "ebitda": 804000000,
    "ebitdaratio": 0.2429003021,
    "operatingIncome": 592000000,
    "operatingIncomeRatio": 0.1788519637,
    "totalOtherIncomeExpensesNet": -141000000,
    "incomeBeforeTax": 453000000,
    "incomeBeforeTaxRatio": 0.136858006,
    "incomeTaxExpense": 168000000,
    "netIncome": 285000000,
    "netIncomeRatio": 0.086102719,
    "eps": 0.6,
    "epsdiluted": 0.59,
    "weightedAverageShsOut": 476628000,
    "weightedAverageShsOutDil": 484380000,
    "link": "https://www.sec.gov/Archives/edgar/data/788784/000095011705001774/0000950117-05-001774-index.htm",
    "finalLink": "https://www.sec.gov/Archives/edgar/data/81033/000095011705001774/a39733.htm"
  },
  {
    "date": "2004-12-31",
    "symbol": "PEG",
    "reportedCurrency": "USD",
    "cik": "0000788784",
    "fillingDate": "2005-03-01",
    "acceptedDate": "2005-02-28 21:58:37",
    "calendarYear": "2004",
    "period": "Q4",
    "revenue": 2738000000,
    "costOfRevenue": 1562000000,
    "grossProfit": 1176000000,
    "grossProfitRatio": 0.4295105917,
    "researchAndDevelopmentExpenses": 0,
    "generalAndAdministrativeExpenses": 0,
    "sellingAndMarketingExpenses": 0,
    "sellingGeneralAndAdministrativeExpenses": 0,
    "otherExpenses": 867000000,
    "operatingExpenses": 867000000,
    "costAndExpenses": 2429000000,
    "interestIncome": 0,
    "interestExpense": 0,
    "depreciationAndAmortization": 202000000,
    "ebitda": 511000000,
    "ebitdaratio": 0.1866325785,
    "operatingIncome": 309000000,
    "operatingIncomeRatio": 0.1128560993,
    "totalOtherIncomeExpensesNet": -180000000,
    "incomeBeforeTax": 129000000,
    "incomeBeforeTaxRatio": 0.0471146822,
    "incomeTaxExpense": 42000000,
    "netIncome": 87000000,
    "netIncomeRatio": 0.0317750183,
    "eps": 0.18,
    "epsdiluted": 0.18,
    "weightedAverageShsOut": 476628000,
    "weightedAverageShsOutDil": 476628000,
    "link": "https://www.sec.gov/Archives/edgar/data/788784/000095011705000790/0000950117-05-000790-index.htm",
    "finalLink": "https://www.sec.gov/Archives/edgar/data/81033/000095011705000790/a39290.htm"
  },
  {
    "date": "2004-09-30",
    "symbol": "PEG",
    "reportedCurrency": "USD",
    "cik": "0000788784",
    "fillingDate": "2004-10-29",
    "acceptedDate": "2004-10-29 17:16:10",
    "calendarYear": "2004",
    "period": "Q3",
    "revenue": 2747000000,
    "costOfRevenue": 1418000000,
    "grossProfit": 1329000000,
    "grossProfitRatio": 0.4838005096,
    "researchAndDevelopmentExpenses": 0,
    "generalAndAdministrativeExpenses": 0,
    "sellingAndMarketingExpenses": 0,
    "sellingGeneralAndAdministrativeExpenses": 0,
    "otherExpenses": 747000000,
    "operatingExpenses": 747000000,
    "costAndExpenses": 2165000000,
    "interestIncome": 0,
    "interestExpense": 0,
    "depreciationAndAmortization": 212000000,
    "ebitda": 796000000,
    "ebitdaratio": 0.2897706589,
    "operatingIncome": 584000000,
    "operatingIncomeRatio": 0.2125955588,
    "totalOtherIncomeExpensesNet": -155000000,
    "incomeBeforeTax": 416000000,
    "incomeBeforeTaxRatio": 0.1514379323,
    "incomeTaxExpense": 172000000,
    "netIncome": 244000000,
    "netIncomeRatio": 0.0888241718,
    "eps": 0.52,
    "epsdiluted": 0.52,
    "weightedAverageShsOut": 474538000,
    "weightedAverageShsOutDil": 475456000,
    "link": "https://www.sec.gov/Archives/edgar/data/788784/000095011704003736/0000950117-04-003736-index.htm",
    "finalLink": "https://www.sec.gov/Archives/edgar/data/81033/000095011704003736/a38603.htm"
  },
  {
    "date": "2004-06-30",
    "symbol": "PEG",
    "reportedCurrency": "USD",
    "cik": "0000788784",
    "fillingDate": "2004-08-03",
    "acceptedDate": "2004-08-02 17:33:17",
    "calendarYear": "2004",
    "period": "Q2",
    "revenue": 2290000000,
    "costOfRevenue": 1254000000,
    "grossProfit": 1036000000,
    "grossProfitRatio": 0.4524017467,
    "researchAndDevelopmentExpenses": 0,
    "generalAndAdministrativeExpenses": 0,
    "sellingAndMarketingExpenses": 0,
    "sellingGeneralAndAdministrativeExpenses": 0,
    "otherExpenses": 729000000,
    "operatingExpenses": 729000000,
    "costAndExpenses": 1979000000,
    "interestIncome": 0,
    "interestExpense": 0,
    "depreciationAndAmortization": 179000000,
    "ebitda": 485000000,
    "ebitdaratio": 0.211790393,
    "operatingIncome": 306000000,
    "operatingIncomeRatio": 0.1336244541,
    "totalOtherIncomeExpensesNet": -122000000,
    "incomeBeforeTax": 171000000,
    "incomeBeforeTaxRatio": 0.0746724891,
    "incomeTaxExpense": 52000000,
    "netIncome": 124000000,
    "netIncomeRatio": 0.0541484716,
    "eps": 0.26,
    "epsdiluted": 0.26,
    "weightedAverageShsOut": 473410000,
    "weightedAverageShsOutDil": 476002000,
    "link": "https://www.sec.gov/Archives/edgar/data/788784/000095011704002772/0000950117-04-002772-index.htm",
    "finalLink": "https://www.sec.gov/Archives/edgar/data/81033/000095011704002772/a38110.htm"
  },
  {
    "date": "2004-03-31",
    "symbol": "PEG",
    "reportedCurrency": "USD",
    "cik": "0000788784",
    "fillingDate": "2004-04-30",
    "acceptedDate": "2004-04-30 16:45:01",
    "calendarYear": "2004",
    "period": "Q1",
    "revenue": 3221000000,
    "costOfRevenue": 1823000000,
    "grossProfit": 1398000000,
    "grossProfitRatio": 0.4340266998,
    "researchAndDevelopmentExpenses": 0,
    "generalAndAdministrativeExpenses": 0,
    "sellingAndMarketingExpenses": 0,
    "sellingGeneralAndAdministrativeExpenses": 0,
    "otherExpenses": 762000000,
    "operatingExpenses": 762000000,
    "costAndExpenses": 2589000000,
    "interestIncome": 0,
    "interestExpense": 0,
    "depreciationAndAmortization": 197000000,
    "ebitda": 833000000,
    "ebitdaratio": 0.2586153369,
    "operatingIncome": 636000000,
    "operatingIncomeRatio": 0.1974542068,
    "totalOtherIncomeExpensesNet": -185000000,
    "incomeBeforeTax": 451000000,
    "incomeBeforeTaxRatio": 0.1400186278,
    "incomeTaxExpense": 180000000,
    "netIncome": 271000000,
    "netIncomeRatio": 0.0841353617,
    "eps": 0.57,
    "epsdiluted": 0.57,
    "weightedAverageShsOut": 472386000,
    "weightedAverageShsOutDil": 477704000,
    "link": "https://www.sec.gov/Archives/edgar/data/788784/000095011704001662/0000950117-04-001662-index.htm",
    "finalLink": "https://www.sec.gov/Archives/edgar/data/81033/000095011704001662/a37543.htm"
  },
  {
    "date": "2003-12-31",
    "symbol": "PEG",
    "reportedCurrency": "USD",
    "cik": "0000788784",
    "fillingDate": "2004-02-25",
    "acceptedDate": "2004-02-25 17:20:09",
    "calendarYear": "2003",
    "period": "Q4",
    "revenue": 2586000000,
    "costOfRevenue": 1411000000,
    "grossProfit": 1175000000,
    "grossProfitRatio": 0.4543696829,
    "researchAndDevelopmentExpenses": 0,
    "generalAndAdministrativeExpenses": 0,
    "sellingAndMarketingExpenses": 0,
    "sellingGeneralAndAdministrativeExpenses": 0,
    "otherExpenses": 860000000,
    "operatingExpenses": 860000000,
    "costAndExpenses": 2271000000,
    "interestIncome": 0,
    "interestExpense": 0,
    "depreciationAndAmortization": 178000000,
    "ebitda": 493000000,
    "ebitdaratio": 0.190641918,
    "operatingIncome": 315000000,
    "operatingIncomeRatio": 0.1218097448,
    "totalOtherIncomeExpensesNet": -55000000,
    "incomeBeforeTax": 260000000,
    "incomeBeforeTaxRatio": 0.1005413766,
    "incomeTaxExpense": 92000000,
    "netIncome": 144000000,
    "netIncomeRatio": 0.0556844548,
    "eps": 0.3,
    "epsdiluted": 0.3,
    "weightedAverageShsOut": 471413654,
    "weightedAverageShsOutDil": 472386000,
    "link": "https://www.sec.gov/Archives/edgar/data/788784/000095011704000775/0000950117-04-000775-index.htm",
    "finalLink": "https://www.sec.gov/Archives/edgar/data/81033/000095011704000775/a37089.htm"
  },
  {
    "date": "2003-09-30",
    "symbol": "PEG",
    "reportedCurrency": "USD",
    "cik": "0000788784",
    "fillingDate": "2003-10-30",
    "acceptedDate": "2003-10-30 17:18:43",
    "calendarYear": "2003",
    "period": "Q3",
    "revenue": 2805000000,
    "costOfRevenue": 1581000000,
    "grossProfit": 1224000000,
    "grossProfitRatio": 0.4363636364,
    "researchAndDevelopmentExpenses": 0,
    "generalAndAdministrativeExpenses": 0,
    "sellingAndMarketingExpenses": 0,
    "sellingGeneralAndAdministrativeExpenses": 0,
    "otherExpenses": 712000000,
    "operatingExpenses": 712000000,
    "costAndExpenses": 2286000000,
    "interestIncome": 0,
    "interestExpense": 0,
    "depreciationAndAmortization": 185000000,
    "ebitda": 678000000,
    "ebitdaratio": 0.2417112299,
    "operatingIncome": 493000000,
    "operatingIncomeRatio": 0.1757575758,
    "totalOtherIncomeExpensesNet": -168000000,
    "incomeBeforeTax": 330000000,
    "incomeBeforeTaxRatio": 0.1176470588,
    "incomeTaxExpense": 117000000,
    "netIncome": 210000000,
    "netIncomeRatio": 0.0748663102,
    "eps": 0.46,
    "epsdiluted": 0.46,
    "weightedAverageShsOut": 452828000,
    "weightedAverageShsOutDil": 455186000,
    "link": "https://www.sec.gov/Archives/edgar/data/788784/000095011703004611/0000950117-03-004611-index.htm",
    "finalLink": "https://www.sec.gov/Archives/edgar/data/81033/000095011703004611/a36380.htm"
  },
  {
    "date": "2003-06-30",
    "symbol": "PEG",
    "reportedCurrency": "USD",
    "cik": "0000788784",
    "fillingDate": "2003-08-01",
    "acceptedDate": "2003-08-01 12:49:17",
    "calendarYear": "2003",
    "period": "Q2",
    "revenue": 2419000000,
    "costOfRevenue": 1412000000,
    "grossProfit": 1007000000,
    "grossProfitRatio": 0.4162877222,
    "researchAndDevelopmentExpenses": 0,
    "generalAndAdministrativeExpenses": 0,
    "sellingAndMarketingExpenses": 0,
    "sellingGeneralAndAdministrativeExpenses": 0,
    "otherExpenses": 614000000,
    "operatingExpenses": 614000000,
    "costAndExpenses": 2014000000,
    "interestIncome": 0,
    "interestExpense": 0,
    "depreciationAndAmortization": 121000000,
    "ebitda": 508000000,
    "ebitdaratio": 0.2100041339,
    "operatingIncome": 387000000,
    "operatingIncomeRatio": 0.1599834642,
    "totalOtherIncomeExpensesNet": -159000000,
    "incomeBeforeTax": 221000000,
    "incomeBeforeTaxRatio": 0.0913600661,
    "incomeTaxExpense": 71000000,
    "netIncome": 130000000,
    "netIncomeRatio": 0.0537412154,
    "eps": 0.3,
    "epsdiluted": 0.3,
    "weightedAverageShsOut": 451820000,
    "weightedAverageShsOutDil": 453164000,
    "link": "https://www.sec.gov/Archives/edgar/data/788784/000095011703003390/0000950117-03-003390-index.htm",
    "finalLink": "https://www.sec.gov/Archives/edgar/data/81033/000095011703003390/a35880.htm"
  },
  {
    "date": "2003-03-31",
    "symbol": "PEG",
    "reportedCurrency": "USD",
    "cik": "0000788784",
    "fillingDate": "2003-05-02",
    "acceptedDate": "2003-05-02 15:38:53",
    "calendarYear": "2003",
    "period": "Q1",
    "revenue": 3364000000,
    "costOfRevenue": 2022000000,
    "grossProfit": 1342000000,
    "grossProfitRatio": 0.3989298454,
    "researchAndDevelopmentExpenses": 0,
    "generalAndAdministrativeExpenses": 0,
    "sellingAndMarketingExpenses": 0,
    "sellingGeneralAndAdministrativeExpenses": 0,
    "otherExpenses": 664000000,
    "operatingExpenses": 664000000,
    "costAndExpenses": 2686000000,
    "interestIncome": 0,
    "interestExpense": 0,
    "depreciationAndAmortization": 122000000,
    "ebitda": 800000000,
    "ebitdaratio": 0.2378121284,
    "operatingIncome": 678000000,
    "operatingIncomeRatio": 0.2015457788,
    "totalOtherIncomeExpensesNet": -173000000,
    "incomeBeforeTax": 505000000,
    "incomeBeforeTaxRatio": 0.1501189061,
    "incomeTaxExpense": 184000000,
    "netIncome": 676000000,
    "netIncomeRatio": 0.2009512485,
    "eps": 1.51,
    "epsdiluted": 1.51,
    "weightedAverageShsOut": 450684000,
    "weightedAverageShsOutDil": 451428000,
    "link": "https://www.sec.gov/Archives/edgar/data/788784/000095011703001867/0000950117-03-001867-index.htm",
    "finalLink": "https://www.sec.gov/Archives/edgar/data/81033/000095011703001867/a35147.htm"
  },
  {
    "date": "2002-12-31",
    "symbol": "PEG",
    "reportedCurrency": "USD",
    "cik": "0000788784",
    "fillingDate": "2003-02-26",
    "acceptedDate": "2003-02-26 16:16:06",
    "calendarYear": "2002",
    "period": "Q4",
    "revenue": 2700000000,
    "costOfRevenue": 1424000000,
    "grossProfit": 1276000000,
    "grossProfitRatio": 0.4725925926,
    "researchAndDevelopmentExpenses": 0,
    "generalAndAdministrativeExpenses": 0,
    "sellingAndMarketingExpenses": 0,
    "sellingGeneralAndAdministrativeExpenses": 0,
    "otherExpenses": 693000000,
    "operatingExpenses": 693000000,
    "costAndExpenses": 2117000000,
    "interestIncome": 0,
    "interestExpense": 0,
    "depreciationAndAmortization": 158000000,
    "ebitda": 741000000,
    "ebitdaratio": 0.2744444444,
    "operatingIncome": 583000000,
    "operatingIncomeRatio": 0.2159259259,
    "totalOtherIncomeExpensesNet": -198000000,
    "incomeBeforeTax": 385000000,
    "incomeBeforeTaxRatio": 0.1425925926,
    "incomeTaxExpense": 130000000,
    "netIncome": 245000000,
    "netIncomeRatio": 0.0907407407,
    "eps": 0.54,
    "epsdiluted": 0.54,
    "weightedAverageShsOut": 451428000,
    "weightedAverageShsOutDil": 451428000,
    "link": "https://www.sec.gov/Archives/edgar/data/788784/000120677403000082/0001206774-03-000082-index.htm",
    "finalLink": "https://www.sec.gov/Archives/edgar/data/81033/000120677403000082/d1200010k.htm"
  },
  {
    "date": "2002-09-30",
    "symbol": "PEG",
    "reportedCurrency": "USD",
    "cik": "0000788784",
    "fillingDate": "2002-11-04",
    "acceptedDate": "2002-11-01 20:25:36",
    "calendarYear": "2002",
    "period": "Q3",
    "revenue": 2327000000,
    "costOfRevenue": 1154000000,
    "grossProfit": 1173000000,
    "grossProfitRatio": 0.5040825097,
    "researchAndDevelopmentExpenses": 0,
    "generalAndAdministrativeExpenses": 0,
    "sellingAndMarketingExpenses": 0,
    "sellingGeneralAndAdministrativeExpenses": 0,
    "otherExpenses": 646000000,
    "operatingExpenses": 646000000,
    "costAndExpenses": 1800000000,
    "interestIncome": 0,
    "interestExpense": 0,
    "depreciationAndAmortization": 194000000,
    "ebitda": 721000000,
    "ebitdaratio": 0.309840997,
    "operatingIncome": 527000000,
    "operatingIncomeRatio": 0.2264718522,
    "totalOtherIncomeExpensesNet": -196000000,
    "incomeBeforeTax": 331000000,
    "incomeBeforeTaxRatio": 0.1422432316,
    "incomeTaxExpense": 124000000,
    "netIncome": 204000000,
    "netIncomeRatio": 0.0876665234,
    "eps": 0.5,
    "epsdiluted": 0.5,
    "weightedAverageShsOut": 413564000,
    "weightedAverageShsOutDil": 413564000,
    "link": "https://www.sec.gov/Archives/edgar/data/788784/000089109202001247/0000891092-02-001247-index.htm",
    "finalLink": "https://www.sec.gov/Archives/edgar/data/788784/000089109202001247/e13916_10q.txt"
  },
  {
    "date": "2002-06-30",
    "symbol": "PEG",
    "reportedCurrency": "USD",
    "cik": "0000788784",
    "fillingDate": "2002-07-29",
    "acceptedDate": "2002-07-29 17:18:22",
    "calendarYear": "2002",
    "period": "Q2",
    "revenue": 1782000000,
    "costOfRevenue": 787000000,
    "grossProfit": 995000000,
    "grossProfitRatio": 0.5583613917,
    "researchAndDevelopmentExpenses": 0,
    "generalAndAdministrativeExpenses": 0,
    "sellingAndMarketingExpenses": 0,
    "sellingGeneralAndAdministrativeExpenses": 0,
    "otherExpenses": 1124000000,
    "operatingExpenses": 1124000000,
    "costAndExpenses": 1573000000,
    "interestIncome": 0,
    "interestExpense": 0,
    "depreciationAndAmortization": 177000000,
    "ebitda": 19000000,
    "ebitdaratio": 0.0106621773,
    "operatingIncome": -158000000,
    "operatingIncomeRatio": -0.088664422,
    "totalOtherIncomeExpensesNet": -189000000,
    "incomeBeforeTax": -348000000,
    "incomeBeforeTaxRatio": -0.1952861953,
    "incomeTaxExpense": -121000000,
    "netIncome": -264000000,
    "netIncomeRatio": -0.1481481481,
    "eps": -0.64,
    "epsdiluted": -0.64,
    "weightedAverageShsOut": 412492000,
    "weightedAverageShsOutDil": 413854000,
    "link": "https://www.sec.gov/Archives/edgar/data/788784/000078878402000074/0000788784-02-000074-index.htm",
    "finalLink": "https://www.sec.gov/Archives/edgar/data/788784/000078878402000074/pseg-enterprise_10q2qtr.txt"
  },
  {
    "date": "2002-03-31",
    "symbol": "PEG",
    "reportedCurrency": "USD",
    "cik": "0000788784",
    "fillingDate": "2002-07-29",
    "acceptedDate": "2002-07-29 17:25:48",
    "calendarYear": "2002",
    "period": "Q1",
    "revenue": 2515000000,
    "costOfRevenue": 1235000000,
    "grossProfit": 1280000000,
    "grossProfitRatio": 0.5089463221,
    "researchAndDevelopmentExpenses": 0,
    "generalAndAdministrativeExpenses": 0,
    "sellingAndMarketingExpenses": 0,
    "sellingGeneralAndAdministrativeExpenses": 0,
    "otherExpenses": 632000000,
    "operatingExpenses": 632000000,
    "costAndExpenses": 1372000000,
    "interestIncome": 0,
    "interestExpense": 0,
    "depreciationAndAmortization": 131000000,
    "ebitda": 642000000,
    "ebitdaratio": 0.2552683897,
    "operatingIncome": 511000000,
    "operatingIncomeRatio": 0.2031809145,
    "totalOtherIncomeExpensesNet": -216000000,
    "incomeBeforeTax": 294000000,
    "incomeBeforeTaxRatio": 0.1168986083,
    "incomeTaxExpense": 114000000,
    "netIncome": 180000000,
    "netIncomeRatio": 0.0715705765,
    "eps": 0.14,
    "epsdiluted": 0.14,
    "weightedAverageShsOut": 412680000,
    "weightedAverageShsOutDil": 412680000,
    "link": "https://www.sec.gov/Archives/edgar/data/788784/000078878402000076/0000788784-02-000076-index.htm",
    "finalLink": "https://www.sec.gov/Archives/edgar/data/788784/000078878402000076/pseg-enterprise_10qa1q02.txt"
  },
  {
    "date": "2001-12-31",
    "symbol": "PEG",
    "reportedCurrency": "USD",
    "cik": "0000788784",
    "fillingDate": "2002-03-04",
    "acceptedDate": "2002-03-04 00:00:00",
    "calendarYear": "2001",
    "period": "Q4",
    "revenue": 2424000000,
    "costOfRevenue": 2885000000,
    "grossProfit": -461000000,
    "grossProfitRatio": -0.1901815182,
    "researchAndDevelopmentExpenses": 0,
    "generalAndAdministrativeExpenses": 0,
    "sellingAndMarketingExpenses": 0,
    "sellingGeneralAndAdministrativeExpenses": 0,
    "otherExpenses": -938000000,
    "operatingExpenses": -938000000,
    "costAndExpenses": 1947000000,
    "interestIncome": 0,
    "interestExpense": 0,
    "depreciationAndAmortization": 177000000,
    "ebitda": 654000000,
    "ebitdaratio": 0.2698019802,
    "operatingIncome": 477000000,
    "operatingIncomeRatio": 0.1967821782,
    "totalOtherIncomeExpensesNet": -196000000,
    "incomeBeforeTax": 281000000,
    "incomeBeforeTaxRatio": 0.1159240924,
    "incomeTaxExpense": 87000000,
    "netIncome": 194000000,
    "netIncomeRatio": 0.0800330033,
    "eps": 0.47,
    "epsdiluted": 0.47,
    "weightedAverageShsOut": 412680000,
    "weightedAverageShsOutDil": 412680000,
    "link": "https://www.sec.gov/Archives/edgar/data/788784/000095013602000584/0000950136-02-000584-index.htm",
    "finalLink": "https://www.sec.gov/Archives/edgar/data/788784/000095013602000584/file001.txt"
  },
  {
    "date": "2001-09-30",
    "symbol": "PEG",
    "reportedCurrency": "USD",
    "cik": "0000788784",
    "fillingDate": "2001-11-02",
    "acceptedDate": "2001-11-02 00:00:00",
    "calendarYear": "2001",
    "period": "Q3",
    "revenue": 2401000000,
    "costOfRevenue": 578000000,
    "grossProfit": 1823000000,
    "grossProfitRatio": 0.7592669721,
    "researchAndDevelopmentExpenses": 0,
    "generalAndAdministrativeExpenses": 0,
    "sellingAndMarketingExpenses": 0,
    "sellingGeneralAndAdministrativeExpenses": 0,
    "otherExpenses": 625000000,
    "operatingExpenses": 625000000,
    "costAndExpenses": 1189000000,
    "interestIncome": 0,
    "interestExpense": 0,
    "depreciationAndAmortization": 170000000,
    "ebitda": 597000000,
    "ebitdaratio": 0.2486463973,
    "operatingIncome": 427000000,
    "operatingIncomeRatio": 0.1778425656,
    "totalOtherIncomeExpensesNet": -203000000,
    "incomeBeforeTax": 224000000,
    "incomeBeforeTaxRatio": 0.0932944606,
    "incomeTaxExpense": 52000000,
    "netIncome": 172000000,
    "netIncomeRatio": 0.071636818,
    "eps": 0.41,
    "epsdiluted": 0.41,
    "weightedAverageShsOut": 416992000,
    "weightedAverageShsOutDil": 416992000,
    "link": "https://www.sec.gov/Archives/edgar/data/788784/000078878401500090/0000788784-01-500090-index.htm",
    "finalLink": "https://www.sec.gov/Archives/edgar/data/788784/000078878401500090/enterprise_3q10q.txt"
  },
  {
    "date": "2001-06-30",
    "symbol": "PEG",
    "reportedCurrency": "USD",
    "cik": "0000788784",
    "fillingDate": "2001-08-09",
    "acceptedDate": "2001-08-09 00:00:00",
    "calendarYear": "2001",
    "period": "Q2",
    "revenue": 2171000000,
    "costOfRevenue": 1048000000,
    "grossProfit": 1123000000,
    "grossProfitRatio": 0.517273146,
    "researchAndDevelopmentExpenses": 0,
    "generalAndAdministrativeExpenses": 0,
    "sellingAndMarketingExpenses": 0,
    "sellingGeneralAndAdministrativeExpenses": 0,
    "otherExpenses": 721000000,
    "operatingExpenses": 721000000,
    "costAndExpenses": 1769000000,
    "interestIncome": 0,
    "interestExpense": 0,
    "depreciationAndAmortization": 144000000,
    "ebitda": 546000000,
    "ebitdaratio": 0.251497006,
    "operatingIncome": 402000000,
    "operatingIncomeRatio": 0.1851681253,
    "totalOtherIncomeExpensesNet": -178000000,
    "incomeBeforeTax": 224000000,
    "incomeBeforeTaxRatio": 0.1031782589,
    "incomeTaxExpense": 81000000,
    "netIncome": 143000000,
    "netIncomeRatio": 0.0658682635,
    "eps": 0.34,
    "epsdiluted": 0.34,
    "weightedAverageShsOut": 415732285,
    "weightedAverageShsOutDil": 416886000,
    "link": "https://www.sec.gov/Archives/edgar/data/788784/000078878401500046/0000788784-01-500046-index.htm",
    "finalLink": "https://www.sec.gov/Archives/edgar/data/788784/000078878401500046/pseg-enterprise_2qfinal.txt"
  },
  {
    "date": "2001-03-31",
    "symbol": "PEG",
    "reportedCurrency": "USD",
    "cik": "0000788784",
    "fillingDate": "2001-05-15",
    "acceptedDate": "2001-05-15 00:00:00",
    "calendarYear": "2001",
    "period": "Q1",
    "revenue": 2814000000,
    "costOfRevenue": 1543000000,
    "grossProfit": 1271000000,
    "grossProfitRatio": 0.4516702203,
    "researchAndDevelopmentExpenses": 0,
    "generalAndAdministrativeExpenses": 0,
    "sellingAndMarketingExpenses": 0,
    "sellingGeneralAndAdministrativeExpenses": 0,
    "otherExpenses": 694000000,
    "operatingExpenses": 694000000,
    "costAndExpenses": 2237000000,
    "interestIncome": 0,
    "interestExpense": 0,
    "depreciationAndAmortization": 135000000,
    "ebitda": 717000000,
    "ebitdaratio": 0.2547974414,
    "operatingIncome": 582000000,
    "operatingIncomeRatio": 0.2068230277,
    "totalOtherIncomeExpensesNet": -175000000,
    "incomeBeforeTax": 407000000,
    "incomeBeforeTaxRatio": 0.144633973,
    "incomeTaxExpense": 153000000,
    "netIncome": 261000000,
    "netIncomeRatio": 0.092750533,
    "eps": 0.63,
    "epsdiluted": 0.63,
    "weightedAverageShsOut": 415732285,
    "weightedAverageShsOutDil": 416886000,
    "link": "https://www.sec.gov/Archives/edgar/data/788784/000078878401500017/0000788784-01-500017-index.htm",
    "finalLink": "https://www.sec.gov/Archives/edgar/data/788784/000078878401500017/pseg-enterprise_1q.txt"
  },
  {
    "date": "2000-12-31",
    "symbol": "PEG",
    "reportedCurrency": "USD",
    "cik": "0000788784",
    "fillingDate": "2001-03-06",
    "acceptedDate": "2001-03-06 00:00:00",
    "calendarYear": "2000",
    "period": "Q4",
    "revenue": 1878000000,
    "costOfRevenue": 711000000,
    "grossProfit": 1167000000,
    "grossProfitRatio": 0.6214057508,
    "researchAndDevelopmentExpenses": 0,
    "generalAndAdministrativeExpenses": 0,
    "sellingAndMarketingExpenses": 0,
    "sellingGeneralAndAdministrativeExpenses": 0,
    "otherExpenses": 666000000,
    "operatingExpenses": 666000000,
    "costAndExpenses": 1377000000,
    "interestIncome": 0,
    "interestExpense": 0,
    "depreciationAndAmortization": 179000000,
    "ebitda": 680000000,
    "ebitdaratio": 0.3620873269,
    "operatingIncome": 501000000,
    "operatingIncomeRatio": 0.2667731629,
    "totalOtherIncomeExpensesNet": -165000000,
    "incomeBeforeTax": 336000000,
    "incomeBeforeTaxRatio": 0.178913738,
    "incomeTaxExpense": 126000000,
    "netIncome": 210000000,
    "netIncomeRatio": 0.1118210863,
    "eps": 0.5,
    "epsdiluted": 0.5,
    "weightedAverageShsOut": 414472570,
    "weightedAverageShsOutDil": 416780000,
    "link": "https://www.sec.gov/Archives/edgar/data/788784/000095011001000215/0000950110-01-000215-index.htm",
    "finalLink": "https://www.sec.gov/Archives/edgar/data/81033/000095011001000215/0000950110-01-000215-0001.txt"
  },
  {
    "date": "2000-09-30",
    "symbol": "PEG",
    "reportedCurrency": "USD",
    "cik": "0000788784",
    "fillingDate": "2000-11-13",
    "acceptedDate": "2000-11-13 00:00:00",
    "calendarYear": "2000",
    "period": "Q3",
    "revenue": 1525000000,
    "costOfRevenue": 507000000,
    "grossProfit": 1018000000,
    "grossProfitRatio": 0.6675409836,
    "researchAndDevelopmentExpenses": 0,
    "generalAndAdministrativeExpenses": 0,
    "sellingAndMarketingExpenses": 0,
    "sellingGeneralAndAdministrativeExpenses": 0,
    "otherExpenses": 1332000000,
    "operatingExpenses": 1332000000,
    "costAndExpenses": 1815000000,
    "interestIncome": 0,
    "interestExpense": 0,
    "depreciationAndAmortization": 92000000,
    "ebitda": 484000000,
    "ebitdaratio": 0.3173770492,
    "operatingIncome": 392000000,
    "operatingIncomeRatio": 0.2570491803,
    "totalOtherIncomeExpensesNet": -166000000,
    "incomeBeforeTax": 226000000,
    "incomeBeforeTaxRatio": 0.1481967213,
    "incomeTaxExpense": 84000000,
    "netIncome": 142000000,
    "netIncomeRatio": 0.0931147541,
    "eps": 0.33,
    "epsdiluted": 0.33,
    "weightedAverageShsOut": 429246000,
    "weightedAverageShsOutDil": 429246000,
    "link": "https://www.sec.gov/Archives/edgar/data/788784/000078878400000050/0000788784-00-000050-index.htm",
    "finalLink": "https://www.sec.gov/Archives/edgar/data/81033/000078878400000050/0000788784-00-000050-0001.txt"
  },
  {
    "date": "2000-06-30",
    "symbol": "PEG",
    "reportedCurrency": "USD",
    "cik": "0000788784",
    "fillingDate": "2000-08-09",
    "acceptedDate": "2000-08-09 00:00:00",
    "calendarYear": "2000",
    "period": "Q2",
    "revenue": 1521000000,
    "costOfRevenue": 517000000,
    "grossProfit": 1004000000,
    "grossProfitRatio": 0.6600920447,
    "researchAndDevelopmentExpenses": 0,
    "generalAndAdministrativeExpenses": 0,
    "sellingAndMarketingExpenses": 0,
    "sellingGeneralAndAdministrativeExpenses": 0,
    "otherExpenses": 602000000,
    "operatingExpenses": 602000000,
    "costAndExpenses": 1766000000,
    "interestIncome": 0,
    "interestExpense": 0,
    "depreciationAndAmortization": 105000000,
    "ebitda": 498000000,
    "ebitdaratio": 0.3274161736,
    "operatingIncome": 393000000,
    "operatingIncomeRatio": 0.258382643,
    "totalOtherIncomeExpensesNet": -154000000,
    "incomeBeforeTax": 239000000,
    "incomeBeforeTaxRatio": 0.1571334648,
    "incomeTaxExpense": 97000000,
    "netIncome": 142000000,
    "netIncomeRatio": 0.0933596318,
    "eps": 0.33,
    "epsdiluted": 0.33,
    "weightedAverageShsOut": 430788000,
    "weightedAverageShsOutDil": 430788000,
    "link": "https://www.sec.gov/Archives/edgar/data/788784/000078878400000021/0000788784-00-000021-index.htm",
    "finalLink": "https://www.sec.gov/Archives/edgar/data/81033/000078878400000021/0000788784-00-000021-0001.txt"
  },
  {
    "date": "2000-03-31",
    "symbol": "PEG",
    "reportedCurrency": "USD",
    "cik": "0000788784",
    "fillingDate": "2000-05-05",
    "acceptedDate": "2000-05-05 00:00:00",
    "calendarYear": "2000",
    "period": "Q1",
    "revenue": 1924000000,
    "costOfRevenue": 696000000,
    "grossProfit": 1228000000,
    "grossProfitRatio": 0.6382536383,
    "researchAndDevelopmentExpenses": 0,
    "generalAndAdministrativeExpenses": 0,
    "sellingAndMarketingExpenses": 0,
    "sellingGeneralAndAdministrativeExpenses": 0,
    "otherExpenses": 618000000,
    "operatingExpenses": 618000000,
    "costAndExpenses": 1880000000,
    "interestIncome": 0,
    "interestExpense": 0,
    "depreciationAndAmortization": 116000000,
    "ebitda": 719000000,
    "ebitdaratio": 0.3737006237,
    "operatingIncome": 603000000,
    "operatingIncomeRatio": 0.3134095634,
    "totalOtherIncomeExpensesNet": -150000000,
    "incomeBeforeTax": 453000000,
    "incomeBeforeTaxRatio": 0.2354469854,
    "incomeTaxExpense": 183000000,
    "netIncome": 270000000,
    "netIncomeRatio": 0.1403326403,
    "eps": 0.63,
    "epsdiluted": 0.63,
    "weightedAverageShsOut": 432874000,
    "weightedAverageShsOutDil": 432874000,
    "link": "https://www.sec.gov/Archives/edgar/data/788784/000078878400000010/0000788784-00-000010-index.html",
    "finalLink": "https://www.sec.gov/Archives/edgar/data/81033/000078878400000010/"
  },
  {
    "date": "1999-12-31",
    "symbol": "PEG",
    "reportedCurrency": "USD",
    "cik": "0000788784",
    "fillingDate": "2000-02-28",
    "acceptedDate": "2000-02-28 00:00:00",
    "calendarYear": "1999",
    "period": "Q4",
    "revenue": 1660000000,
    "costOfRevenue": 524000000,
    "grossProfit": 1136000000,
    "grossProfitRatio": 0.6843373494,
    "researchAndDevelopmentExpenses": 0,
    "generalAndAdministrativeExpenses": 0,
    "sellingAndMarketingExpenses": 0,
    "sellingGeneralAndAdministrativeExpenses": 0,
    "otherExpenses": 700000000,
    "operatingExpenses": 700000000,
    "costAndExpenses": 1224000000,
    "interestIncome": 0,
    "interestExpense": 0,
    "depreciationAndAmortization": 150000000,
    "ebitda": 586000000,
    "ebitdaratio": 0.3530120482,
    "operatingIncome": 436000000,
    "operatingIncomeRatio": 0.2626506024,
    "totalOtherIncomeExpensesNet": -165000000,
    "incomeBeforeTax": 271000000,
    "incomeBeforeTaxRatio": 0.163253012,
    "incomeTaxExpense": 138000000,
    "netIncome": 133000000,
    "netIncomeRatio": 0.0801204819,
    "eps": 0.31,
    "epsdiluted": 0.31,
    "weightedAverageShsOut": 428873351,
    "weightedAverageShsOutDil": 432874000,
    "link": "https://www.sec.gov/Archives/edgar/data/788784/000095011000000138/0000950110-00-000138-index.html",
    "finalLink": "https://www.sec.gov/Archives/edgar/data/81033/000095011000000138/"
  },
  {
    "date": "1999-09-30",
    "symbol": "PEG",
    "reportedCurrency": "USD",
    "cik": "0000788784",
    "fillingDate": "1999-11-12",
    "acceptedDate": "1999-11-12 00:00:00",
    "calendarYear": "1999",
    "period": "Q3",
    "revenue": 1606000000,
    "costOfRevenue": 466000000,
    "grossProfit": 1140000000,
    "grossProfitRatio": 0.7098381071,
    "researchAndDevelopmentExpenses": 0,
    "generalAndAdministrativeExpenses": 0,
    "sellingAndMarketingExpenses": 0,
    "sellingGeneralAndAdministrativeExpenses": 0,
    "otherExpenses": 637000000,
    "operatingExpenses": 637000000,
    "costAndExpenses": 1103000000,
    "interestIncome": 0,
    "interestExpense": 0,
    "depreciationAndAmortization": 148000000,
    "ebitda": 651000000,
    "ebitdaratio": 0.4053549191,
    "operatingIncome": 503000000,
    "operatingIncomeRatio": 0.3132004981,
    "totalOtherIncomeExpensesNet": -123000000,
    "incomeBeforeTax": 380000000,
    "incomeBeforeTaxRatio": 0.2366127024,
    "incomeTaxExpense": 159000000,
    "netIncome": 207000000,
    "netIncomeRatio": 0.1288916563,
    "eps": 0.48,
    "epsdiluted": 0.48,
    "weightedAverageShsOut": 438450000,
    "weightedAverageShsOutDil": 438450000,
    "link": "https://www.sec.gov/Archives/edgar/data/788784/000078878499000037/0000788784-99-000037-index.html",
    "finalLink": "https://www.sec.gov/Archives/edgar/data/81033/000078878499000037/"
  },
  {
    "date": "1999-06-30",
    "symbol": "PEG",
    "reportedCurrency": "USD",
    "cik": "0000788784",
    "fillingDate": "1999-08-16",
    "acceptedDate": "1999-08-16 00:00:00",
    "calendarYear": "1999",
    "period": "Q2",
    "revenue": 1436000000,
    "costOfRevenue": 415000000,
    "grossProfit": 1021000000,
    "grossProfitRatio": 0.7110027855,
    "researchAndDevelopmentExpenses": 0,
    "generalAndAdministrativeExpenses": 0,
    "sellingAndMarketingExpenses": 0,
    "sellingGeneralAndAdministrativeExpenses": 0,
    "otherExpenses": 584000000,
    "operatingExpenses": 584000000,
    "costAndExpenses": 999000000,
    "interestIncome": 0,
    "interestExpense": 0,
    "depreciationAndAmortization": 145000000,
    "ebitda": 601000000,
    "ebitdaratio": 0.4185236769,
    "operatingIncome": 437000000,
    "operatingIncomeRatio": 0.3043175487,
    "totalOtherIncomeExpensesNet": -135000000,
    "incomeBeforeTax": 302000000,
    "incomeBeforeTaxRatio": 0.2103064067,
    "incomeTaxExpense": 121000000,
    "netIncome": -609000000,
    "netIncomeRatio": -0.4240947075,
    "eps": -1.39,
    "epsdiluted": -1.39,
    "weightedAverageShsOut": 439142000,
    "weightedAverageShsOutDil": 439142000,
    "link": "https://www.sec.gov/Archives/edgar/data/788784/000078878499000024/0000788784-99-000024-index.html",
    "finalLink": "https://www.sec.gov/Archives/edgar/data/81033/000078878499000024/"
  },
  {
    "date": "1999-03-31",
    "symbol": "PEG",
    "reportedCurrency": "USD",
    "cik": "0000788784",
    "fillingDate": "1999-05-07",
    "acceptedDate": "1999-05-07 00:00:00",
    "calendarYear": "1999",
    "period": "Q1",
    "revenue": 1795000000,
    "costOfRevenue": 674000000,
    "grossProfit": 1121000000,
    "grossProfitRatio": 0.6245125348,
    "researchAndDevelopmentExpenses": 0,
    "generalAndAdministrativeExpenses": 0,
    "sellingAndMarketingExpenses": 0,
    "sellingGeneralAndAdministrativeExpenses": 0,
    "otherExpenses": 660000000,
    "operatingExpenses": 660000000,
    "costAndExpenses": 1334000000,
    "interestIncome": 0,
    "interestExpense": 0,
    "depreciationAndAmortization": 185000000,
    "ebitda": 646000000,
    "ebitdaratio": 0.3598885794,
    "operatingIncome": 461000000,
    "operatingIncomeRatio": 0.2568245125,
    "totalOtherIncomeExpensesNet": -130000000,
    "incomeBeforeTax": 331000000,
    "incomeBeforeTaxRatio": 0.1844011142,
    "incomeTaxExpense": 143000000,
    "netIncome": 188000000,
    "netIncomeRatio": 0.104735376,
    "eps": 0.43,
    "epsdiluted": 0.43,
    "weightedAverageShsOut": 445406000,
    "weightedAverageShsOutDil": 445406000,
    "link": "https://www.sec.gov/Archives/edgar/data/788784/000078878499000011/0000788784-99-000011-index.html",
    "finalLink": "https://www.sec.gov/Archives/edgar/data/81033/"
  },
  {
    "date": "1998-12-31",
    "symbol": "PEG",
    "reportedCurrency": "USD",
    "cik": "0000788784",
    "fillingDate": "1999-02-23",
    "acceptedDate": "1999-02-23 00:00:00",
    "calendarYear": "1998",
    "period": "Q4",
    "revenue": 1526000000,
    "costOfRevenue": 498000000,
    "grossProfit": 1028000000,
    "grossProfitRatio": 0.6736566186,
    "researchAndDevelopmentExpenses": 0,
    "generalAndAdministrativeExpenses": 0,
    "sellingAndMarketingExpenses": 0,
    "sellingGeneralAndAdministrativeExpenses": 0,
    "otherExpenses": 658000000,
    "operatingExpenses": 658000000,
    "costAndExpenses": 1156000000,
    "interestIncome": 0,
    "interestExpense": 0,
    "depreciationAndAmortization": 200000000,
    "ebitda": 570000000,
    "ebitdaratio": 0.373525557,
    "operatingIncome": 370000000,
    "operatingIncomeRatio": 0.2424639581,
    "totalOtherIncomeExpensesNet": -155000000,
    "incomeBeforeTax": 215000000,
    "incomeBeforeTaxRatio": 0.1408912189,
    "incomeTaxExpense": 64000000,
    "netIncome": 151000000,
    "netIncomeRatio": 0.0989515072,
    "eps": 0.34,
    "epsdiluted": 0.34,
    "weightedAverageShsOut": 445406000,
    "weightedAverageShsOutDil": 445406000,
    "link": "https://www.sec.gov/Archives/edgar/data/788784/000095011099000213/0000950110-99-000213-index.html",
    "finalLink": "https://www.sec.gov/Archives/edgar/data/81033/"
  },
  {
    "date": "1998-09-30",
    "symbol": "PEG",
    "reportedCurrency": "USD",
    "cik": "0000788784",
    "fillingDate": "1998-11-10",
    "acceptedDate": "1998-11-10 00:00:00",
    "calendarYear": "1998",
    "period": "Q3",
    "revenue": 1425000000,
    "costOfRevenue": 403000000,
    "grossProfit": 1022000000,
    "grossProfitRatio": 0.7171929825,
    "researchAndDevelopmentExpenses": 0,
    "generalAndAdministrativeExpenses": 0,
    "sellingAndMarketingExpenses": 0,
    "sellingGeneralAndAdministrativeExpenses": 0,
    "otherExpenses": 574000000,
    "operatingExpenses": 574000000,
    "costAndExpenses": 989000000,
    "interestIncome": 0,
    "interestExpense": 0,
    "depreciationAndAmortization": 188000000,
    "ebitda": 675000000,
    "ebitdaratio": 0.4736842105,
    "operatingIncome": 450000000,
    "operatingIncomeRatio": 0.3157894737,
    "totalOtherIncomeExpensesNet": -128000000,
    "incomeBeforeTax": 314000000,
    "incomeBeforeTaxRatio": 0.2203508772,
    "incomeTaxExpense": 134000000,
    "netIncome": 180000000,
    "netIncomeRatio": 0.1263157895,
    "eps": 0.39,
    "epsdiluted": 0.39,
    "weightedAverageShsOut": 463454000,
    "weightedAverageShsOutDil": 463454000,
    "link": "https://www.sec.gov/Archives/edgar/data/788784/000078878498000025/0000788784-98-000025-index.html",
    "finalLink": "https://www.sec.gov/Archives/edgar/data/81033/"
  },
  {
    "date": "1998-06-30",
    "symbol": "PEG",
    "reportedCurrency": "USD",
    "cik": "0000788784",
    "fillingDate": "1998-08-14",
    "acceptedDate": "1998-08-14 00:00:00",
    "calendarYear": "1998",
    "period": "Q2",
    "revenue": 1557000000,
    "costOfRevenue": 616000000,
    "grossProfit": 941000000,
    "grossProfitRatio": 0.6043673732,
    "researchAndDevelopmentExpenses": 0,
    "generalAndAdministrativeExpenses": 0,
    "sellingAndMarketingExpenses": 0,
    "sellingGeneralAndAdministrativeExpenses": 0,
    "otherExpenses": 598000000,
    "operatingExpenses": 598000000,
    "costAndExpenses": 1021000000,
    "interestIncome": 0,
    "interestExpense": 0,
    "depreciationAndAmortization": 210000000,
    "ebitda": 551000000,
    "ebitdaratio": 0.3538856776,
    "operatingIncome": 341000000,
    "operatingIncomeRatio": 0.2190109184,
    "totalOtherIncomeExpensesNet": -130000000,
    "incomeBeforeTax": 212000000,
    "incomeBeforeTaxRatio": 0.1361592807,
    "incomeTaxExpense": 90000000,
    "netIncome": 122000000,
    "netIncomeRatio": 0.0783558125,
    "eps": 0.27,
    "epsdiluted": 0.27,
    "weightedAverageShsOut": 463916000,
    "weightedAverageShsOutDil": 463916000,
    "link": "https://www.sec.gov/Archives/edgar/data/788784/000078878498000016/0000788784-98-000016-index.html",
    "finalLink": "https://www.sec.gov/Archives/edgar/data/81033/"
  },
  {
    "date": "1998-03-31",
    "symbol": "PEG",
    "reportedCurrency": "USD",
    "cik": "0000788784",
    "fillingDate": "1998-05-13",
    "acceptedDate": "1998-05-13 00:00:00",
    "calendarYear": "1998",
    "period": "Q1",
    "revenue": 1901000000,
    "costOfRevenue": 877000000,
    "grossProfit": 1024000000,
    "grossProfitRatio": 0.5386638611,
    "researchAndDevelopmentExpenses": 0,
    "generalAndAdministrativeExpenses": 0,
    "sellingAndMarketingExpenses": 0,
    "sellingGeneralAndAdministrativeExpenses": 0,
    "otherExpenses": 575000000,
    "operatingExpenses": 575000000,
    "costAndExpenses": 1210000000,
    "interestIncome": 0,
    "interestExpense": 0,
    "depreciationAndAmortization": 157000000,
    "ebitda": 606000000,
    "ebitdaratio": 0.3187795897,
    "operatingIncome": 449000000,
    "operatingIncomeRatio": 0.2361914782,
    "totalOtherIncomeExpensesNet": -126000000,
    "incomeBeforeTax": 323000000,
    "incomeBeforeTaxRatio": 0.1699105734,
    "incomeTaxExpense": 132000000,
    "netIncome": 191000000,
    "netIncomeRatio": 0.100473435,
    "eps": 0.41,
    "epsdiluted": 0.41,
    "weightedAverageShsOut": 463916000,
    "weightedAverageShsOutDil": 463916000,
    "link": "https://www.sec.gov/Archives/edgar/data/788784/000078878498000010/0000788784-98-000010-index.html",
    "finalLink": "https://www.sec.gov/Archives/edgar/data/81033/"
  },
  {
    "date": "1997-12-31",
    "symbol": "PEG",
    "reportedCurrency": "USD",
    "cik": "0000788784",
    "fillingDate": "1998-02-23",
    "acceptedDate": "1998-02-23 00:00:00",
    "calendarYear": "1997",
    "period": "Q4",
    "revenue": 1747000000,
    "costOfRevenue": 672000000,
    "grossProfit": 1075000000,
    "grossProfitRatio": 0.6153405839,
    "researchAndDevelopmentExpenses": 0,
    "generalAndAdministrativeExpenses": 0,
    "sellingAndMarketingExpenses": 0,
    "sellingGeneralAndAdministrativeExpenses": 0,
    "otherExpenses": 705000000,
    "operatingExpenses": 705000000,
    "costAndExpenses": 1377000000,
    "interestIncome": 0,
    "interestExpense": 0,
    "depreciationAndAmortization": 181000000,
    "ebitda": 551000000,
    "ebitdaratio": 0.3153978248,
    "operatingIncome": 370000000,
    "operatingIncomeRatio": 0.2117916428,
    "totalOtherIncomeExpensesNet": -133000000,
    "incomeBeforeTax": 237000000,
    "incomeBeforeTaxRatio": 0.1356611334,
    "incomeTaxExpense": 84000000,
    "netIncome": 153000000,
    "netIncomeRatio": 0.0875787064,
    "eps": 0.33,
    "epsdiluted": 0.33,
    "weightedAverageShsOut": 463916000,
    "weightedAverageShsOutDil": 463916000,
    "link": "https://www.sec.gov/Archives/edgar/data/788784/000078878498000006/0000788784-98-000006-index.html",
    "finalLink": "https://www.sec.gov/Archives/edgar/data/81033/"
  },
  {
    "date": "1997-09-30",
    "symbol": "PEG",
    "reportedCurrency": "USD",
    "cik": "0000788784",
    "fillingDate": "1997-11-14",
    "acceptedDate": "1997-11-14 00:00:00",
    "calendarYear": "1997",
    "period": "Q3",
    "revenue": 1568000000,
    "costOfRevenue": 516000000,
    "grossProfit": 1052000000,
    "grossProfitRatio": 0.6709183673,
    "researchAndDevelopmentExpenses": 0,
    "generalAndAdministrativeExpenses": 0,
    "sellingAndMarketingExpenses": 0,
    "sellingGeneralAndAdministrativeExpenses": 0,
    "otherExpenses": 658000000,
    "operatingExpenses": 658000000,
    "costAndExpenses": 1054000000,
    "interestIncome": 0,
    "interestExpense": 0,
    "depreciationAndAmortization": 170000000,
    "ebitda": 564000000,
    "ebitdaratio": 0.3596938776,
    "operatingIncome": 394000000,
    "operatingIncomeRatio": 0.2512755102,
    "totalOtherIncomeExpensesNet": -125000000,
    "incomeBeforeTax": 269000000,
    "incomeBeforeTaxRatio": 0.1715561224,
    "incomeTaxExpense": 93000000,
    "netIncome": 176000000,
    "netIncomeRatio": 0.112244898,
    "eps": 0.38,
    "epsdiluted": 0.38,
    "weightedAverageShsOut": 463916000,
    "weightedAverageShsOutDil": 463916000,
    "link": "https://www.sec.gov/Archives/edgar/data/788784/000078878497000022/0000788784-97-000022-index.html",
    "finalLink": "https://www.sec.gov/Archives/edgar/data/81033/"
  },
  {
    "date": "1997-06-30",
    "symbol": "PEG",
    "reportedCurrency": "USD",
    "cik": "0000788784",
    "fillingDate": "1997-08-14",
    "acceptedDate": "1997-08-14 00:00:00",
    "calendarYear": "1997",
    "period": "Q2",
    "revenue": 1323000000,
    "costOfRevenue": 422000000,
    "grossProfit": 901000000,
    "grossProfitRatio": 0.6810279667,
    "researchAndDevelopmentExpenses": 0,
    "generalAndAdministrativeExpenses": 0,
    "sellingAndMarketingExpenses": 0,
    "sellingGeneralAndAdministrativeExpenses": 0,
    "otherExpenses": 632000000,
    "operatingExpenses": 632000000,
    "costAndExpenses": 1055000000,
    "interestIncome": 0,
    "interestExpense": 0,
    "depreciationAndAmortization": 172000000,
    "ebitda": 440000000,
    "ebitdaratio": 0.3325774754,
    "operatingIncome": 268000000,
    "operatingIncomeRatio": 0.2025699169,
    "totalOtherIncomeExpensesNet": -129000000,
    "incomeBeforeTax": 142000000,
    "incomeBeforeTaxRatio": 0.1073318216,
    "incomeTaxExpense": 50000000,
    "netIncome": 92000000,
    "netIncomeRatio": 0.0695389267,
    "eps": 0.2,
    "epsdiluted": 0.2,
    "weightedAverageShsOut": 463916000,
    "weightedAverageShsOutDil": 463916000,
    "link": "https://www.sec.gov/Archives/edgar/data/788784/000078878497000015/0000788784-97-000015-index.html",
    "finalLink": "https://www.sec.gov/Archives/edgar/data/81033/"
  },
  {
    "date": "1997-03-31",
    "symbol": "PEG",
    "reportedCurrency": "USD",
    "cik": "0000788784",
    "fillingDate": "1997-05-15",
    "acceptedDate": "1997-05-15 00:00:00",
    "calendarYear": "1997",
    "period": "Q1",
    "revenue": 1733000000,
    "costOfRevenue": 670000000,
    "grossProfit": 1063000000,
    "grossProfitRatio": 0.6133871898,
    "researchAndDevelopmentExpenses": 0,
    "generalAndAdministrativeExpenses": 0,
    "sellingAndMarketingExpenses": 0,
    "sellingGeneralAndAdministrativeExpenses": 0,
    "otherExpenses": 703000000,
    "operatingExpenses": 703000000,
    "costAndExpenses": 1373000000,
    "interestIncome": 0,
    "interestExpense": 0,
    "depreciationAndAmortization": 167000000,
    "ebitda": 526000000,
    "ebitdaratio": 0.3035199077,
    "operatingIncome": 359000000,
    "operatingIncomeRatio": 0.2071552222,
    "totalOtherIncomeExpensesNet": -116000000,
    "incomeBeforeTax": 243000000,
    "incomeBeforeTaxRatio": 0.1402192729,
    "incomeTaxExpense": 103000000,
    "netIncome": 140000000,
    "netIncomeRatio": 0.0807847663,
    "eps": 0.3,
    "epsdiluted": 0.3,
    "weightedAverageShsOut": 464144000,
    "weightedAverageShsOutDil": 464144000,
    "link": "https://www.sec.gov/Archives/edgar/data/788784/000078878497000013/0000788784-97-000013-index.html",
    "finalLink": "https://www.sec.gov/Archives/edgar/data/81033/"
  },
  {
    "date": "1996-12-31",
    "symbol": "PEG",
    "reportedCurrency": "USD",
    "cik": "0000788784",
    "fillingDate": "1997-02-27",
    "acceptedDate": "1997-02-27 00:00:00",
    "calendarYear": "1996",
    "period": "Q4",
    "revenue": 1574200000,
    "costOfRevenue": 567000000,
    "grossProfit": 1007200000,
    "grossProfitRatio": 0.6398170499,
    "researchAndDevelopmentExpenses": 0,
    "generalAndAdministrativeExpenses": 0,
    "sellingAndMarketingExpenses": 0,
    "sellingGeneralAndAdministrativeExpenses": 0,
    "otherExpenses": 689400000,
    "operatingExpenses": 689400000,
    "costAndExpenses": 1256400000,
    "interestIncome": 0,
    "interestExpense": 0,
    "depreciationAndAmortization": 0,
    "ebitda": 487800000,
    "ebitdaratio": 0.3098716809,
    "operatingIncome": 317800000,
    "operatingIncomeRatio": 0.2018803202,
    "totalOtherIncomeExpensesNet": -124300000,
    "incomeBeforeTax": 193500000,
    "incomeBeforeTaxRatio": 0.1229195782,
    "incomeTaxExpense": 66300000,
    "netIncome": 127200000,
    "netIncomeRatio": 0.0808029475,
    "eps": 0.27,
    "epsdiluted": 0.27,
    "weightedAverageShsOut": 464143208,
    "weightedAverageShsOutDil": 464143208,
    "link": "https://www.sec.gov/Archives/edgar/data/788784/000078878497000011/0000788784-97-000011-index.html",
    "finalLink": "https://www.sec.gov/Archives/edgar/data/81033/"
  },
  {
    "date": "1996-09-30",
    "symbol": "PEG",
    "reportedCurrency": "USD",
    "cik": "0000788784",
    "fillingDate": "1996-11-14",
    "acceptedDate": "1996-11-14 00:00:00",
    "calendarYear": "1996",
    "period": "Q3",
    "revenue": 1333900000,
    "costOfRevenue": 394000000,
    "grossProfit": 939900000,
    "grossProfitRatio": 0.7046255341,
    "researchAndDevelopmentExpenses": 0,
    "generalAndAdministrativeExpenses": 0,
    "sellingAndMarketingExpenses": 0,
    "sellingGeneralAndAdministrativeExpenses": 0,
    "otherExpenses": 606000000,
    "operatingExpenses": 606000000,
    "costAndExpenses": 1000000000,
    "interestIncome": 0,
    "interestExpense": 0,
    "depreciationAndAmortization": 169000000,
    "ebitda": 504000000,
    "ebitdaratio": 0.3778394182,
    "operatingIncome": 335000000,
    "operatingIncomeRatio": 0.2511432641,
    "totalOtherIncomeExpensesNet": -125000000,
    "incomeBeforeTax": 209100000,
    "incomeBeforeTaxRatio": 0.1567583777,
    "incomeTaxExpense": 69800000,
    "netIncome": 155800000,
    "netIncomeRatio": 0.1168003598,
    "eps": 0.32,
    "epsdiluted": 0.28,
    "weightedAverageShsOut": 486228000,
    "weightedAverageShsOutDil": 486228000,
    "link": "https://www.sec.gov/Archives/edgar/data/788784/000078878496000038/0000788784-96-000038-index.html",
    "finalLink": "https://www.sec.gov/Archives/edgar/data/81033/"
  },
  {
    "date": "1996-06-30",
    "symbol": "PEG",
    "reportedCurrency": "USD",
    "cik": "0000788784",
    "fillingDate": "1996-08-14",
    "acceptedDate": "1996-08-14 00:00:00",
    "calendarYear": "1996",
    "period": "Q2",
    "revenue": 1336000000,
    "costOfRevenue": 402500000,
    "grossProfit": 933500000,
    "grossProfitRatio": 0.6987275449,
    "researchAndDevelopmentExpenses": 0,
    "generalAndAdministrativeExpenses": 0,
    "sellingAndMarketingExpenses": 0,
    "sellingGeneralAndAdministrativeExpenses": 0,
    "otherExpenses": 641000000,
    "operatingExpenses": 641000000,
    "costAndExpenses": 1044000000,
    "interestIncome": 0,
    "interestExpense": 0,
    "depreciationAndAmortization": 169000000,
    "ebitda": 462000000,
    "ebitdaratio": 0.3458083832,
    "operatingIncome": 293000000,
    "operatingIncomeRatio": 0.2193113772,
    "totalOtherIncomeExpensesNet": -102000000,
    "incomeBeforeTax": 191500000,
    "incomeBeforeTaxRatio": 0.1433383234,
    "incomeTaxExpense": 56100000,
    "netIncome": 134500000,
    "netIncomeRatio": 0.1006736527,
    "eps": 0.28,
    "epsdiluted": 0.28,
    "weightedAverageShsOut": 489395860,
    "weightedAverageShsOutDil": 489395860,
    "link": "https://www.sec.gov/Archives/edgar/data/788784/000078878496000024/0000788784-96-000024-index.html",
    "finalLink": "https://www.sec.gov/Archives/edgar/data/81033/"
  },
  {
    "date": "1996-03-31",
    "symbol": "PEG",
    "reportedCurrency": "USD",
    "cik": "0000788784",
    "fillingDate": "1996-05-15",
    "acceptedDate": "1996-05-15 00:00:00",
    "calendarYear": "1996",
    "period": "Q1",
    "revenue": 1865700000,
    "costOfRevenue": 672800000,
    "grossProfit": 1192900000,
    "grossProfitRatio": 0.6393846814,
    "researchAndDevelopmentExpenses": 0,
    "generalAndAdministrativeExpenses": 0,
    "sellingAndMarketingExpenses": 0,
    "sellingGeneralAndAdministrativeExpenses": 0,
    "otherExpenses": 717000000,
    "operatingExpenses": 717000000,
    "costAndExpenses": 1390000000,
    "interestIncome": 0,
    "interestExpense": 0,
    "depreciationAndAmortization": 161000000,
    "ebitda": 569000000,
    "ebitdaratio": 0.3049793643,
    "operatingIncome": 408000000,
    "operatingIncomeRatio": 0.218684676,
    "totalOtherIncomeExpensesNet": -124000000,
    "incomeBeforeTax": 295500000,
    "incomeBeforeTaxRatio": 0.1583855925,
    "incomeTaxExpense": 101400000,
    "netIncome": 194100000,
    "netIncomeRatio": 0.1040360187,
    "eps": 0.4,
    "epsdiluted": 0.4,
    "weightedAverageShsOut": 489395860,
    "weightedAverageShsOutDil": 489395860,
    "link": "https://www.sec.gov/Archives/edgar/data/788784/000078878496000015/0000788784-96-000015-index.html",
    "finalLink": "https://www.sec.gov/Archives/edgar/data/81033/"
  },
  {
    "date": "1995-12-31",
    "symbol": "PEG",
    "reportedCurrency": "USD",
    "cik": "0000788784",
    "fillingDate": "1996-02-23",
    "acceptedDate": "1996-02-23 00:00:00",
    "calendarYear": "1995",
    "period": "Q4",
    "revenue": 1666900000,
    "costOfRevenue": 544800000,
    "grossProfit": 1122100000,
    "grossProfitRatio": 0.6731657568,
    "researchAndDevelopmentExpenses": 0,
    "generalAndAdministrativeExpenses": 0,
    "sellingAndMarketingExpenses": 0,
    "sellingGeneralAndAdministrativeExpenses": 0,
    "otherExpenses": 763000000,
    "operatingExpenses": 763000000,
    "costAndExpenses": 1307800000,
    "interestIncome": 0,
    "interestExpense": 0,
    "depreciationAndAmortization": 0,
    "ebitda": 548000000,
    "ebitdaratio": 0.3287539744,
    "operatingIncome": 359100000,
    "operatingIncomeRatio": 0.2154298398,
    "totalOtherIncomeExpensesNet": -126300000,
    "incomeBeforeTax": 232800000,
    "incomeBeforeTaxRatio": 0.1396604475,
    "incomeTaxExpense": 80500000,
    "netIncome": 152300000,
    "netIncomeRatio": 0.0913672086,
    "eps": 0.31,
    "epsdiluted": 0.31,
    "weightedAverageShsOut": 482801235,
    "weightedAverageShsOutDil": 491392405,
    "link": "https://www.sec.gov/Archives/edgar/data/788784/000078878496000002/0000788784-96-000002-index.html",
    "finalLink": "https://www.sec.gov/Archives/edgar/data/81033/"
  },
  {
    "date": "1995-09-30",
    "symbol": "PEG",
    "reportedCurrency": "USD",
    "cik": "0000788784",
    "fillingDate": "1995-11-14",
    "acceptedDate": "1995-11-14 00:00:00",
    "calendarYear": "1995",
    "period": "Q3",
    "revenue": 1492100000,
    "costOfRevenue": 379900000,
    "grossProfit": 1112200000,
    "grossProfitRatio": 0.7453924,
    "researchAndDevelopmentExpenses": 0,
    "generalAndAdministrativeExpenses": 0,
    "sellingAndMarketingExpenses": 0,
    "sellingGeneralAndAdministrativeExpenses": 0,
    "otherExpenses": 633600000,
    "operatingExpenses": 633600000,
    "costAndExpenses": 1013500000,
    "interestIncome": 0,
    "interestExpense": 0,
    "depreciationAndAmortization": 0,
    "ebitda": 567200000,
    "ebitdaratio": 0.3801353797,
    "operatingIncome": 419300000,
    "operatingIncomeRatio": 0.2810133369,
    "totalOtherIncomeExpensesNet": -118300000,
    "incomeBeforeTax": 297900000,
    "incomeBeforeTaxRatio": 0.1996514979,
    "incomeTaxExpense": 111100000,
    "netIncome": 186800000,
    "netIncomeRatio": 0.1251926815,
    "eps": 0.38,
    "epsdiluted": 0.38,
    "weightedAverageShsOut": 491578947,
    "weightedAverageShsOutDil": 491578947,
    "link": "https://www.sec.gov/Archives/edgar/data/788784/000008103395000018/0000081033-95-000018-index.html",
    "finalLink": "https://www.sec.gov/Archives/edgar/data/81033/"
  }
]