[
  {
    "date": "2024-12-31",
    "symbol": "PEG",
    "reportedCurrency": "USD",
    "cik": "0000788784",
    "fillingDate": "2025-02-25",
    "acceptedDate": "2025-02-25 17:24:49",
    "calendarYear": "2024",
    "period": "FY",
    "revenue": 10290000000,
    "costOfRevenue": 6749000000,
    "grossProfit": 3541000000,
    "grossProfitRatio": 0.3441205053,
    "researchAndDevelopmentExpenses": 0,
    "generalAndAdministrativeExpenses": 0,
    "sellingAndMarketingExpenses": 0,
    "sellingGeneralAndAdministrativeExpenses": 0,
    "otherExpenses": 1188000000,
    "operatingExpenses": 1188000000,
    "costAndExpenses": 7937000000,
    "interestIncome": 113000000,
    "interestExpense": 841000000,
    "depreciationAndAmortization": 1373000000,
    "ebitda": 4039000000,
    "ebitdaratio": 0.3925170068,
    "operatingIncome": 2353000000,
    "operatingIncomeRatio": 0.2286686103,
    "totalOtherIncomeExpensesNet": -528000000,
    "incomeBeforeTax": 1825000000,
    "incomeBeforeTaxRatio": 0.1773566569,
    "incomeTaxExpense": 53000000,
    "netIncome": 1772000000,
    "netIncomeRatio": 0.1722060253,
    "eps": 3.56,
    "epsdiluted": 3.54,
    "weightedAverageShsOut": 498000000,
    "weightedAverageShsOutDil": 500000000,
    "link": "https://www.sec.gov/Archives/edgar/data/788784/000095017025026874/0000950170-25-026874-index.htm",
    "finalLink": "https://www.sec.gov/Archives/edgar/data/788784/000095017025026874/peg-20241231.htm"
  },
  {
    "date": "2023-12-31",
    "symbol": "PEG",
    "reportedCurrency": "USD",
    "cik": "0000788784",
    "fillingDate": "2024-02-26",
    "acceptedDate": "2024-02-26 16:26:07",
    "calendarYear": "2023",
    "period": "FY",
    "revenue": 11237000000,
    "costOfRevenue": 6410000000,
    "grossProfit": 4827000000,
    "grossProfitRatio": 0.4295630506,
    "researchAndDevelopmentExpenses": 0,
    "generalAndAdministrativeExpenses": 218000000,
    "sellingAndMarketingExpenses": 0,
    "sellingGeneralAndAdministrativeExpenses": 218000000,
    "otherExpenses": 924000000,
    "operatingExpenses": 1142000000,
    "costAndExpenses": 7552000000,
    "interestIncome": 121000000,
    "interestExpense": 688000000,
    "depreciationAndAmortization": 1324000000,
    "ebitda": 5093000000,
    "ebitdaratio": 0.4532348492,
    "operatingIncome": 3685000000,
    "operatingIncomeRatio": 0.3279345021,
    "totalOtherIncomeExpensesNet": -604000000,
    "incomeBeforeTax": 3081000000,
    "incomeBeforeTaxRatio": 0.2741835009,
    "incomeTaxExpense": 518000000,
    "netIncome": 2563000000,
    "netIncomeRatio": 0.228085788,
    "eps": 5.15,
    "epsdiluted": 5.13,
    "weightedAverageShsOut": 498000000,
    "weightedAverageShsOutDil": 500000000,
    "link": "https://www.sec.gov/Archives/edgar/data/788784/000162828024006885/0001628280-24-006885-index.htm",
    "finalLink": "https://www.sec.gov/Archives/edgar/data/81033/000162828024006885/pseg-20231231.htm"
  },
  {
    "date": "2022-12-31",
    "symbol": "PEG",
    "reportedCurrency": "USD",
    "cik": "0000788784",
    "fillingDate": "2023-02-22",
    "acceptedDate": "2023-02-21 19:56:44",
    "calendarYear": "2022",
    "period": "FY",
    "revenue": 9800000000,
    "costOfRevenue": 7196000000,
    "grossProfit": 2604000000,
    "grossProfitRatio": 0.2657142857,
    "researchAndDevelopmentExpenses": 0,
    "generalAndAdministrativeExpenses": -376000000,
    "sellingAndMarketingExpenses": 0,
    "sellingGeneralAndAdministrativeExpenses": -376000000,
    "otherExpenses": 1599000000,
    "operatingExpenses": 1223000000,
    "costAndExpenses": 8419000000,
    "interestIncome": 93000000,
    "interestExpense": 563000000,
    "depreciationAndAmortization": 1283000000,
    "ebitda": 2848000000,
    "ebitdaratio": 0.2906122449,
    "operatingIncome": 1381000000,
    "operatingIncomeRatio": 0.1409183673,
    "totalOtherIncomeExpensesNet": -379000000,
    "incomeBeforeTax": 1002000000,
    "incomeBeforeTaxRatio": 0.102244898,
    "incomeTaxExpense": -29000000,
    "netIncome": 1031000000,
    "netIncomeRatio": 0.1052040816,
    "eps": 2.07,
    "epsdiluted": 2.06,
    "weightedAverageShsOut": 498000000,
    "weightedAverageShsOutDil": 501000000,
    "link": "https://www.sec.gov/Archives/edgar/data/788784/000162828023004411/0001628280-23-004411-index.htm",
    "finalLink": "https://www.sec.gov/Archives/edgar/data/81033/000162828023004411/pseg-20221231.htm"
  },
  {
    "date": "2021-12-31",
    "symbol": "PEG",
    "reportedCurrency": "USD",
    "cik": "0000788784",
    "fillingDate": "2022-02-24",
    "acceptedDate": "2022-02-24 17:12:39",
    "calendarYear": "2021",
    "period": "FY",
    "revenue": 9722000000,
    "costOfRevenue": 6725000000,
    "grossProfit": 2997000000,
    "grossProfitRatio": 0.3082699033,
    "researchAndDevelopmentExpenses": 0,
    "generalAndAdministrativeExpenses": -328000000,
    "sellingAndMarketingExpenses": 0,
    "sellingGeneralAndAdministrativeExpenses": -328000000,
    "otherExpenses": 4181000000,
    "operatingExpenses": 3853000000,
    "costAndExpenses": 10578000000,
    "interestIncome": 79000000,
    "interestExpense": 500000000,
    "depreciationAndAmortization": 1403000000,
    "ebitda": 814000000,
    "ebitdaratio": 0.0837276281,
    "operatingIncome": -856000000,
    "operatingIncomeRatio": -0.0880477268,
    "totalOtherIncomeExpensesNet": -233000000,
    "incomeBeforeTax": -1089000000,
    "incomeBeforeTaxRatio": -0.1120139889,
    "incomeTaxExpense": -441000000,
    "netIncome": -648000000,
    "netIncomeRatio": -0.0666529521,
    "eps": -1.29,
    "epsdiluted": -1.29,
    "weightedAverageShsOut": 504000000,
    "weightedAverageShsOutDil": 504000000,
    "link": "https://www.sec.gov/Archives/edgar/data/788784/000162828022003860/0001628280-22-003860-index.htm",
    "finalLink": "https://www.sec.gov/Archives/edgar/data/81033/000162828022003860/pseg-20211231.htm"
  },
  {
    "date": "2020-12-31",
    "symbol": "PEG",
    "reportedCurrency": "USD",
    "cik": "0000788784",
    "fillingDate": "2021-03-01",
    "acceptedDate": "2021-02-26 18:54:08",
    "calendarYear": "2020",
    "period": "FY",
    "revenue": 9603000000,
    "costOfRevenue": 6171000000,
    "grossProfit": 3432000000,
    "grossProfitRatio": 0.3573883162,
    "researchAndDevelopmentExpenses": 0,
    "generalAndAdministrativeExpenses": 0,
    "sellingAndMarketingExpenses": 0,
    "sellingGeneralAndAdministrativeExpenses": 0,
    "otherExpenses": 1162000000,
    "operatingExpenses": 1162000000,
    "costAndExpenses": 7333000000,
    "interestIncome": 67000000,
    "interestExpense": 513000000,
    "depreciationAndAmortization": 1469000000,
    "ebitda": 4283000000,
    "ebitdaratio": 0.4460064563,
    "operatingIncome": 2270000000,
    "operatingIncomeRatio": 0.2363844632,
    "totalOtherIncomeExpensesNet": 31000000,
    "incomeBeforeTax": 2301000000,
    "incomeBeforeTaxRatio": 0.2396126211,
    "incomeTaxExpense": 396000000,
    "netIncome": 1905000000,
    "netIncomeRatio": 0.1983755077,
    "eps": 3.78,
    "epsdiluted": 3.76,
    "weightedAverageShsOut": 504000000,
    "weightedAverageShsOutDil": 507000000,
    "link": "https://www.sec.gov/Archives/edgar/data/788784/000078878421000007/0000788784-21-000007-index.htm",
    "finalLink": "https://www.sec.gov/Archives/edgar/data/81033/000078878421000007/pseg-20201231.htm"
  },
  {
    "date": "2019-12-31",
    "symbol": "PEG",
    "reportedCurrency": "USD",
    "cik": "0000788784",
    "fillingDate": "2020-02-26",
    "acceptedDate": "2020-02-26 17:15:29",
    "calendarYear": "2019",
    "period": "FY",
    "revenue": 10076000000,
    "costOfRevenue": 6483000000,
    "grossProfit": 3593000000,
    "grossProfitRatio": 0.3565899166,
    "researchAndDevelopmentExpenses": 0,
    "generalAndAdministrativeExpenses": 0,
    "sellingAndMarketingExpenses": 0,
    "sellingGeneralAndAdministrativeExpenses": 0,
    "otherExpenses": 1650000000,
    "operatingExpenses": 1650000000,
    "costAndExpenses": 8133000000,
    "interestIncome": 73000000,
    "interestExpense": 510000000,
    "depreciationAndAmortization": 1426000000,
    "ebitda": 3886000000,
    "ebitdaratio": 0.3856689162,
    "operatingIncome": 1943000000,
    "operatingIncomeRatio": 0.1928344581,
    "totalOtherIncomeExpensesNet": 7000000,
    "incomeBeforeTax": 1950000000,
    "incomeBeforeTaxRatio": 0.1935291782,
    "incomeTaxExpense": 257000000,
    "netIncome": 1693000000,
    "netIncomeRatio": 0.168023025,
    "eps": 3.36,
    "epsdiluted": 3.34,
    "weightedAverageShsOut": 504000000,
    "weightedAverageShsOutDil": 507000000,
    "link": "https://www.sec.gov/Archives/edgar/data/788784/000078878420000004/0000788784-20-000004-index.htm",
    "finalLink": "https://www.sec.gov/Archives/edgar/data/81033/000078878420000004/pseg201910k.htm"
  },
  {
    "date": "2018-12-31",
    "symbol": "PEG",
    "reportedCurrency": "USD",
    "cik": "0000788784",
    "fillingDate": "2019-02-28",
    "acceptedDate": "2019-02-27 19:35:09",
    "calendarYear": "2018",
    "period": "FY",
    "revenue": 9696000000,
    "costOfRevenue": 6240000000,
    "grossProfit": 3456000000,
    "grossProfitRatio": 0.3564356436,
    "researchAndDevelopmentExpenses": 0,
    "generalAndAdministrativeExpenses": 0,
    "sellingAndMarketingExpenses": 0,
    "sellingGeneralAndAdministrativeExpenses": 0,
    "otherExpenses": 1104000000,
    "operatingExpenses": 1104000000,
    "costAndExpenses": 7398000000,
    "interestIncome": 18000000,
    "interestExpense": 476000000,
    "depreciationAndAmortization": 1345000000,
    "ebitda": 3676000000,
    "ebitdaratio": 0.3791254125,
    "operatingIncome": 2298000000,
    "operatingIncomeRatio": 0.2370049505,
    "totalOtherIncomeExpensesNet": -443000000,
    "incomeBeforeTax": 1855000000,
    "incomeBeforeTaxRatio": 0.1913160066,
    "incomeTaxExpense": 417000000,
    "netIncome": 1438000000,
    "netIncomeRatio": 0.1483085809,
    "eps": 2.85,
    "epsdiluted": 2.84,
    "weightedAverageShsOut": 504000000,
    "weightedAverageShsOutDil": 507000000,
    "link": "https://www.sec.gov/Archives/edgar/data/788784/000078878419000005/0000788784-19-000005-index.htm",
    "finalLink": "https://www.sec.gov/Archives/edgar/data/81033/000078878419000005/pseg201810k.htm"
  },
  {
    "date": "2017-12-31",
    "symbol": "PEG",
    "reportedCurrency": "USD",
    "cik": "0000788784",
    "fillingDate": "2018-02-26",
    "acceptedDate": "2018-02-26 09:22:03",
    "calendarYear": "2017",
    "period": "FY",
    "revenue": 9084000000,
    "costOfRevenue": 5669000000,
    "grossProfit": 3415000000,
    "grossProfitRatio": 0.3759357111,
    "researchAndDevelopmentExpenses": 0,
    "generalAndAdministrativeExpenses": 0,
    "sellingAndMarketingExpenses": 0,
    "sellingGeneralAndAdministrativeExpenses": 0,
    "otherExpenses": 1986000000,
    "operatingExpenses": 1986000000,
    "costAndExpenses": 7665000000,
    "interestIncome": 21000000,
    "interestExpense": 391000000,
    "depreciationAndAmortization": 2185000000,
    "ebitda": 3844000000,
    "ebitdaratio": 0.4231616028,
    "operatingIncome": 1429000000,
    "operatingIncomeRatio": 0.1573095553,
    "totalOtherIncomeExpensesNet": -161000000,
    "incomeBeforeTax": 1268000000,
    "incomeBeforeTaxRatio": 0.1395860854,
    "incomeTaxExpense": -306000000,
    "netIncome": 1574000000,
    "netIncomeRatio": 0.1732716865,
    "eps": 3.1,
    "epsdiluted": 3.1,
    "weightedAverageShsOut": 505000000,
    "weightedAverageShsOutDil": 507000000,
    "link": "https://www.sec.gov/Archives/edgar/data/788784/000078878418000004/0000788784-18-000004-index.htm",
    "finalLink": "https://www.sec.gov/Archives/edgar/data/81033/000078878418000004/pseg201710kq4.htm"
  },
  {
    "date": "2016-12-31",
    "symbol": "PEG",
    "reportedCurrency": "USD",
    "cik": "0000788784",
    "fillingDate": "2017-02-27",
    "acceptedDate": "2017-02-27 17:28:47",
    "calendarYear": "2016",
    "period": "FY",
    "revenue": 9061000000,
    "costOfRevenue": 6009000000,
    "grossProfit": 3052000000,
    "grossProfitRatio": 0.3368281647,
    "researchAndDevelopmentExpenses": 0,
    "generalAndAdministrativeExpenses": 0,
    "sellingAndMarketingExpenses": 0,
    "sellingGeneralAndAdministrativeExpenses": 0,
    "otherExpenses": 1476000000,
    "operatingExpenses": 1476000000,
    "costAndExpenses": 7368000000,
    "interestIncome": 22000000,
    "interestExpense": 385000000,
    "depreciationAndAmortization": 1679000000,
    "ebitda": 3362000000,
    "ebitdaratio": 0.371040724,
    "operatingIncome": 1598000000,
    "operatingIncomeRatio": 0.1763602251,
    "totalOtherIncomeExpensesNet": -300000000,
    "incomeBeforeTax": 1298000000,
    "incomeBeforeTaxRatio": 0.1432512968,
    "incomeTaxExpense": 411000000,
    "netIncome": 887000000,
    "netIncomeRatio": 0.0978920649,
    "eps": 1.76,
    "epsdiluted": 1.75,
    "weightedAverageShsOut": 505000000,
    "weightedAverageShsOutDil": 508000000,
    "link": "https://www.sec.gov/Archives/edgar/data/788784/000078878417000003/0000788784-17-000003-index.htm",
    "finalLink": "https://www.sec.gov/Archives/edgar/data/81033/000078878417000003/pseg201610kq4.htm"
  },
  {
    "date": "2015-12-31",
    "symbol": "PEG",
    "reportedCurrency": "USD",
    "cik": "0000788784",
    "fillingDate": "2016-02-26",
    "acceptedDate": "2016-02-25 21:14:33",
    "calendarYear": "2015",
    "period": "FY",
    "revenue": 10415000000,
    "costOfRevenue": 6239000000,
    "grossProfit": 4176000000,
    "grossProfitRatio": 0.4009601536,
    "researchAndDevelopmentExpenses": 0,
    "generalAndAdministrativeExpenses": 0,
    "sellingAndMarketingExpenses": 0,
    "sellingGeneralAndAdministrativeExpenses": 0,
    "otherExpenses": 1214000000,
    "operatingExpenses": 1214000000,
    "costAndExpenses": 7453000000,
    "interestIncome": 23000000,
    "interestExpense": 393000000,
    "depreciationAndAmortization": 1427000000,
    "ebitda": 4500000000,
    "ebitdaratio": 0.4320691311,
    "operatingIncome": 2962000000,
    "operatingIncomeRatio": 0.2843975036,
    "totalOtherIncomeExpensesNet": -282000000,
    "incomeBeforeTax": 2680000000,
    "incomeBeforeTaxRatio": 0.2573211714,
    "incomeTaxExpense": 1001000000,
    "netIncome": 1679000000,
    "netIncomeRatio": 0.1612097936,
    "eps": 3.32,
    "epsdiluted": 3.3,
    "weightedAverageShsOut": 505000000,
    "weightedAverageShsOutDil": 508000000,
    "link": "https://www.sec.gov/Archives/edgar/data/788784/000078878416000014/0000788784-16-000014-index.htm",
    "finalLink": "https://www.sec.gov/Archives/edgar/data/81033/000078878416000014/pseg201510kq4.htm"
  },
  {
    "date": "2014-12-31",
    "symbol": "PEG",
    "reportedCurrency": "USD",
    "cik": "0000788784",
    "fillingDate": "2015-02-26",
    "acceptedDate": "2015-02-25 18:45:07",
    "calendarYear": "2014",
    "period": "FY",
    "revenue": 10886000000,
    "costOfRevenue": 7036000000,
    "grossProfit": 3850000000,
    "grossProfitRatio": 0.3536652581,
    "researchAndDevelopmentExpenses": 0,
    "generalAndAdministrativeExpenses": 0,
    "sellingAndMarketingExpenses": 0,
    "sellingGeneralAndAdministrativeExpenses": 0,
    "otherExpenses": 1227000000,
    "operatingExpenses": 1227000000,
    "costAndExpenses": 8263000000,
    "interestIncome": 24000000,
    "interestExpense": 389000000,
    "depreciationAndAmortization": 1427000000,
    "ebitda": 4272000000,
    "ebitdaratio": 0.3924306449,
    "operatingIncome": 2623000000,
    "operatingIncomeRatio": 0.2409516811,
    "totalOtherIncomeExpensesNet": -167000000,
    "incomeBeforeTax": 2456000000,
    "incomeBeforeTaxRatio": 0.2256108764,
    "incomeTaxExpense": 938000000,
    "netIncome": 1518000000,
    "netIncomeRatio": 0.1394451589,
    "eps": 3,
    "epsdiluted": 2.99,
    "weightedAverageShsOut": 506000000,
    "weightedAverageShsOutDil": 508000000,
    "link": "https://www.sec.gov/Archives/edgar/data/788784/000078878415000002/0000788784-15-000002-index.htm",
    "finalLink": "https://www.sec.gov/Archives/edgar/data/81033/000078878415000002/pseg201410kq4.htm"
  },
  {
    "date": "2013-12-31",
    "symbol": "PEG",
    "reportedCurrency": "USD",
    "cik": "0000788784",
    "fillingDate": "2014-02-26",
    "acceptedDate": "2014-02-26 17:26:36",
    "calendarYear": "2013",
    "period": "FY",
    "revenue": 9968000000,
    "costOfRevenue": 6423000000,
    "grossProfit": 3545000000,
    "grossProfitRatio": 0.3556380417,
    "researchAndDevelopmentExpenses": 0,
    "generalAndAdministrativeExpenses": 0,
    "sellingAndMarketingExpenses": 0,
    "sellingGeneralAndAdministrativeExpenses": 0,
    "otherExpenses": 1246000000,
    "operatingExpenses": 1246000000,
    "costAndExpenses": 7669000000,
    "interestIncome": 23000000,
    "interestExpense": 402000000,
    "depreciationAndAmortization": 1370000000,
    "ebitda": 3827000000,
    "ebitdaratio": 0.3839285714,
    "operatingIncome": 2299000000,
    "operatingIncomeRatio": 0.2306380417,
    "totalOtherIncomeExpensesNet": -244000000,
    "incomeBeforeTax": 2055000000,
    "incomeBeforeTaxRatio": 0.2061597111,
    "incomeTaxExpense": 812000000,
    "netIncome": 1243000000,
    "netIncomeRatio": 0.1246990369,
    "eps": 2.46,
    "epsdiluted": 2.45,
    "weightedAverageShsOut": 505889000,
    "weightedAverageShsOutDil": 507525000,
    "link": "https://www.sec.gov/Archives/edgar/data/788784/000078878414000004/0000788784-14-000004-index.htm",
    "finalLink": "https://www.sec.gov/Archives/edgar/data/81033/000078878414000004/pseg201310k.htm"
  },
  {
    "date": "2012-12-31",
    "symbol": "PEG",
    "reportedCurrency": "USD",
    "cik": "0000788784",
    "fillingDate": "2013-02-26",
    "acceptedDate": "2013-02-25 21:47:38",
    "calendarYear": "2012",
    "period": "FY",
    "revenue": 9781000000,
    "costOfRevenue": 6351000000,
    "grossProfit": 3430000000,
    "grossProfitRatio": 0.3506798896,
    "researchAndDevelopmentExpenses": 0,
    "generalAndAdministrativeExpenses": 0,
    "sellingAndMarketingExpenses": 0,
    "sellingGeneralAndAdministrativeExpenses": 0,
    "otherExpenses": 1152000000,
    "operatingExpenses": 1152000000,
    "costAndExpenses": 7503000000,
    "interestIncome": 18000000,
    "interestExpense": 423000000,
    "depreciationAndAmortization": 1227000000,
    "ebitda": 3661000000,
    "ebitdaratio": 0.3742971066,
    "operatingIncome": 2278000000,
    "operatingIncomeRatio": 0.2329005214,
    "totalOtherIncomeExpensesNet": -267000000,
    "incomeBeforeTax": 2011000000,
    "incomeBeforeTaxRatio": 0.2056026991,
    "incomeTaxExpense": 736000000,
    "netIncome": 1275000000,
    "netIncomeRatio": 0.1303547695,
    "eps": 2.52,
    "epsdiluted": 0.07,
    "weightedAverageShsOut": 505906000,
    "weightedAverageShsOutDil": 507231000,
    "link": "https://www.sec.gov/Archives/edgar/data/788784/000078878413000003/0000788784-13-000003-index.htm",
    "finalLink": "https://www.sec.gov/Archives/edgar/data/81033/000078878413000003/pseg201210k.htm"
  },
  {
    "date": "2011-12-31",
    "symbol": "PEG",
    "reportedCurrency": "USD",
    "cik": "0000788784",
    "fillingDate": "2012-02-27",
    "acceptedDate": "2012-02-27 16:50:41",
    "calendarYear": "2011",
    "period": "FY",
    "revenue": 11079000000,
    "costOfRevenue": 4747000000,
    "grossProfit": 6332000000,
    "grossProfitRatio": 0.5715317267,
    "researchAndDevelopmentExpenses": 0,
    "generalAndAdministrativeExpenses": 0,
    "sellingAndMarketingExpenses": 0,
    "sellingGeneralAndAdministrativeExpenses": 0,
    "otherExpenses": 1109000000,
    "operatingExpenses": 1109000000,
    "costAndExpenses": 8337000000,
    "interestIncome": 10000000,
    "interestExpense": 475000000,
    "depreciationAndAmortization": 1135000000,
    "ebitda": 3994000000,
    "ebitdaratio": 0.3605018503,
    "operatingIncome": 2742000000,
    "operatingIncomeRatio": 0.2474952613,
    "totalOtherIncomeExpensesNet": -358000000,
    "incomeBeforeTax": 2384000000,
    "incomeBeforeTaxRatio": 0.2151818756,
    "incomeTaxExpense": 977000000,
    "netIncome": 1503000000,
    "netIncomeRatio": 0.1356620634,
    "eps": 2.97,
    "epsdiluted": 2.96,
    "weightedAverageShsOut": 505949000,
    "weightedAverageShsOutDil": 506982000,
    "link": "https://www.sec.gov/Archives/edgar/data/788784/000119312512081813/0001193125-12-081813-index.htm",
    "finalLink": "https://www.sec.gov/Archives/edgar/data/81033/000119312512081813/d257198d10k.htm"
  },
  {
    "date": "2010-12-31",
    "symbol": "PEG",
    "reportedCurrency": "USD",
    "cik": "0000788784",
    "fillingDate": "2011-02-25",
    "acceptedDate": "2011-02-25 15:45:24",
    "calendarYear": "2010",
    "period": "FY",
    "revenue": 11793000000,
    "costOfRevenue": 5261000000,
    "grossProfit": 6532000000,
    "grossProfitRatio": 0.5538878996,
    "researchAndDevelopmentExpenses": 0,
    "generalAndAdministrativeExpenses": 0,
    "sellingAndMarketingExpenses": 0,
    "sellingGeneralAndAdministrativeExpenses": 0,
    "otherExpenses": 1091000000,
    "operatingExpenses": 1091000000,
    "costAndExpenses": 8856000000,
    "interestIncome": 6000000,
    "interestExpense": 472000000,
    "depreciationAndAmortization": 1110000000,
    "ebitda": 4198000000,
    "ebitdaratio": 0.3559738828,
    "operatingIncome": 2937000000,
    "operatingIncomeRatio": 0.2490460443,
    "totalOtherIncomeExpensesNet": -321000000,
    "incomeBeforeTax": 2616000000,
    "incomeBeforeTaxRatio": 0.2218265073,
    "incomeTaxExpense": 1059000000,
    "netIncome": 1564000000,
    "netIncomeRatio": 0.1326210464,
    "eps": 3.09,
    "epsdiluted": 3.08,
    "weightedAverageShsOut": 505985000,
    "weightedAverageShsOutDil": 507045000,
    "link": "https://www.sec.gov/Archives/edgar/data/788784/000119312511047330/0001193125-11-047330-index.htm",
    "finalLink": "https://www.sec.gov/Archives/edgar/data/81033/000119312511047330/d10k.htm"
  },
  {
    "date": "2009-12-31",
    "symbol": "PEG",
    "reportedCurrency": "USD",
    "cik": "0000788784",
    "fillingDate": "2010-02-25",
    "acceptedDate": "2010-02-25 15:10:11",
    "calendarYear": "2009",
    "period": "FY",
    "revenue": 12406000000,
    "costOfRevenue": 5711000000,
    "grossProfit": 6695000000,
    "grossProfitRatio": 0.5396582299,
    "researchAndDevelopmentExpenses": 0,
    "generalAndAdministrativeExpenses": 0,
    "sellingAndMarketingExpenses": 0,
    "sellingGeneralAndAdministrativeExpenses": 0,
    "otherExpenses": 3486000000,
    "operatingExpenses": 3486000000,
    "costAndExpenses": 8919000000,
    "interestIncome": 227000000,
    "interestExpense": 521000000,
    "depreciationAndAmortization": 838000000,
    "ebitda": 3995000000,
    "ebitdaratio": 0.3220216025,
    "operatingIncome": 3116000000,
    "operatingIncomeRatio": 0.2511687893,
    "totalOtherIncomeExpensesNet": -480000000,
    "incomeBeforeTax": 2636000000,
    "incomeBeforeTaxRatio": 0.2124778333,
    "incomeTaxExpense": 1044000000,
    "netIncome": 1592000000,
    "netIncomeRatio": 0.128325004,
    "eps": 3.15,
    "epsdiluted": 3.14,
    "weightedAverageShsOut": 505986000,
    "weightedAverageShsOutDil": 507064000,
    "link": "https://www.sec.gov/Archives/edgar/data/788784/000119312510040508/0001193125-10-040508-index.htm",
    "finalLink": "https://www.sec.gov/Archives/edgar/data/81033/000119312510040508/d10k.htm"
  },
  {
    "date": "2008-12-31",
    "symbol": "PEG",
    "reportedCurrency": "USD",
    "cik": "0000788784",
    "fillingDate": "2009-02-26",
    "acceptedDate": "2009-02-26 17:27:22",
    "calendarYear": "2008",
    "period": "FY",
    "revenue": 13322000000,
    "costOfRevenue": 7295000000,
    "grossProfit": 6027000000,
    "grossProfitRatio": 0.4524095481,
    "researchAndDevelopmentExpenses": 0,
    "generalAndAdministrativeExpenses": 0,
    "sellingAndMarketingExpenses": 0,
    "sellingGeneralAndAdministrativeExpenses": 0,
    "otherExpenses": 3325000000,
    "operatingExpenses": 3325000000,
    "costAndExpenses": 10125000000,
    "interestIncome": 407000000,
    "interestExpense": 566000000,
    "depreciationAndAmortization": 793000000,
    "ebitda": 3165000000,
    "ebitdaratio": 0.2375769404,
    "operatingIncome": 2484000000,
    "operatingIncomeRatio": 0.1864584897,
    "totalOtherIncomeExpensesNet": -700000000,
    "incomeBeforeTax": 1913000000,
    "incomeBeforeTaxRatio": 0.1435970575,
    "incomeTaxExpense": 926000000,
    "netIncome": 1192000000,
    "netIncomeRatio": 0.0894760546,
    "eps": 2.34,
    "epsdiluted": 2.34,
    "weightedAverageShsOut": 507693000,
    "weightedAverageShsOutDil": 508427000,
    "link": "https://www.sec.gov/Archives/edgar/data/788784/000093041309001045/0000930413-09-001045-index.htm",
    "finalLink": "https://www.sec.gov/Archives/edgar/data/81033/000093041309001045/c56713_10k.htm"
  },
  {
    "date": "2007-12-31",
    "symbol": "PEG",
    "reportedCurrency": "USD",
    "cik": "0000788784",
    "fillingDate": "2008-02-28",
    "acceptedDate": "2008-02-27 21:59:11",
    "calendarYear": "2007",
    "period": "FY",
    "revenue": 12853000000,
    "costOfRevenue": 6523000000,
    "grossProfit": 6330000000,
    "grossProfitRatio": 0.4924920252,
    "researchAndDevelopmentExpenses": 0,
    "generalAndAdministrativeExpenses": 0,
    "sellingAndMarketingExpenses": 0,
    "sellingGeneralAndAdministrativeExpenses": 0,
    "otherExpenses": 3404000000,
    "operatingExpenses": 3404000000,
    "costAndExpenses": 9927000000,
    "interestIncome": 0,
    "interestExpense": 0,
    "depreciationAndAmortization": 897000000,
    "ebitda": 3823000000,
    "ebitdaratio": 0.2974402863,
    "operatingIncome": 2926000000,
    "operatingIncomeRatio": 0.227651132,
    "totalOtherIncomeExpensesNet": -547000000,
    "incomeBeforeTax": 2379000000,
    "incomeBeforeTaxRatio": 0.1850929744,
    "incomeTaxExpense": 1060000000,
    "netIncome": 1335000000,
    "netIncomeRatio": 0.1038668015,
    "eps": 2.63,
    "epsdiluted": 2.62,
    "weightedAverageShsOut": 507560000,
    "weightedAverageShsOutDil": 508813000,
    "link": "https://www.sec.gov/Archives/edgar/data/788784/000093041308001260/0000930413-08-001260-index.htm",
    "finalLink": "https://www.sec.gov/Archives/edgar/data/81033/000093041308001260/c52299_10k.htm"
  },
  {
    "date": "2006-12-31",
    "symbol": "PEG",
    "reportedCurrency": "USD",
    "cik": "0000788784",
    "fillingDate": "2007-02-28",
    "acceptedDate": "2007-02-27 21:56:09",
    "calendarYear": "2006",
    "period": "FY",
    "revenue": 12164000000,
    "costOfRevenue": 6769000000,
    "grossProfit": 5395000000,
    "grossProfitRatio": 0.4435218678,
    "researchAndDevelopmentExpenses": 0,
    "generalAndAdministrativeExpenses": 0,
    "sellingAndMarketingExpenses": 0,
    "sellingGeneralAndAdministrativeExpenses": 0,
    "otherExpenses": 3483000000,
    "operatingExpenses": 3483000000,
    "costAndExpenses": 10036000000,
    "interestIncome": 0,
    "interestExpense": 0,
    "depreciationAndAmortization": 947000000,
    "ebitda": 2673000000,
    "ebitdaratio": 0.2197467938,
    "operatingIncome": 1726000000,
    "operatingIncomeRatio": 0.1418941138,
    "totalOtherIncomeExpensesNet": -514000000,
    "incomeBeforeTax": 1206000000,
    "incomeBeforeTaxRatio": 0.0991450181,
    "incomeTaxExpense": 454000000,
    "netIncome": 739000000,
    "netIncomeRatio": 0.0607530418,
    "eps": 1.47,
    "epsdiluted": 1.46,
    "weightedAverageShsOut": 503356000,
    "weightedAverageShsOutDil": 504628000,
    "link": "https://www.sec.gov/Archives/edgar/data/788784/000093041307001699/0000930413-07-001699-index.htm",
    "finalLink": "https://www.sec.gov/Archives/edgar/data/81033/000093041307001699/c46564_10k.htm"
  },
  {
    "date": "2005-12-31",
    "symbol": "PEG",
    "reportedCurrency": "USD",
    "cik": "0000788784",
    "fillingDate": "2006-02-28",
    "acceptedDate": "2006-02-27 21:55:54",
    "calendarYear": "2005",
    "period": "FY",
    "revenue": 12430000000,
    "costOfRevenue": 7273000000,
    "grossProfit": 5157000000,
    "grossProfitRatio": 0.4148833467,
    "researchAndDevelopmentExpenses": 0,
    "generalAndAdministrativeExpenses": 0,
    "sellingAndMarketingExpenses": 0,
    "sellingGeneralAndAdministrativeExpenses": 0,
    "otherExpenses": 3079000000,
    "operatingExpenses": 3079000000,
    "costAndExpenses": 9961000000,
    "interestIncome": 0,
    "interestExpense": 0,
    "depreciationAndAmortization": 861000000,
    "ebitda": 2749000000,
    "ebitdaratio": 0.2211584875,
    "operatingIncome": 1888000000,
    "operatingIncomeRatio": 0.1518905873,
    "totalOtherIncomeExpensesNet": -437000000,
    "incomeBeforeTax": 1399000000,
    "incomeBeforeTaxRatio": 0.1125502816,
    "incomeTaxExpense": 541000000,
    "netIncome": 661000000,
    "netIncomeRatio": 0.0531777957,
    "eps": 1.38,
    "epsdiluted": 1.35,
    "weightedAverageShsOut": 480594000,
    "weightedAverageShsOutDil": 488812000,
    "link": "https://www.sec.gov/Archives/edgar/data/788784/000095011706000927/0000950117-06-000927-index.htm",
    "finalLink": "https://www.sec.gov/Archives/edgar/data/81033/000095011706000927/a41410.htm"
  },
  {
    "date": "2004-12-31",
    "symbol": "PEG",
    "reportedCurrency": "USD",
    "cik": "0000788784",
    "fillingDate": "2005-03-01",
    "acceptedDate": "2005-02-28 21:58:37",
    "calendarYear": "2004",
    "period": "FY",
    "revenue": 10996000000,
    "costOfRevenue": 6057000000,
    "grossProfit": 4939000000,
    "grossProfitRatio": 0.4491633321,
    "researchAndDevelopmentExpenses": 0,
    "generalAndAdministrativeExpenses": 0,
    "sellingAndMarketingExpenses": 0,
    "sellingGeneralAndAdministrativeExpenses": 0,
    "otherExpenses": 2969000000,
    "operatingExpenses": 2969000000,
    "costAndExpenses": 8793000000,
    "interestIncome": 0,
    "interestExpense": 0,
    "depreciationAndAmortization": 799000000,
    "ebitda": 2616000000,
    "ebitdaratio": 0.2379046926,
    "operatingIncome": 1817000000,
    "operatingIncomeRatio": 0.1652419061,
    "totalOtherIncomeExpensesNet": -538000000,
    "incomeBeforeTax": 1167000000,
    "incomeBeforeTaxRatio": 0.1061295016,
    "incomeTaxExpense": 446000000,
    "netIncome": 726000000,
    "netIncomeRatio": 0.0660240087,
    "eps": 1.53,
    "epsdiluted": 1.52,
    "weightedAverageShsOut": 474509804,
    "weightedAverageShsOutDil": 477631579,
    "link": "https://www.sec.gov/Archives/edgar/data/788784/000095011705000790/0000950117-05-000790-index.htm",
    "finalLink": "https://www.sec.gov/Archives/edgar/data/81033/000095011705000790/a39290.htm"
  },
  {
    "date": "2003-12-31",
    "symbol": "PEG",
    "reportedCurrency": "USD",
    "cik": "0000788784",
    "fillingDate": "2004-02-25",
    "acceptedDate": "2004-02-25 17:20:09",
    "calendarYear": "2003",
    "period": "FY",
    "revenue": 11116000000,
    "costOfRevenue": 6368000000,
    "grossProfit": 4748000000,
    "grossProfitRatio": 0.4271320619,
    "researchAndDevelopmentExpenses": 0,
    "generalAndAdministrativeExpenses": 0,
    "sellingAndMarketingExpenses": 0,
    "sellingGeneralAndAdministrativeExpenses": 0,
    "otherExpenses": 2783000000,
    "operatingExpenses": 2783000000,
    "costAndExpenses": 9174000000,
    "interestIncome": 0,
    "interestExpense": 0,
    "depreciationAndAmortization": 616000000,
    "ebitda": 2581000000,
    "ebitdaratio": 0.2321878374,
    "operatingIncome": 1965000000,
    "operatingIncomeRatio": 0.1767722202,
    "totalOtherIncomeExpensesNet": -649000000,
    "incomeBeforeTax": 1316000000,
    "incomeBeforeTaxRatio": 0.1183879093,
    "incomeTaxExpense": 464000000,
    "netIncome": 1160000000,
    "netIncomeRatio": 0.1043540842,
    "eps": 2.54,
    "epsdiluted": 2.54,
    "weightedAverageShsOut": 456692913,
    "weightedAverageShsOutDil": 456692913,
    "link": "https://www.sec.gov/Archives/edgar/data/788784/000095011704000775/0000950117-04-000775-index.htm",
    "finalLink": "https://www.sec.gov/Archives/edgar/data/81033/000095011704000775/a37089.htm"
  },
  {
    "date": "2002-12-31",
    "symbol": "PEG",
    "reportedCurrency": "USD",
    "cik": "0000788784",
    "fillingDate": "2003-02-26",
    "acceptedDate": "2003-02-26 16:16:06",
    "calendarYear": "2002",
    "period": "FY",
    "revenue": 8390000000,
    "costOfRevenue": 3769000000,
    "grossProfit": 4621000000,
    "grossProfitRatio": 0.5507747318,
    "researchAndDevelopmentExpenses": 0,
    "generalAndAdministrativeExpenses": 0,
    "sellingAndMarketingExpenses": 0,
    "sellingGeneralAndAdministrativeExpenses": 0,
    "otherExpenses": 3106000000,
    "operatingExpenses": 3106000000,
    "costAndExpenses": 6816000000,
    "interestIncome": 0,
    "interestExpense": 0,
    "depreciationAndAmortization": 654000000,
    "ebitda": 2058000000,
    "ebitdaratio": 0.2452920143,
    "operatingIncome": 1404000000,
    "operatingIncomeRatio": 0.1673420739,
    "totalOtherIncomeExpensesNet": -745000000,
    "incomeBeforeTax": 664000000,
    "incomeBeforeTaxRatio": 0.0791418355,
    "incomeTaxExpense": 248000000,
    "netIncome": 245000000,
    "netIncomeRatio": 0.0292014303,
    "eps": 0.56,
    "epsdiluted": 0.56,
    "weightedAverageShsOut": 415929204,
    "weightedAverageShsOutDil": 415929204,
    "link": "https://www.sec.gov/Archives/edgar/data/788784/000120677403000082/0001206774-03-000082-index.htm",
    "finalLink": "https://www.sec.gov/Archives/edgar/data/81033/000120677403000082/d1200010k.htm"
  },
  {
    "date": "2001-12-31",
    "symbol": "PEG",
    "reportedCurrency": "USD",
    "cik": "0000788784",
    "fillingDate": "2002-03-04",
    "acceptedDate": "2002-03-04 00:00:00",
    "calendarYear": "2001",
    "period": "FY",
    "revenue": 9815000000,
    "costOfRevenue": 4971000000,
    "grossProfit": 4844000000,
    "grossProfitRatio": 0.4935303107,
    "researchAndDevelopmentExpenses": 0,
    "generalAndAdministrativeExpenses": 0,
    "sellingAndMarketingExpenses": 0,
    "sellingGeneralAndAdministrativeExpenses": 0,
    "otherExpenses": 2467000000,
    "operatingExpenses": 2467000000,
    "costAndExpenses": 5153000000,
    "interestIncome": 0,
    "interestExpense": 0,
    "depreciationAndAmortization": 597000000,
    "ebitda": 2327000000,
    "ebitdaratio": 0.2370860927,
    "operatingIncome": 1730000000,
    "operatingIncomeRatio": 0.1762608253,
    "totalOtherIncomeExpensesNet": -591000000,
    "incomeBeforeTax": 1136000000,
    "incomeBeforeTaxRatio": 0.1157412124,
    "incomeTaxExpense": 373000000,
    "netIncome": 770000000,
    "netIncomeRatio": 0.07845135,
    "eps": 1.84,
    "epsdiluted": 1.84,
    "weightedAverageShsOut": 416348774,
    "weightedAverageShsOutDil": 416348774,
    "link": "https://www.sec.gov/Archives/edgar/data/788784/000095013602000584/0000950136-02-000584-index.htm",
    "finalLink": "https://www.sec.gov/Archives/edgar/data/788784/000095013602000584/file001.txt"
  },
  {
    "date": "2000-12-31",
    "symbol": "PEG",
    "reportedCurrency": "USD",
    "cik": "0000788784",
    "fillingDate": "2001-03-06",
    "acceptedDate": "2001-03-06 00:00:00",
    "calendarYear": "2000",
    "period": "FY",
    "revenue": 6848000000,
    "costOfRevenue": 2431000000,
    "grossProfit": 4417000000,
    "grossProfitRatio": 0.6450058411,
    "researchAndDevelopmentExpenses": 0,
    "generalAndAdministrativeExpenses": 0,
    "sellingAndMarketingExpenses": 0,
    "sellingGeneralAndAdministrativeExpenses": 0,
    "otherExpenses": 2191000000,
    "operatingExpenses": 2191000000,
    "costAndExpenses": 4614000000,
    "interestIncome": 0,
    "interestExpense": 0,
    "depreciationAndAmortization": 492000000,
    "ebitda": 2399000000,
    "ebitdaratio": 0.3503212617,
    "operatingIncome": 1907000000,
    "operatingIncomeRatio": 0.2784754673,
    "totalOtherIncomeExpensesNet": -635000000,
    "incomeBeforeTax": 1254000000,
    "incomeBeforeTaxRatio": 0.1831191589,
    "incomeTaxExpense": 490000000,
    "netIncome": 764000000,
    "netIncomeRatio": 0.1115654206,
    "eps": 1.79,
    "epsdiluted": 1.79,
    "weightedAverageShsOut": 426815642,
    "weightedAverageShsOutDil": 426815642,
    "link": "https://www.sec.gov/Archives/edgar/data/788784/000095011001000215/0000950110-01-000215-index.htm",
    "finalLink": "https://www.sec.gov/Archives/edgar/data/81033/000095011001000215/0000950110-01-000215-0001.txt"
  },
  {
    "date": "1999-12-31",
    "symbol": "PEG",
    "reportedCurrency": "USD",
    "cik": "0000788784",
    "fillingDate": "2000-02-28",
    "acceptedDate": "2000-02-28 00:00:00",
    "calendarYear": "1999",
    "period": "FY",
    "revenue": 6497000000,
    "costOfRevenue": 2079000000,
    "grossProfit": 4418000000,
    "grossProfitRatio": 0.6800061567,
    "researchAndDevelopmentExpenses": 0,
    "generalAndAdministrativeExpenses": 0,
    "sellingAndMarketingExpenses": 0,
    "sellingGeneralAndAdministrativeExpenses": 0,
    "otherExpenses": 2635000000,
    "operatingExpenses": 2635000000,
    "costAndExpenses": 4664000000,
    "interestIncome": 0,
    "interestExpense": 0,
    "depreciationAndAmortization": 628000000,
    "ebitda": 2422000000,
    "ebitdaratio": 0.3727874404,
    "operatingIncome": 1794000000,
    "operatingIncomeRatio": 0.2761274434,
    "totalOtherIncomeExpensesNet": -508000000,
    "incomeBeforeTax": 1286000000,
    "incomeBeforeTaxRatio": 0.1979375096,
    "incomeTaxExpense": 563000000,
    "netIncome": -81000000,
    "netIncomeRatio": -0.0124672926,
    "eps": -0.18,
    "epsdiluted": -0.18,
    "weightedAverageShsOut": 437837838,
    "weightedAverageShsOutDil": 437837838,
    "link": "https://www.sec.gov/Archives/edgar/data/788784/000095011000000138/0000950110-00-000138-index.html",
    "finalLink": "https://www.sec.gov/Archives/edgar/data/81033/000095011000000138/"
  },
  {
    "date": "1998-12-31",
    "symbol": "PEG",
    "reportedCurrency": "USD",
    "cik": "0000788784",
    "fillingDate": "1999-02-23",
    "acceptedDate": "1999-02-23 00:00:00",
    "calendarYear": "1998",
    "period": "FY",
    "revenue": 5931000000,
    "costOfRevenue": 1915000000,
    "grossProfit": 4016000000,
    "grossProfitRatio": 0.6771202158,
    "researchAndDevelopmentExpenses": 0,
    "generalAndAdministrativeExpenses": 0,
    "sellingAndMarketingExpenses": 0,
    "sellingGeneralAndAdministrativeExpenses": 0,
    "otherExpenses": 2412000000,
    "operatingExpenses": 2412000000,
    "costAndExpenses": 4406000000,
    "interestIncome": 0,
    "interestExpense": 0,
    "depreciationAndAmortization": 753000000,
    "ebitda": 2357000000,
    "ebitdaratio": 0.3974034733,
    "operatingIncome": 1604000000,
    "operatingIncomeRatio": 0.2704434328,
    "totalOtherIncomeExpensesNet": -532000000,
    "incomeBeforeTax": 1064000000,
    "incomeBeforeTaxRatio": 0.1793963918,
    "incomeTaxExpense": 420000000,
    "netIncome": 644000000,
    "netIncomeRatio": 0.1085820266,
    "eps": 1.4,
    "epsdiluted": 1.4,
    "weightedAverageShsOut": 461948000,
    "weightedAverageShsOutDil": 461948000,
    "link": "https://www.sec.gov/Archives/edgar/data/788784/000095011099000213/0000950110-99-000213-index.html",
    "finalLink": "https://www.sec.gov/Archives/edgar/data/81033/"
  },
  {
    "date": "1997-12-31",
    "symbol": "PEG",
    "reportedCurrency": "USD",
    "cik": "0000788784",
    "fillingDate": "1998-02-23",
    "acceptedDate": "1998-02-23 00:00:00",
    "calendarYear": "1997",
    "period": "FY",
    "revenue": 6370000000,
    "costOfRevenue": 2280000000,
    "grossProfit": 4090000000,
    "grossProfitRatio": 0.6420722135,
    "researchAndDevelopmentExpenses": 0,
    "generalAndAdministrativeExpenses": 0,
    "sellingAndMarketingExpenses": 0,
    "sellingGeneralAndAdministrativeExpenses": 0,
    "otherExpenses": 2722000000,
    "operatingExpenses": 2722000000,
    "costAndExpenses": 4808000000,
    "interestIncome": 0,
    "interestExpense": 0,
    "depreciationAndAmortization": 690000000,
    "ebitda": 2059000000,
    "ebitdaratio": 0.3232339089,
    "operatingIncome": 1369000000,
    "operatingIncomeRatio": 0.2149136578,
    "totalOtherIncomeExpensesNet": -480000000,
    "incomeBeforeTax": 889000000,
    "incomeBeforeTaxRatio": 0.1395604396,
    "incomeTaxExpense": 329000000,
    "netIncome": 560000000,
    "netIncomeRatio": 0.0879120879,
    "eps": 1.21,
    "epsdiluted": 1.21,
    "weightedAverageShsOut": 463972000,
    "weightedAverageShsOutDil": 463990000,
    "link": "https://www.sec.gov/Archives/edgar/data/788784/000078878498000006/0000788784-98-000006-index.html",
    "finalLink": "https://www.sec.gov/Archives/edgar/data/81033/"
  },
  {
    "date": "1996-12-31",
    "symbol": "PEG",
    "reportedCurrency": "USD",
    "cik": "0000788784",
    "fillingDate": "1997-02-27",
    "acceptedDate": "1997-02-27 00:00:00",
    "calendarYear": "1996",
    "period": "FY",
    "revenue": 6041300000,
    "costOfRevenue": 2036200000,
    "grossProfit": 4005100000,
    "grossProfitRatio": 0.6629533379,
    "researchAndDevelopmentExpenses": 0,
    "generalAndAdministrativeExpenses": 0,
    "sellingAndMarketingExpenses": 0,
    "sellingGeneralAndAdministrativeExpenses": 0,
    "otherExpenses": 2652000000,
    "operatingExpenses": 2652000000,
    "costAndExpenses": 4689000000,
    "interestIncome": 0,
    "interestExpense": 0,
    "depreciationAndAmortization": 667000000,
    "ebitda": 2019000000,
    "ebitdaratio": 0.3341995928,
    "operatingIncome": 1352000000,
    "operatingIncomeRatio": 0.2237928923,
    "totalOtherIncomeExpensesNet": -469000000,
    "incomeBeforeTax": 877700000,
    "incomeBeforeTaxRatio": 0.1452833,
    "incomeTaxExpense": 290300000,
    "netIncome": 611600000,
    "netIncomeRatio": 0.1012364888,
    "eps": 1.26,
    "epsdiluted": 1.26,
    "weightedAverageShsOut": 484802000,
    "weightedAverageShsOutDil": 484802000,
    "link": "https://www.sec.gov/Archives/edgar/data/788784/000078878497000011/0000788784-97-000011-index.html",
    "finalLink": "https://www.sec.gov/Archives/edgar/data/81033/"
  },
  {
    "date": "1995-12-31",
    "symbol": "PEG",
    "reportedCurrency": "USD",
    "cik": "0000788784",
    "fillingDate": "1996-02-23",
    "acceptedDate": "1996-02-23 00:00:00",
    "calendarYear": "1995",
    "period": "FY",
    "revenue": 6164100000,
    "costOfRevenue": 1853300000,
    "grossProfit": 4310800000,
    "grossProfitRatio": 0.6993397252,
    "researchAndDevelopmentExpenses": 0,
    "generalAndAdministrativeExpenses": 0,
    "sellingAndMarketingExpenses": 0,
    "sellingGeneralAndAdministrativeExpenses": 0,
    "otherExpenses": 2608000000,
    "operatingExpenses": 2608000000,
    "costAndExpenses": 4462000000,
    "interestIncome": 0,
    "interestExpense": 0,
    "depreciationAndAmortization": 0,
    "ebitda": 2103000000,
    "ebitdaratio": 0.3411690271,
    "operatingIncome": 1431000000,
    "operatingIncomeRatio": 0.2321506789,
    "totalOtherIncomeExpensesNet": -466000000,
    "incomeBeforeTax": 1016300000,
    "incomeBeforeTaxRatio": 0.1648740286,
    "incomeTaxExpense": 354000000,
    "netIncome": 662300000,
    "netIncomeRatio": 0.1074447202,
    "eps": 1.36,
    "epsdiluted": 1.36,
    "weightedAverageShsOut": 488560886,
    "weightedAverageShsOutDil": 488560886,
    "link": "https://www.sec.gov/Archives/edgar/data/788784/000078878496000002/0000788784-96-000002-index.html",
    "finalLink": "https://www.sec.gov/Archives/edgar/data/81033/"
  },
  {
    "date": "1994-12-31",
    "symbol": "PEG",
    "reportedCurrency": "USD",
    "cik": "0000788784",
    "fillingDate": "1995-02-23",
    "acceptedDate": "1995-02-23 00:00:00",
    "calendarYear": "1994",
    "period": "FY",
    "revenue": 5915800000,
    "costOfRevenue": 1719700000,
    "grossProfit": 4196100000,
    "grossProfitRatio": 0.709303898,
    "researchAndDevelopmentExpenses": 0,
    "generalAndAdministrativeExpenses": 0,
    "sellingAndMarketingExpenses": 0,
    "sellingGeneralAndAdministrativeExpenses": 0,
    "otherExpenses": 2726100000,
    "operatingExpenses": 2726100000,
    "costAndExpenses": 4445800000,
    "interestIncome": 0,
    "interestExpense": 0,
    "depreciationAndAmortization": 0,
    "ebitda": 2205800000,
    "ebitdaratio": 0.3728658846,
    "operatingIncome": 1476600000,
    "operatingIncomeRatio": 0.2496027587,
    "totalOtherIncomeExpensesNet": -485000000,
    "incomeBeforeTax": 991600000,
    "incomeBeforeTaxRatio": 0.1676189188,
    "incomeTaxExpense": 312600000,
    "netIncome": 679000000,
    "netIncomeRatio": 0.1147773758,
    "eps": 1.39,
    "epsdiluted": 1.39,
    "weightedAverageShsOut": 488489209,
    "weightedAverageShsOutDil": 488489209,
    "link": "https://www.sec.gov/Archives/edgar/data/788784/000078878495000002/0000788784-95-000002-index.html",
    "finalLink": "https://www.sec.gov/Archives/edgar/data/81033/"
  },
  {
    "date": "1993-12-31",
    "symbol": "PEG",
    "reportedCurrency": "USD",
    "cik": "0000788784",
    "fillingDate": "1994-02-25",
    "acceptedDate": "1994-02-25 00:00:00",
    "calendarYear": "1993",
    "period": "FY",
    "revenue": 5705600000,
    "costOfRevenue": 0,
    "grossProfit": 5705600000,
    "grossProfitRatio": 1,
    "researchAndDevelopmentExpenses": 0,
    "generalAndAdministrativeExpenses": 0,
    "sellingAndMarketingExpenses": 0,
    "sellingGeneralAndAdministrativeExpenses": 0,
    "otherExpenses": 5705600000,
    "operatingExpenses": 5705600000,
    "costAndExpenses": 5705600000,
    "interestIncome": 0,
    "interestExpense": 0,
    "depreciationAndAmortization": 0,
    "ebitda": 5705600000,
    "ebitdaratio": 1,
    "operatingIncome": 5705600000,
    "operatingIncomeRatio": 1,
    "totalOtherIncomeExpensesNet": -5705600000,
    "incomeBeforeTax": 0,
    "incomeBeforeTaxRatio": 0,
    "incomeTaxExpense": 5104700000,
    "netIncome": 600900000,
    "netIncomeRatio": 0.1053175827,
    "eps": 1.25,
    "epsdiluted": 1.25,
    "weightedAverageShsOut": 450240000,
    "weightedAverageShsOutDil": 450240000,
    "link": "https://www.sec.gov/Archives/edgar/data/788784/000095012394000422/0000950123-94-000422-index.html",
    "finalLink": "https://www.sec.gov/Archives/edgar/data/81033/"
  },
  {
    "date": "1992-12-31",
    "symbol": "PEG",
    "reportedCurrency": "USD",
    "cik": "0000788784",
    "fillingDate": "1992-12-31",
    "acceptedDate": "1992-12-30 19:00:00",
    "calendarYear": "1992",
    "period": "FY",
    "revenue": 5356800000,
    "costOfRevenue": 0,
    "grossProfit": 5356800000,
    "grossProfitRatio": 1,
    "researchAndDevelopmentExpenses": 0,
    "generalAndAdministrativeExpenses": 0,
    "sellingAndMarketingExpenses": 0,
    "sellingGeneralAndAdministrativeExpenses": 0,
    "otherExpenses": 5356800000,
    "operatingExpenses": 5356800000,
    "costAndExpenses": 5356800000,
    "interestIncome": 0,
    "interestExpense": 0,
    "depreciationAndAmortization": 0,
    "ebitda": 5356800000,
    "ebitdaratio": 1,
    "operatingIncome": 5356800000,
    "operatingIncomeRatio": 1,
    "totalOtherIncomeExpensesNet": 0,
    "incomeBeforeTax": 0,
    "incomeBeforeTaxRatio": 0,
    "incomeTaxExpense": 4852700000,
    "netIncome": 504100000,
    "netIncomeRatio": 0.0941046894,
    "eps": 1.09,
    "epsdiluted": 1.09,
    "weightedAverageShsOut": 435207373,
    "weightedAverageShsOutDil": 435207373,
    "link": "",
    "finalLink": ""
  },
  {
    "date": "1991-12-31",
    "symbol": "PEG",
    "reportedCurrency": "USD",
    "cik": "0000788784",
    "fillingDate": "1991-12-31",
    "acceptedDate": "1991-12-30 19:00:00",
    "calendarYear": "1991",
    "period": "FY",
    "revenue": 5093200000,
    "costOfRevenue": 0,
    "grossProfit": 5093200000,
    "grossProfitRatio": 1,
    "researchAndDevelopmentExpenses": 0,
    "generalAndAdministrativeExpenses": 0,
    "sellingAndMarketingExpenses": 0,
    "sellingGeneralAndAdministrativeExpenses": 0,
    "otherExpenses": 5093200000,
    "operatingExpenses": 5093200000,
    "costAndExpenses": 5093200000,
    "interestIncome": 0,
    "interestExpense": 0,
    "depreciationAndAmortization": 0,
    "ebitda": 5093200000,
    "ebitdaratio": 1,
    "operatingIncome": 5093200000,
    "operatingIncomeRatio": 1,
    "totalOtherIncomeExpensesNet": 0,
    "incomeBeforeTax": 0,
    "incomeBeforeTaxRatio": 0,
    "incomeTaxExpense": 4548900000,
    "netIncome": 544300000,
    "netIncomeRatio": 0.1068679808,
    "eps": 1.22,
    "epsdiluted": 1.22,
    "weightedAverageShsOut": 424115226,
    "weightedAverageShsOutDil": 424115226,
    "link": "",
    "finalLink": ""
  },
  {
    "date": "1990-12-31",
    "symbol": "PEG",
    "reportedCurrency": "USD",
    "cik": "0000788784",
    "fillingDate": "1990-12-31",
    "acceptedDate": "1990-12-30 19:00:00",
    "calendarYear": "1990",
    "period": "FY",
    "revenue": 4800100000,
    "costOfRevenue": 0,
    "grossProfit": 4800100000,
    "grossProfitRatio": 1,
    "researchAndDevelopmentExpenses": 0,
    "generalAndAdministrativeExpenses": 0,
    "sellingAndMarketingExpenses": 0,
    "sellingGeneralAndAdministrativeExpenses": 0,
    "otherExpenses": 4800100000,
    "operatingExpenses": 4800100000,
    "costAndExpenses": 4800100000,
    "interestIncome": 0,
    "interestExpense": 0,
    "depreciationAndAmortization": 0,
    "ebitda": 4800100000,
    "ebitdaratio": 1,
    "operatingIncome": 4800100000,
    "operatingIncomeRatio": 1,
    "totalOtherIncomeExpensesNet": 0,
    "incomeBeforeTax": 0,
    "incomeBeforeTaxRatio": 0,
    "incomeTaxExpense": 4228800000,
    "netIncome": 571300000,
    "netIncomeRatio": 0.1190183538,
    "eps": 1.28,
    "epsdiluted": 1.28,
    "weightedAverageShsOut": 423671875,
    "weightedAverageShsOutDil": 423671875,
    "link": "",
    "finalLink": ""
  },
  {
    "date": "1989-12-31",
    "symbol": "PEG",
    "reportedCurrency": "USD",
    "cik": "0000788784",
    "fillingDate": "1989-12-31",
    "acceptedDate": "1989-12-30 19:00:00",
    "calendarYear": "1989",
    "period": "FY",
    "revenue": 4804900000,
    "costOfRevenue": 0,
    "grossProfit": 4804900000,
    "grossProfitRatio": 1,
    "researchAndDevelopmentExpenses": 0,
    "generalAndAdministrativeExpenses": 0,
    "sellingAndMarketingExpenses": 0,
    "sellingGeneralAndAdministrativeExpenses": 0,
    "otherExpenses": 4804900000,
    "operatingExpenses": 4804900000,
    "costAndExpenses": 4804900000,
    "interestIncome": 0,
    "interestExpense": 0,
    "depreciationAndAmortization": 0,
    "ebitda": 4804900000,
    "ebitdaratio": 1,
    "operatingIncome": 4804900000,
    "operatingIncomeRatio": 1,
    "totalOtherIncomeExpensesNet": 0,
    "incomeBeforeTax": 0,
    "incomeBeforeTaxRatio": 0,
    "incomeTaxExpense": 4262800000,
    "netIncome": 542100000,
    "netIncomeRatio": 0.1128223272,
    "eps": 1.31,
    "epsdiluted": 1.31,
    "weightedAverageShsOut": 391679389,
    "weightedAverageShsOutDil": 391679389,
    "link": "",
    "finalLink": ""
  },
  {
    "date": "1988-12-31",
    "symbol": "PEG",
    "reportedCurrency": "USD",
    "cik": "0000788784",
    "fillingDate": "1988-12-31",
    "acceptedDate": "1988-12-30 19:00:00",
    "calendarYear": "1988",
    "period": "FY",
    "revenue": 4394700000,
    "costOfRevenue": 0,
    "grossProfit": 4394700000,
    "grossProfitRatio": 1,
    "researchAndDevelopmentExpenses": 0,
    "generalAndAdministrativeExpenses": 0,
    "sellingAndMarketingExpenses": 0,
    "sellingGeneralAndAdministrativeExpenses": 0,
    "otherExpenses": 4394700000,
    "operatingExpenses": 4394700000,
    "costAndExpenses": 4394700000,
    "interestIncome": 0,
    "interestExpense": 0,
    "depreciationAndAmortization": 0,
    "ebitda": 4394700000,
    "ebitdaratio": 1,
    "operatingIncome": 4394700000,
    "operatingIncomeRatio": 1,
    "totalOtherIncomeExpensesNet": 0,
    "incomeBeforeTax": 0,
    "incomeBeforeTaxRatio": 0,
    "incomeTaxExpense": 3866100000,
    "netIncome": 528600000,
    "netIncomeRatio": 0.1202812479,
    "eps": 1.29,
    "epsdiluted": 1.29,
    "weightedAverageShsOut": 387003891,
    "weightedAverageShsOutDil": 387003891,
    "link": "",
    "finalLink": ""
  },
  {
    "date": "1987-12-31",
    "symbol": "PEG",
    "reportedCurrency": "USD",
    "cik": "0000788784",
    "fillingDate": "1987-12-31",
    "acceptedDate": "1987-12-30 19:00:00",
    "calendarYear": "1987",
    "period": "FY",
    "revenue": 4211100000,
    "costOfRevenue": 0,
    "grossProfit": 4211100000,
    "grossProfitRatio": 1,
    "researchAndDevelopmentExpenses": 0,
    "generalAndAdministrativeExpenses": 0,
    "sellingAndMarketingExpenses": 0,
    "sellingGeneralAndAdministrativeExpenses": 0,
    "otherExpenses": 4211100000,
    "operatingExpenses": 4211100000,
    "costAndExpenses": 4211100000,
    "interestIncome": 0,
    "interestExpense": 0,
    "depreciationAndAmortization": 0,
    "ebitda": 4211100000,
    "ebitdaratio": 1,
    "operatingIncome": 4211100000,
    "operatingIncomeRatio": 1,
    "totalOtherIncomeExpensesNet": 0,
    "incomeBeforeTax": 0,
    "incomeBeforeTaxRatio": 0,
    "incomeTaxExpense": 3690600000,
    "netIncome": 520500000,
    "netIncomeRatio": 0.1236019092,
    "eps": 1.27,
    "epsdiluted": 1.27,
    "weightedAverageShsOut": 408235294,
    "weightedAverageShsOutDil": 408235294,
    "link": "",
    "finalLink": ""
  },
  {
    "date": "1986-12-31",
    "symbol": "PEG",
    "reportedCurrency": "USD",
    "cik": "0000788784",
    "fillingDate": "1986-12-31",
    "acceptedDate": "1986-12-30 19:00:00",
    "calendarYear": "1986",
    "period": "FY",
    "revenue": 4498400000,
    "costOfRevenue": 0,
    "grossProfit": 4498400000,
    "grossProfitRatio": 1,
    "researchAndDevelopmentExpenses": 0,
    "generalAndAdministrativeExpenses": 0,
    "sellingAndMarketingExpenses": 0,
    "sellingGeneralAndAdministrativeExpenses": 0,
    "otherExpenses": 4498400000,
    "operatingExpenses": 4498400000,
    "costAndExpenses": 4498400000,
    "interestIncome": 0,
    "interestExpense": 0,
    "depreciationAndAmortization": 0,
    "ebitda": 4498400000,
    "ebitdaratio": 1,
    "operatingIncome": 4498400000,
    "operatingIncomeRatio": 1,
    "totalOtherIncomeExpensesNet": 0,
    "incomeBeforeTax": 0,
    "incomeBeforeTaxRatio": 0,
    "incomeTaxExpense": 4068600000,
    "netIncome": 429800000,
    "netIncomeRatio": 0.0955450827,
    "eps": 0.95,
    "epsdiluted": 0.95,
    "weightedAverageShsOut": 400423280,
    "weightedAverageShsOutDil": 400423280,
    "link": "",
    "finalLink": ""
  },
  {
    "date": "1985-12-31",
    "symbol": "PEG",
    "reportedCurrency": "USD",
    "cik": "0000788784",
    "fillingDate": "1985-12-31",
    "acceptedDate": "1985-12-30 19:00:00",
    "calendarYear": "1985",
    "period": "FY",
    "revenue": 4409100000,
    "costOfRevenue": 0,
    "grossProfit": 4409100000,
    "grossProfitRatio": 1,
    "researchAndDevelopmentExpenses": 0,
    "generalAndAdministrativeExpenses": 0,
    "sellingAndMarketingExpenses": 0,
    "sellingGeneralAndAdministrativeExpenses": 0,
    "otherExpenses": 4409100000,
    "operatingExpenses": 4409100000,
    "costAndExpenses": 4409100000,
    "interestIncome": 0,
    "interestExpense": 0,
    "depreciationAndAmortization": 0,
    "ebitda": 4409100000,
    "ebitdaratio": 1,
    "operatingIncome": 4409100000,
    "operatingIncomeRatio": 1,
    "totalOtherIncomeExpensesNet": 0,
    "incomeBeforeTax": 0,
    "incomeBeforeTaxRatio": 0,
    "incomeTaxExpense": 3864500000,
    "netIncome": 544600000,
    "netIncomeRatio": 0.1235172711,
    "eps": 1.32,
    "epsdiluted": 1.32,
    "weightedAverageShsOut": 412575758,
    "weightedAverageShsOutDil": 412575758,
    "link": "",
    "finalLink": ""
  }
]