[
  {
    "date": "2025-06-14",
    "symbol": "PEP",
    "reportedCurrency": "USD",
    "cik": "0000077476",
    "fillingDate": "2025-07-17",
    "acceptedDate": "2025-07-16 18:11:14",
    "calendarYear": "2025",
    "period": "Q2",
    "revenue": 22726000000,
    "costOfRevenue": 10304000000,
    "grossProfit": 12422000000,
    "grossProfitRatio": 0.5465986095,
    "researchAndDevelopmentExpenses": 0,
    "generalAndAdministrativeExpenses": 8773000000,
    "sellingAndMarketingExpenses": 0,
    "sellingGeneralAndAdministrativeExpenses": 8773000000,
    "otherExpenses": 1860000000,
    "operatingExpenses": 10633000000,
    "costAndExpenses": 20937000000,
    "interestIncome": 0,
    "interestExpense": 260000000,
    "depreciationAndAmortization": 977000000,
    "ebitda": 2808000000,
    "ebitdaratio": 0.1235589193,
    "operatingIncome": 1789000000,
    "operatingIncomeRatio": 0.0787204083,
    "totalOtherIncomeExpensesNet": -218000000,
    "incomeBeforeTax": 1571000000,
    "incomeBeforeTaxRatio": 0.0691278712,
    "incomeTaxExpense": 292000000,
    "netIncome": 1263000000,
    "netIncomeRatio": 0.0555751122,
    "eps": 0.92,
    "epsdiluted": 0.92,
    "weightedAverageShsOut": 1374000000,
    "weightedAverageShsOutDil": 1374000000,
    "link": "https://www.sec.gov/Archives/edgar/data/77476/000007747625000046/0000077476-25-000046-index.htm",
    "finalLink": "https://www.sec.gov/Archives/edgar/data/77476/000007747625000046/q220258-kxexhibit991.htm"
  },
  {
    "date": "2025-03-22",
    "symbol": "PEP",
    "reportedCurrency": "USD",
    "cik": "0000077476",
    "fillingDate": "2025-04-24",
    "acceptedDate": "2025-04-23 18:01:40",
    "calendarYear": "2025",
    "period": "Q1",
    "revenue": 17919000000,
    "costOfRevenue": 7926000000,
    "grossProfit": 9993000000,
    "grossProfitRatio": 0.5576762096,
    "researchAndDevelopmentExpenses": 0,
    "generalAndAdministrativeExpenses": 7410000000,
    "sellingAndMarketingExpenses": 0,
    "sellingGeneralAndAdministrativeExpenses": 7410000000,
    "otherExpenses": 0,
    "operatingExpenses": 7410000000,
    "costAndExpenses": 15336000000,
    "interestIncome": 0,
    "interestExpense": 264000000,
    "depreciationAndAmortization": 829000000,
    "ebitda": 3435000000,
    "ebitdaratio": 0.1916959652,
    "operatingIncome": 2583000000,
    "operatingIncomeRatio": 0.144148669,
    "totalOtherIncomeExpensesNet": -241000000,
    "incomeBeforeTax": 2342000000,
    "incomeBeforeTaxRatio": 0.1306992578,
    "incomeTaxExpense": 499000000,
    "netIncome": 1834000000,
    "netIncomeRatio": 0.1023494615,
    "eps": 1.34,
    "epsdiluted": 1.33,
    "weightedAverageShsOut": 1372000000,
    "weightedAverageShsOutDil": 1376000000,
    "link": "https://www.sec.gov/Archives/edgar/data/77476/000007747625000019/0000077476-25-000019-index.htm",
    "finalLink": "https://www.sec.gov/Archives/edgar/data/77476/000007747625000019/pep-20250322.htm"
  },
  {
    "date": "2024-12-28",
    "symbol": "PEP",
    "reportedCurrency": "USD",
    "cik": "0000077476",
    "fillingDate": "2025-02-04",
    "acceptedDate": "2025-02-03 18:22:47",
    "calendarYear": "2024",
    "period": "Q4",
    "revenue": 27784000000,
    "costOfRevenue": 13181000000,
    "grossProfit": 14603000000,
    "grossProfitRatio": 0.5255902678,
    "researchAndDevelopmentExpenses": 813000000,
    "generalAndAdministrativeExpenses": 12320000000,
    "sellingAndMarketingExpenses": 0,
    "sellingGeneralAndAdministrativeExpenses": 12320000000,
    "otherExpenses": -780000000,
    "operatingExpenses": 12353000000,
    "costAndExpenses": 25534000000,
    "interestIncome": 0,
    "interestExpense": 264000000,
    "depreciationAndAmortization": 1259000000,
    "ebitda": 3332000000,
    "ebitdaratio": 0.1199251368,
    "operatingIncome": 2250000000,
    "operatingIncomeRatio": 0.0809818601,
    "totalOtherIncomeExpensesNet": -441000000,
    "incomeBeforeTax": 1809000000,
    "incomeBeforeTaxRatio": 0.0651094155,
    "incomeTaxExpense": 275000000,
    "netIncome": 1523000000,
    "netIncomeRatio": 0.0548157213,
    "eps": 1.11,
    "epsdiluted": 1.11,
    "weightedAverageShsOut": 1373000000,
    "weightedAverageShsOutDil": 1378000000,
    "link": "https://www.sec.gov/Archives/edgar/data/77476/000007747625000007/0000077476-25-000007-index.htm",
    "finalLink": "https://www.sec.gov/Archives/edgar/data/77476/000007747625000007/pep-20241228.htm"
  },
  {
    "date": "2024-09-07",
    "symbol": "PEP",
    "reportedCurrency": "USD",
    "cik": "0000077476",
    "fillingDate": "2024-10-08",
    "acceptedDate": "2024-10-07 17:46:04",
    "calendarYear": "2024",
    "period": "Q3",
    "revenue": 23319000000,
    "costOfRevenue": 10396000000,
    "grossProfit": 12923000000,
    "grossProfitRatio": 0.554183284,
    "researchAndDevelopmentExpenses": 0,
    "generalAndAdministrativeExpenses": 9051000000,
    "sellingAndMarketingExpenses": 0,
    "sellingGeneralAndAdministrativeExpenses": 9051000000,
    "otherExpenses": 0,
    "operatingExpenses": 9051000000,
    "costAndExpenses": 19447000000,
    "interestIncome": 0,
    "interestExpense": 219000000,
    "depreciationAndAmortization": 899000000,
    "ebitda": 4812000000,
    "ebitdaratio": 0.2063553326,
    "operatingIncome": 3872000000,
    "operatingIncomeRatio": 0.1660448561,
    "totalOtherIncomeExpensesNet": -178000000,
    "incomeBeforeTax": 3694000000,
    "incomeBeforeTaxRatio": 0.1584115957,
    "incomeTaxExpense": 749000000,
    "netIncome": 2930000000,
    "netIncomeRatio": 0.1256486127,
    "eps": 2.13,
    "epsdiluted": 2.13,
    "weightedAverageShsOut": 1373000000,
    "weightedAverageShsOutDil": 1378000000,
    "link": "https://www.sec.gov/Archives/edgar/data/77476/000007747624000052/0000077476-24-000052-index.htm",
    "finalLink": "https://www.sec.gov/Archives/edgar/data/77476/000007747624000052/pep-20240907.htm"
  },
  {
    "date": "2024-06-15",
    "symbol": "PEP",
    "reportedCurrency": "USD",
    "cik": "0000077476",
    "fillingDate": "2024-07-11",
    "acceptedDate": "2024-07-10 17:52:44",
    "calendarYear": "2024",
    "period": "Q2",
    "revenue": 22501000000,
    "costOfRevenue": 9919000000,
    "grossProfit": 12582000000,
    "grossProfitRatio": 0.5591751478,
    "researchAndDevelopmentExpenses": 0,
    "generalAndAdministrativeExpenses": 8534000000,
    "sellingAndMarketingExpenses": 0,
    "sellingGeneralAndAdministrativeExpenses": 8534000000,
    "otherExpenses": 0,
    "operatingExpenses": 8534000000,
    "costAndExpenses": 18453000000,
    "interestIncome": 0,
    "interestExpense": 234000000,
    "depreciationAndAmortization": 889000000,
    "ebitda": 4993000000,
    "ebitdaratio": 0.2219012488,
    "operatingIncome": 4048000000,
    "operatingIncomeRatio": 0.1799031154,
    "totalOtherIncomeExpensesNet": -178000000,
    "incomeBeforeTax": 3870000000,
    "incomeBeforeTaxRatio": 0.1719923559,
    "incomeTaxExpense": 776000000,
    "netIncome": 3083000000,
    "netIncomeRatio": 0.1370161326,
    "eps": 2.24,
    "epsdiluted": 2.23,
    "weightedAverageShsOut": 1375000000,
    "weightedAverageShsOutDil": 1379000000,
    "link": "https://www.sec.gov/Archives/edgar/data/77476/000007747624000042/0000077476-24-000042-index.htm",
    "finalLink": "https://www.sec.gov/Archives/edgar/data/77476/000007747624000042/pep-20240615.htm"
  },
  {
    "date": "2024-03-23",
    "symbol": "PEP",
    "reportedCurrency": "USD",
    "cik": "0000077476",
    "fillingDate": "2024-04-23",
    "acceptedDate": "2024-04-22 17:54:46",
    "calendarYear": "2024",
    "period": "Q1",
    "revenue": 18250000000,
    "costOfRevenue": 8248000000,
    "grossProfit": 10002000000,
    "grossProfitRatio": 0.5480547945,
    "researchAndDevelopmentExpenses": 0,
    "generalAndAdministrativeExpenses": 7285000000,
    "sellingAndMarketingExpenses": 0,
    "sellingGeneralAndAdministrativeExpenses": 7285000000,
    "otherExpenses": 0,
    "operatingExpenses": 7285000000,
    "costAndExpenses": 15533000000,
    "interestIncome": 0,
    "interestExpense": 202000000,
    "depreciationAndAmortization": 768000000,
    "ebitda": 3543000000,
    "ebitdaratio": 0.1941369863,
    "operatingIncome": 2717000000,
    "operatingIncomeRatio": 0.1488767123,
    "totalOtherIncomeExpensesNet": -144000000,
    "incomeBeforeTax": 2573000000,
    "incomeBeforeTaxRatio": 0.1409863014,
    "incomeTaxExpense": 520000000,
    "netIncome": 2042000000,
    "netIncomeRatio": 0.111890411,
    "eps": 1.49,
    "epsdiluted": 1.48,
    "weightedAverageShsOut": 1375000000,
    "weightedAverageShsOutDil": 1380000000,
    "link": "https://www.sec.gov/Archives/edgar/data/77476/000007747624000017/0000077476-24-000017-index.htm",
    "finalLink": "https://www.sec.gov/Archives/edgar/data/77476/000007747624000017/pep-20240323.htm"
  },
  {
    "date": "2023-12-30",
    "symbol": "PEP",
    "reportedCurrency": "USD",
    "cik": "0000077476",
    "fillingDate": "2024-02-09",
    "acceptedDate": "2024-02-08 17:58:51",
    "calendarYear": "2023",
    "period": "Q4",
    "revenue": 27850000000,
    "costOfRevenue": 13097000000,
    "grossProfit": 14753000000,
    "grossProfitRatio": 0.5297307002,
    "researchAndDevelopmentExpenses": 0,
    "generalAndAdministrativeExpenses": 12149000000,
    "sellingAndMarketingExpenses": 0,
    "sellingGeneralAndAdministrativeExpenses": 12149000000,
    "otherExpenses": 921000000,
    "operatingExpenses": 13070000000,
    "costAndExpenses": 26167000000,
    "interestIncome": 0,
    "interestExpense": 217000000,
    "depreciationAndAmortization": 1161000000,
    "ebitda": 2911000000,
    "ebitdaratio": 0.104524237,
    "operatingIncome": 1683000000,
    "operatingIncomeRatio": 0.0604308797,
    "totalOtherIncomeExpensesNet": -150000000,
    "incomeBeforeTax": 1533000000,
    "incomeBeforeTaxRatio": 0.0550448833,
    "incomeTaxExpense": 209000000,
    "netIncome": 1302000000,
    "netIncomeRatio": 0.0467504488,
    "eps": 0.95,
    "epsdiluted": 0.94,
    "weightedAverageShsOut": 1374000000,
    "weightedAverageShsOutDil": 1381000000,
    "link": "https://www.sec.gov/Archives/edgar/data/77476/000007747624000008/0000077476-24-000008-index.htm",
    "finalLink": "https://www.sec.gov/Archives/edgar/data/77476/000007747624000008/pep-20231230.htm"
  },
  {
    "date": "2023-09-09",
    "symbol": "PEP",
    "reportedCurrency": "USD",
    "cik": "0000077476",
    "fillingDate": "2023-10-10",
    "acceptedDate": "2023-10-10 06:03:12",
    "calendarYear": "2023",
    "period": "Q3",
    "revenue": 23453000000,
    "costOfRevenue": 10675000000,
    "grossProfit": 12778000000,
    "grossProfitRatio": 0.5448343496,
    "researchAndDevelopmentExpenses": 0,
    "generalAndAdministrativeExpenses": 8763000000,
    "sellingAndMarketingExpenses": 0,
    "sellingGeneralAndAdministrativeExpenses": 8763000000,
    "otherExpenses": 0,
    "operatingExpenses": 8763000000,
    "costAndExpenses": 19438000000,
    "interestIncome": 0,
    "interestExpense": 201000000,
    "depreciationAndAmortization": 841000000,
    "ebitda": 4918000000,
    "ebitdaratio": 0.2096959877,
    "operatingIncome": 4015000000,
    "operatingIncomeRatio": 0.1711934507,
    "totalOtherIncomeExpensesNet": -139000000,
    "incomeBeforeTax": 3876000000,
    "incomeBeforeTaxRatio": 0.1652667036,
    "incomeTaxExpense": 760000000,
    "netIncome": 3092000000,
    "netIncomeRatio": 0.1318381444,
    "eps": 2.25,
    "epsdiluted": 2.24,
    "weightedAverageShsOut": 1376000000,
    "weightedAverageShsOutDil": 1383000000,
    "link": "https://www.sec.gov/Archives/edgar/data/77476/000007747623000058/0000077476-23-000058-index.htm",
    "finalLink": "https://www.sec.gov/Archives/edgar/data/77476/000007747623000058/pep-20230909.htm"
  },
  {
    "date": "2023-06-17",
    "symbol": "PEP",
    "reportedCurrency": "USD",
    "cik": "0000077476",
    "fillingDate": "2023-07-13",
    "acceptedDate": "2023-07-12 18:08:59",
    "calendarYear": "2023",
    "period": "Q2",
    "revenue": 22322000000,
    "costOfRevenue": 10121000000,
    "grossProfit": 12201000000,
    "grossProfitRatio": 0.5465908073,
    "researchAndDevelopmentExpenses": 0,
    "generalAndAdministrativeExpenses": 8542000000,
    "sellingAndMarketingExpenses": 0,
    "sellingGeneralAndAdministrativeExpenses": 8542000000,
    "otherExpenses": 0,
    "operatingExpenses": 8542000000,
    "costAndExpenses": 18663000000,
    "interestIncome": 0,
    "interestExpense": 201000000,
    "depreciationAndAmortization": 810000000,
    "ebitda": 4529000000,
    "ebitdaratio": 0.2028940059,
    "operatingIncome": 3659000000,
    "operatingIncomeRatio": 0.1639190037,
    "totalOtherIncomeExpensesNet": -141000000,
    "incomeBeforeTax": 3518000000,
    "incomeBeforeTaxRatio": 0.1576023654,
    "incomeTaxExpense": 747000000,
    "netIncome": 2748000000,
    "netIncomeRatio": 0.1231072485,
    "eps": 1.99,
    "epsdiluted": 1.99,
    "weightedAverageShsOut": 1378000000,
    "weightedAverageShsOutDil": 1384000000,
    "link": "https://www.sec.gov/Archives/edgar/data/77476/000007747623000046/0000077476-23-000046-index.htm",
    "finalLink": "https://www.sec.gov/Archives/edgar/data/77476/000007747623000046/pep-20230617.htm"
  },
  {
    "date": "2023-03-25",
    "symbol": "PEP",
    "reportedCurrency": "USD",
    "cik": "0000077476",
    "fillingDate": "2023-04-25",
    "acceptedDate": "2023-04-24 17:57:25",
    "calendarYear": "2023",
    "period": "Q1",
    "revenue": 17846000000,
    "costOfRevenue": 7988000000,
    "grossProfit": 9858000000,
    "grossProfitRatio": 0.552392693,
    "researchAndDevelopmentExpenses": 0,
    "generalAndAdministrativeExpenses": 7229000000,
    "sellingAndMarketingExpenses": 0,
    "sellingGeneralAndAdministrativeExpenses": 7229000000,
    "otherExpenses": 0,
    "operatingExpenses": 7229000000,
    "costAndExpenses": 15217000000,
    "interestIncome": 0,
    "interestExpense": 200000000,
    "depreciationAndAmortization": 706000000,
    "ebitda": 3396000000,
    "ebitdaratio": 0.1902947439,
    "operatingIncome": 2629000000,
    "operatingIncomeRatio": 0.1473159251,
    "totalOtherIncomeExpensesNet": -139000000,
    "incomeBeforeTax": 2490000000,
    "incomeBeforeTaxRatio": 0.1395270649,
    "incomeTaxExpense": 546000000,
    "netIncome": 1932000000,
    "netIncomeRatio": 0.108259554,
    "eps": 1.4,
    "epsdiluted": 1.4,
    "weightedAverageShsOut": 1378000000,
    "weightedAverageShsOutDil": 1384000000,
    "link": "https://www.sec.gov/Archives/edgar/data/77476/000007747623000023/0000077476-23-000023-index.htm",
    "finalLink": "https://www.sec.gov/Archives/edgar/data/77476/000007747623000023/pep-20230325.htm"
  },
  {
    "date": "2022-12-31",
    "symbol": "PEP",
    "reportedCurrency": "USD",
    "cik": "0000077476",
    "fillingDate": "2023-02-09",
    "acceptedDate": "2023-02-08 18:06:37",
    "calendarYear": "2022",
    "period": "Q4",
    "revenue": 27996000000,
    "costOfRevenue": 13420000000,
    "grossProfit": 14576000000,
    "grossProfitRatio": 0.5206458065,
    "researchAndDevelopmentExpenses": 771000000,
    "generalAndAdministrativeExpenses": -8003000000,
    "sellingAndMarketingExpenses": 20200000000,
    "sellingGeneralAndAdministrativeExpenses": 12197000000,
    "otherExpenses": 793000000,
    "operatingExpenses": 13761000000,
    "costAndExpenses": 27181000000,
    "interestIncome": 0,
    "interestExpense": 273000000,
    "depreciationAndAmortization": 1080000000,
    "ebitda": 1859000000,
    "ebitdaratio": 0.0664023432,
    "operatingIncome": 815000000,
    "operatingIncomeRatio": 0.0291113016,
    "totalOtherIncomeExpensesNet": -309000000,
    "incomeBeforeTax": 506000000,
    "incomeBeforeTaxRatio": 0.0180740106,
    "incomeTaxExpense": -29000000,
    "netIncome": 518000000,
    "netIncomeRatio": 0.0185026432,
    "eps": 0.38,
    "epsdiluted": 0.37,
    "weightedAverageShsOut": 1377000000,
    "weightedAverageShsOutDil": 1385000000,
    "link": "https://www.sec.gov/Archives/edgar/data/77476/000007747623000007/0000077476-23-000007-index.htm",
    "finalLink": "https://www.sec.gov/Archives/edgar/data/77476/000007747623000007/pep-20221231.htm"
  },
  {
    "date": "2022-09-03",
    "symbol": "PEP",
    "reportedCurrency": "USD",
    "cik": "0000077476",
    "fillingDate": "2022-10-12",
    "acceptedDate": "2022-10-11 17:56:11",
    "calendarYear": "2022",
    "period": "Q3",
    "revenue": 21971000000,
    "costOfRevenue": 10308000000,
    "grossProfit": 11663000000,
    "grossProfitRatio": 0.5308361021,
    "researchAndDevelopmentExpenses": 0,
    "generalAndAdministrativeExpenses": 8295000000,
    "sellingAndMarketingExpenses": 0,
    "sellingGeneralAndAdministrativeExpenses": 8295000000,
    "otherExpenses": 15000000,
    "operatingExpenses": 8310000000,
    "costAndExpenses": 18618000000,
    "interestIncome": 0,
    "interestExpense": 190000000,
    "depreciationAndAmortization": 782000000,
    "ebitda": 4171000000,
    "ebitdaratio": 0.1898411542,
    "operatingIncome": 3353000000,
    "operatingIncomeRatio": 0.152610259,
    "totalOtherIncomeExpensesNet": -154000000,
    "incomeBeforeTax": 3199000000,
    "incomeBeforeTaxRatio": 0.1456010195,
    "incomeTaxExpense": 475000000,
    "netIncome": 2702000000,
    "netIncomeRatio": 0.1229802922,
    "eps": 1.96,
    "epsdiluted": 1.95,
    "weightedAverageShsOut": 1380000000,
    "weightedAverageShsOutDil": 1387000000,
    "link": "https://www.sec.gov/Archives/edgar/data/77476/000007747622000052/0000077476-22-000052-index.htm",
    "finalLink": "https://www.sec.gov/Archives/edgar/data/77476/000007747622000052/pep-20220903.htm"
  },
  {
    "date": "2022-06-11",
    "symbol": "PEP",
    "reportedCurrency": "USD",
    "cik": "0000077476",
    "fillingDate": "2022-07-12",
    "acceptedDate": "2022-07-11 17:56:41",
    "calendarYear": "2022",
    "period": "Q2",
    "revenue": 20225000000,
    "costOfRevenue": 9415000000,
    "grossProfit": 10810000000,
    "grossProfitRatio": 0.534487021,
    "researchAndDevelopmentExpenses": 0,
    "generalAndAdministrativeExpenses": 7387000000,
    "sellingAndMarketingExpenses": 0,
    "sellingGeneralAndAdministrativeExpenses": 7387000000,
    "otherExpenses": 1346000000,
    "operatingExpenses": 8733000000,
    "costAndExpenses": 18148000000,
    "interestIncome": 0,
    "interestExpense": 236000000,
    "depreciationAndAmortization": 760000000,
    "ebitda": 2835000000,
    "ebitdaratio": 0.1401730532,
    "operatingIncome": 2077000000,
    "operatingIncomeRatio": 0.1026946848,
    "totalOtherIncomeExpensesNet": -238000000,
    "incomeBeforeTax": 1839000000,
    "incomeBeforeTaxRatio": 0.0909270705,
    "incomeTaxExpense": 393000000,
    "netIncome": 1429000000,
    "netIncomeRatio": 0.0706551298,
    "eps": 1.03,
    "epsdiluted": 1.03,
    "weightedAverageShsOut": 1382000000,
    "weightedAverageShsOutDil": 1389000000,
    "link": "https://www.sec.gov/Archives/edgar/data/77476/000007747622000043/0000077476-22-000043-index.htm",
    "finalLink": "https://www.sec.gov/Archives/edgar/data/77476/000007747622000043/pep-20220611.htm"
  },
  {
    "date": "2022-03-19",
    "symbol": "PEP",
    "reportedCurrency": "USD",
    "cik": "0000077476",
    "fillingDate": "2022-04-26",
    "acceptedDate": "2022-04-25 17:51:15",
    "calendarYear": "2022",
    "period": "Q1",
    "revenue": 16200000000,
    "costOfRevenue": 7433000000,
    "grossProfit": 8767000000,
    "grossProfitRatio": 0.5411728395,
    "researchAndDevelopmentExpenses": 0,
    "generalAndAdministrativeExpenses": 6580000000,
    "sellingAndMarketingExpenses": 0,
    "sellingGeneralAndAdministrativeExpenses": 6580000000,
    "otherExpenses": -3080000000,
    "operatingExpenses": 3500000000,
    "costAndExpenses": 10933000000,
    "interestIncome": 0,
    "interestExpense": 240000000,
    "depreciationAndAmortization": 658000000,
    "ebitda": 6059000000,
    "ebitdaratio": 0.3740123457,
    "operatingIncome": 5267000000,
    "operatingIncomeRatio": 0.3251234568,
    "totalOtherIncomeExpensesNet": -106000000,
    "incomeBeforeTax": 5161000000,
    "incomeBeforeTaxRatio": 0.3185802469,
    "incomeTaxExpense": 888000000,
    "netIncome": 4261000000,
    "netIncomeRatio": 0.2630246914,
    "eps": 3.08,
    "epsdiluted": 3.06,
    "weightedAverageShsOut": 1383000000,
    "weightedAverageShsOutDil": 1391000000,
    "link": "https://www.sec.gov/Archives/edgar/data/77476/000007747622000020/0000077476-22-000020-index.htm",
    "finalLink": "https://www.sec.gov/Archives/edgar/data/77476/000007747622000020/pep-20220319.htm"
  },
  {
    "date": "2021-12-25",
    "symbol": "PEP",
    "reportedCurrency": "USD",
    "cik": "0000077476",
    "fillingDate": "2022-02-10",
    "acceptedDate": "2022-02-09 18:03:39",
    "calendarYear": "2021",
    "period": "Q4",
    "revenue": 25248000000,
    "costOfRevenue": 12130000000,
    "grossProfit": 13118000000,
    "grossProfitRatio": 0.5195659062,
    "researchAndDevelopmentExpenses": 752000000,
    "generalAndAdministrativeExpenses": -9151000000,
    "sellingAndMarketingExpenses": 18800000000,
    "sellingGeneralAndAdministrativeExpenses": 9649000000,
    "otherExpenses": 171000000,
    "operatingExpenses": 10556000000,
    "costAndExpenses": 22686000000,
    "interestIncome": 0,
    "interestExpense": 1132000000,
    "depreciationAndAmortization": 1352000000,
    "ebitda": 4072000000,
    "ebitdaratio": 0.1612801014,
    "operatingIncome": 2562000000,
    "operatingIncomeRatio": 0.101473384,
    "totalOtherIncomeExpensesNet": -974000000,
    "incomeBeforeTax": 1588000000,
    "incomeBeforeTaxRatio": 0.062896071,
    "incomeTaxExpense": 247000000,
    "netIncome": 1322000000,
    "netIncomeRatio": 0.052360583,
    "eps": 0.96,
    "epsdiluted": 0.95,
    "weightedAverageShsOut": 1383000000,
    "weightedAverageShsOutDil": 1390000000,
    "link": "https://www.sec.gov/Archives/edgar/data/77476/000007747622000010/0000077476-22-000010-index.htm",
    "finalLink": "https://www.sec.gov/Archives/edgar/data/77476/000007747622000010/pep-20211225.htm"
  },
  {
    "date": "2021-09-04",
    "symbol": "PEP",
    "reportedCurrency": "USD",
    "cik": "0000077476",
    "fillingDate": "2021-10-05",
    "acceptedDate": "2021-10-04 17:41:11",
    "calendarYear": "2021",
    "period": "Q3",
    "revenue": 20189000000,
    "costOfRevenue": 9394000000,
    "grossProfit": 10795000000,
    "grossProfitRatio": 0.5346971123,
    "researchAndDevelopmentExpenses": 0,
    "generalAndAdministrativeExpenses": 7636000000,
    "sellingAndMarketingExpenses": 0,
    "sellingGeneralAndAdministrativeExpenses": 7636000000,
    "otherExpenses": 0,
    "operatingExpenses": 7636000000,
    "costAndExpenses": 17030000000,
    "interestIncome": 0,
    "interestExpense": 232000000,
    "depreciationAndAmortization": 770000000,
    "ebitda": 4047000000,
    "ebitdaratio": 0.2004556937,
    "operatingIncome": 3159000000,
    "operatingIncomeRatio": 0.1564713458,
    "totalOtherIncomeExpensesNet": -114000000,
    "incomeBeforeTax": 3045000000,
    "incomeBeforeTaxRatio": 0.1508247065,
    "incomeTaxExpense": 802000000,
    "netIncome": 2224000000,
    "netIncomeRatio": 0.1101589975,
    "eps": 1.61,
    "epsdiluted": 1.6,
    "weightedAverageShsOut": 1382000000,
    "weightedAverageShsOutDil": 1389000000,
    "link": "https://www.sec.gov/Archives/edgar/data/77476/000007747621000050/0000077476-21-000050-index.htm",
    "finalLink": "https://www.sec.gov/Archives/edgar/data/77476/000007747621000050/pep-20210904.htm"
  },
  {
    "date": "2021-06-12",
    "symbol": "PEP",
    "reportedCurrency": "USD",
    "cik": "0000077476",
    "fillingDate": "2021-07-13",
    "acceptedDate": "2021-07-12 17:37:10",
    "calendarYear": "2021",
    "period": "Q2",
    "revenue": 19217000000,
    "costOfRevenue": 8880000000,
    "grossProfit": 10337000000,
    "grossProfitRatio": 0.5379091429,
    "researchAndDevelopmentExpenses": 0,
    "generalAndAdministrativeExpenses": 7208000000,
    "sellingAndMarketingExpenses": 0,
    "sellingGeneralAndAdministrativeExpenses": 7208000000,
    "otherExpenses": 0,
    "operatingExpenses": 7208000000,
    "costAndExpenses": 16088000000,
    "interestIncome": 0,
    "interestExpense": 241000000,
    "depreciationAndAmortization": 774000000,
    "ebitda": 4029000000,
    "ebitdaratio": 0.2096581152,
    "operatingIncome": 3129000000,
    "operatingIncomeRatio": 0.1628245824,
    "totalOtherIncomeExpensesNet": -115000000,
    "incomeBeforeTax": 3014000000,
    "incomeBeforeTaxRatio": 0.1568402977,
    "incomeTaxExpense": 642000000,
    "netIncome": 2358000000,
    "netIncomeRatio": 0.122703856,
    "eps": 1.71,
    "epsdiluted": 1.7,
    "weightedAverageShsOut": 1382000000,
    "weightedAverageShsOutDil": 1388000000,
    "link": "https://www.sec.gov/Archives/edgar/data/77476/000007747621000039/0000077476-21-000039-index.htm",
    "finalLink": "https://www.sec.gov/Archives/edgar/data/77476/000007747621000039/pep-20210612.htm"
  },
  {
    "date": "2021-03-20",
    "symbol": "PEP",
    "reportedCurrency": "USD",
    "cik": "0000077476",
    "fillingDate": "2021-04-15",
    "acceptedDate": "2021-04-14 17:37:04",
    "calendarYear": "2021",
    "period": "Q1",
    "revenue": 14820000000,
    "costOfRevenue": 6671000000,
    "grossProfit": 8149000000,
    "grossProfitRatio": 0.5498650472,
    "researchAndDevelopmentExpenses": 0,
    "generalAndAdministrativeExpenses": 5837000000,
    "sellingAndMarketingExpenses": 0,
    "sellingGeneralAndAdministrativeExpenses": 5837000000,
    "otherExpenses": 0,
    "operatingExpenses": 5837000000,
    "costAndExpenses": 12508000000,
    "interestIncome": 0,
    "interestExpense": 258000000,
    "depreciationAndAmortization": 659000000,
    "ebitda": 3091000000,
    "ebitdaratio": 0.2085695007,
    "operatingIncome": 2312000000,
    "operatingIncomeRatio": 0.1560053981,
    "totalOtherIncomeExpensesNet": -138000000,
    "incomeBeforeTax": 2174000000,
    "incomeBeforeTaxRatio": 0.1466936572,
    "incomeTaxExpense": 451000000,
    "netIncome": 1714000000,
    "netIncomeRatio": 0.1156545209,
    "eps": 1.24,
    "epsdiluted": 1.24,
    "weightedAverageShsOut": 1380000000,
    "weightedAverageShsOutDil": 1387000000,
    "link": "https://www.sec.gov/Archives/edgar/data/77476/000007747621000018/0000077476-21-000018-index.htm",
    "finalLink": "https://www.sec.gov/Archives/edgar/data/77476/000007747621000018/pep-20210320.htm"
  },
  {
    "date": "2020-12-26",
    "symbol": "PEP",
    "reportedCurrency": "USD",
    "cik": "0000077476",
    "fillingDate": "2021-02-11",
    "acceptedDate": "2021-02-10 17:41:49",
    "calendarYear": "2020",
    "period": "Q4",
    "revenue": 22455000000,
    "costOfRevenue": 10426000000,
    "grossProfit": 12029000000,
    "grossProfitRatio": 0.5356936094,
    "researchAndDevelopmentExpenses": 719000000,
    "generalAndAdministrativeExpenses": -8130000000,
    "sellingAndMarketingExpenses": 16500000000,
    "sellingGeneralAndAdministrativeExpenses": 8370000000,
    "otherExpenses": 142000000,
    "operatingExpenses": 9203000000,
    "costAndExpenses": 19629000000,
    "interestIncome": 0,
    "interestExpense": 339000000,
    "depreciationAndAmortization": 817000000,
    "ebitda": 3513000000,
    "ebitdaratio": 0.1564462258,
    "operatingIncome": 2826000000,
    "operatingIncomeRatio": 0.1258517034,
    "totalOtherIncomeExpensesNet": -469000000,
    "incomeBeforeTax": 2357000000,
    "incomeBeforeTaxRatio": 0.1049654865,
    "incomeTaxExpense": 498000000,
    "netIncome": 1845000000,
    "netIncomeRatio": 0.0821643287,
    "eps": 1.34,
    "epsdiluted": 1.33,
    "weightedAverageShsOut": 1380000000,
    "weightedAverageShsOutDil": 1388000000,
    "link": "https://www.sec.gov/Archives/edgar/data/77476/000007747621000007/0000077476-21-000007-index.htm",
    "finalLink": "https://www.sec.gov/Archives/edgar/data/77476/000007747621000007/pep-20201226.htm"
  },
  {
    "date": "2020-09-05",
    "symbol": "PEP",
    "reportedCurrency": "USD",
    "cik": "0000077476",
    "fillingDate": "2020-10-01",
    "acceptedDate": "2020-09-30 17:42:34",
    "calendarYear": "2020",
    "period": "Q3",
    "revenue": 18091000000,
    "costOfRevenue": 8156000000,
    "grossProfit": 9935000000,
    "grossProfitRatio": 0.5491680946,
    "researchAndDevelopmentExpenses": 0,
    "generalAndAdministrativeExpenses": 6924000000,
    "sellingAndMarketingExpenses": 0,
    "sellingGeneralAndAdministrativeExpenses": 6924000000,
    "otherExpenses": 0,
    "operatingExpenses": 6924000000,
    "costAndExpenses": 15080000000,
    "interestIncome": 0,
    "interestExpense": 264000000,
    "depreciationAndAmortization": 609000000,
    "ebitda": 3706000000,
    "ebitdaratio": 0.2048532419,
    "operatingIncome": 3011000000,
    "operatingIncomeRatio": 0.1664363496,
    "totalOtherIncomeExpensesNet": -178000000,
    "incomeBeforeTax": 2833000000,
    "incomeBeforeTaxRatio": 0.156597203,
    "incomeTaxExpense": 526000000,
    "netIncome": 2291000000,
    "netIncomeRatio": 0.1266375546,
    "eps": 1.66,
    "epsdiluted": 1.65,
    "weightedAverageShsOut": 1383000000,
    "weightedAverageShsOutDil": 1390000000,
    "link": "https://www.sec.gov/Archives/edgar/data/77476/000007747620000068/0000077476-20-000068-index.htm",
    "finalLink": "https://www.sec.gov/Archives/edgar/data/77476/000007747620000068/pep-20200905.htm"
  },
  {
    "date": "2020-06-13",
    "symbol": "PEP",
    "reportedCurrency": "USD",
    "cik": "0000077476",
    "fillingDate": "2020-07-13",
    "acceptedDate": "2020-07-13 06:03:55",
    "calendarYear": "2020",
    "period": "Q2",
    "revenue": 15945000000,
    "costOfRevenue": 7088000000,
    "grossProfit": 8857000000,
    "grossProfitRatio": 0.5554719348,
    "researchAndDevelopmentExpenses": 0,
    "generalAndAdministrativeExpenses": 6538000000,
    "sellingAndMarketingExpenses": 0,
    "sellingGeneralAndAdministrativeExpenses": 6538000000,
    "otherExpenses": 0,
    "operatingExpenses": 6538000000,
    "costAndExpenses": 13626000000,
    "interestIncome": 0,
    "interestExpense": 235000000,
    "depreciationAndAmortization": 589000000,
    "ebitda": 2992000000,
    "ebitdaratio": 0.1876450298,
    "operatingIncome": 2319000000,
    "operatingIncomeRatio": 0.1454374412,
    "totalOtherIncomeExpensesNet": -151000000,
    "incomeBeforeTax": 2168000000,
    "incomeBeforeTaxRatio": 0.1359673879,
    "incomeTaxExpense": 510000000,
    "netIncome": 1646000000,
    "netIncomeRatio": 0.1032298526,
    "eps": 1.19,
    "epsdiluted": 1.18,
    "weightedAverageShsOut": 1387000000,
    "weightedAverageShsOutDil": 1393000000,
    "link": "https://www.sec.gov/Archives/edgar/data/77476/000007747620000060/0000077476-20-000060-index.htm",
    "finalLink": "https://www.sec.gov/Archives/edgar/data/77476/000007747620000060/pepsicoq2-10xq2020.htm"
  },
  {
    "date": "2020-03-21",
    "symbol": "PEP",
    "reportedCurrency": "USD",
    "cik": "0000077476",
    "fillingDate": "2020-04-28",
    "acceptedDate": "2020-04-28 06:03:50",
    "calendarYear": "2020",
    "period": "Q1",
    "revenue": 13881000000,
    "costOfRevenue": 6127000000,
    "grossProfit": 7754000000,
    "grossProfitRatio": 0.5586052878,
    "researchAndDevelopmentExpenses": 0,
    "generalAndAdministrativeExpenses": 5830000000,
    "sellingAndMarketingExpenses": 0,
    "sellingGeneralAndAdministrativeExpenses": 5830000000,
    "otherExpenses": 0,
    "operatingExpenses": 5830000000,
    "costAndExpenses": 11957000000,
    "interestIncome": 0,
    "interestExpense": 290000000,
    "depreciationAndAmortization": 533000000,
    "ebitda": 2534000000,
    "ebitdaratio": 0.1825516894,
    "operatingIncome": 1924000000,
    "operatingIncomeRatio": 0.1386067286,
    "totalOtherIncomeExpensesNet": -213000000,
    "incomeBeforeTax": 1711000000,
    "incomeBeforeTaxRatio": 0.1232620128,
    "incomeTaxExpense": 360000000,
    "netIncome": 1338000000,
    "netIncomeRatio": 0.0963907499,
    "eps": 0.96,
    "epsdiluted": 0.96,
    "weightedAverageShsOut": 1390000000,
    "weightedAverageShsOutDil": 1396000000,
    "link": "https://www.sec.gov/Archives/edgar/data/77476/000007747620000041/0000077476-20-000041-index.htm",
    "finalLink": "https://www.sec.gov/Archives/edgar/data/77476/000007747620000041/pepsicoq1-10xq2020.htm"
  },
  {
    "date": "2019-12-28",
    "symbol": "PEP",
    "reportedCurrency": "USD",
    "cik": "0000077476",
    "fillingDate": "2020-02-13",
    "acceptedDate": "2020-02-13 06:09:23",
    "calendarYear": "2019",
    "period": "Q4",
    "revenue": 20640000000,
    "costOfRevenue": 9346000000,
    "grossProfit": 11294000000,
    "grossProfitRatio": 0.5471899225,
    "researchAndDevelopmentExpenses": 711000000,
    "generalAndAdministrativeExpenses": -7621000000,
    "sellingAndMarketingExpenses": 15600000000,
    "sellingGeneralAndAdministrativeExpenses": 7979000000,
    "otherExpenses": -80000000,
    "operatingExpenses": 8610000000,
    "costAndExpenses": 17941000000,
    "interestIncome": 61000000,
    "interestExpense": 345000000,
    "depreciationAndAmortization": 798000000,
    "ebitda": 3351000000,
    "ebitdaratio": 0.1623546512,
    "operatingIncome": 2699000000,
    "operatingIncomeRatio": 0.1307655039,
    "totalOtherIncomeExpensesNet": -491000000,
    "incomeBeforeTax": 2208000000,
    "incomeBeforeTaxRatio": 0.1069767442,
    "incomeTaxExpense": 430000000,
    "netIncome": 1766000000,
    "netIncomeRatio": 0.0855620155,
    "eps": 1.27,
    "epsdiluted": 1.26,
    "weightedAverageShsOut": 1391000000,
    "weightedAverageShsOutDil": 1401000000,
    "link": "https://www.sec.gov/Archives/edgar/data/77476/000007747620000015/0000077476-20-000015-index.htm",
    "finalLink": "https://www.sec.gov/Archives/edgar/data/77476/000007747620000015/pepsico201910-k.htm"
  },
  {
    "date": "2019-09-07",
    "symbol": "PEP",
    "reportedCurrency": "USD",
    "cik": "0000077476",
    "fillingDate": "2019-10-03",
    "acceptedDate": "2019-10-03 06:03:29",
    "calendarYear": "2019",
    "period": "Q3",
    "revenue": 17188000000,
    "costOfRevenue": 7694000000,
    "grossProfit": 9494000000,
    "grossProfitRatio": 0.5523621131,
    "researchAndDevelopmentExpenses": 0,
    "generalAndAdministrativeExpenses": 0,
    "sellingAndMarketingExpenses": 0,
    "sellingGeneralAndAdministrativeExpenses": 6514000000,
    "otherExpenses": 135000000,
    "operatingExpenses": 6649000000,
    "costAndExpenses": 14333000000,
    "interestIncome": 38000000,
    "interestExpense": 236000000,
    "depreciationAndAmortization": 578000000,
    "ebitda": 3471000000,
    "ebitdaratio": 0.2019432162,
    "operatingIncome": 2855000000,
    "operatingIncomeRatio": 0.1661042588,
    "totalOtherIncomeExpensesNet": -186000000,
    "incomeBeforeTax": 2669000000,
    "incomeBeforeTaxRatio": 0.1552827554,
    "incomeTaxExpense": 559000000,
    "netIncome": 2100000000,
    "netIncomeRatio": 0.1221782639,
    "eps": 1.5,
    "epsdiluted": 1.49,
    "weightedAverageShsOut": 1397000000,
    "weightedAverageShsOutDil": 1405000000,
    "link": "https://www.sec.gov/Archives/edgar/data/77476/000007747619000093/0000077476-19-000093-index.htm",
    "finalLink": "https://www.sec.gov/Archives/edgar/data/77476/000007747619000093/pepsicoq3-10xq2019.htm"
  },
  {
    "date": "2019-06-15",
    "symbol": "PEP",
    "reportedCurrency": "USD",
    "cik": "0000077476",
    "fillingDate": "2019-07-09",
    "acceptedDate": "2019-07-09 06:07:54",
    "calendarYear": "2019",
    "period": "Q2",
    "revenue": 16449000000,
    "costOfRevenue": 7302000000,
    "grossProfit": 9045000000,
    "grossProfitRatio": 0.5498814518,
    "researchAndDevelopmentExpenses": 0,
    "generalAndAdministrativeExpenses": 0,
    "sellingAndMarketingExpenses": 0,
    "sellingGeneralAndAdministrativeExpenses": 6149000000,
    "otherExpenses": 269000000,
    "operatingExpenses": 6418000000,
    "costAndExpenses": 13720000000,
    "interestIncome": 38000000,
    "interestExpense": 256000000,
    "depreciationAndAmortization": 558000000,
    "ebitda": 3348000000,
    "ebitdaratio": 0.203538209,
    "operatingIncome": 2729000000,
    "operatingIncomeRatio": 0.1659067421,
    "totalOtherIncomeExpensesNet": -162000000,
    "incomeBeforeTax": 2567000000,
    "incomeBeforeTaxRatio": 0.156058119,
    "incomeTaxExpense": 524000000,
    "netIncome": 2035000000,
    "netIncomeRatio": 0.1237157274,
    "eps": 1.45,
    "epsdiluted": 1.44,
    "weightedAverageShsOut": 1399000000,
    "weightedAverageShsOutDil": 1409000000,
    "link": "https://www.sec.gov/Archives/edgar/data/77476/000007747619000070/0000077476-19-000070-index.htm",
    "finalLink": "https://www.sec.gov/Archives/edgar/data/77476/000007747619000070/pepsicoq2-10xq2019.htm"
  },
  {
    "date": "2019-03-23",
    "symbol": "PEP",
    "reportedCurrency": "USD",
    "cik": "0000077476",
    "fillingDate": "2019-04-17",
    "acceptedDate": "2019-04-17 06:03:08",
    "calendarYear": "2019",
    "period": "Q1",
    "revenue": 12884000000,
    "costOfRevenue": 5688000000,
    "grossProfit": 7196000000,
    "grossProfitRatio": 0.5585221981,
    "researchAndDevelopmentExpenses": 0,
    "generalAndAdministrativeExpenses": 0,
    "sellingAndMarketingExpenses": 0,
    "sellingGeneralAndAdministrativeExpenses": 5151000000,
    "otherExpenses": 45000000,
    "operatingExpenses": 5196000000,
    "costAndExpenses": 10876000000,
    "interestIncome": 63000000,
    "interestExpense": 306000000,
    "depreciationAndAmortization": 498000000,
    "ebitda": 2570000000,
    "ebitdaratio": 0.1994722136,
    "operatingIncome": 2008000000,
    "operatingIncomeRatio": 0.1558522198,
    "totalOtherIncomeExpensesNet": -140000000,
    "incomeBeforeTax": 1868000000,
    "incomeBeforeTaxRatio": 0.1449860292,
    "incomeTaxExpense": 446000000,
    "netIncome": 1413000000,
    "netIncomeRatio": 0.1096709097,
    "eps": 1,
    "epsdiluted": 1,
    "weightedAverageShsOut": 1406000000,
    "weightedAverageShsOutDil": 1413000000,
    "link": "https://www.sec.gov/Archives/edgar/data/77476/000007747619000038/0000077476-19-000038-index.htm",
    "finalLink": "https://www.sec.gov/Archives/edgar/data/77476/000007747619000038/pepsicoq1-10xq2019.htm"
  },
  {
    "date": "2018-12-29",
    "symbol": "PEP",
    "reportedCurrency": "USD",
    "cik": "0000077476",
    "fillingDate": "2019-02-15",
    "acceptedDate": "2019-02-15 16:23:02",
    "calendarYear": "2018",
    "period": "Q4",
    "revenue": 19524000000,
    "costOfRevenue": 8936000000,
    "grossProfit": 10588000000,
    "grossProfitRatio": 0.5423069043,
    "researchAndDevelopmentExpenses": 680000000,
    "generalAndAdministrativeExpenses": -7527000000,
    "sellingAndMarketingExpenses": 14700000000,
    "sellingGeneralAndAdministrativeExpenses": 7173000000,
    "otherExpenses": 307000000,
    "operatingExpenses": 8157000000,
    "costAndExpenses": 17093000000,
    "interestIncome": 58000000,
    "interestExpense": 621000000,
    "depreciationAndAmortization": 763000000,
    "ebitda": 3319000000,
    "ebitdaratio": 0.1699959025,
    "operatingIncome": 2431000000,
    "operatingIncomeRatio": 0.1245134194,
    "totalOtherIncomeExpensesNet": -496000000,
    "incomeBeforeTax": 1935000000,
    "incomeBeforeTaxRatio": 0.0991087892,
    "incomeTaxExpense": -4932000000,
    "netIncome": 6854000000,
    "netIncomeRatio": 0.3510551117,
    "eps": 4.86,
    "epsdiluted": 4.83,
    "weightedAverageShsOut": 1410000000,
    "weightedAverageShsOutDil": 1420000000,
    "link": "https://www.sec.gov/Archives/edgar/data/77476/000007747619000017/0000077476-19-000017-index.htm",
    "finalLink": "https://www.sec.gov/Archives/edgar/data/77476/000007747619000017/pepsico201810-k.htm"
  },
  {
    "date": "2018-09-08",
    "symbol": "PEP",
    "reportedCurrency": "USD",
    "cik": "0000077476",
    "fillingDate": "2018-10-02",
    "acceptedDate": "2018-10-02 16:20:04",
    "calendarYear": "2018",
    "period": "Q3",
    "revenue": 16485000000,
    "costOfRevenue": 7527000000,
    "grossProfit": 8958000000,
    "grossProfitRatio": 0.5434030937,
    "researchAndDevelopmentExpenses": 0,
    "generalAndAdministrativeExpenses": 0,
    "sellingAndMarketingExpenses": 0,
    "sellingGeneralAndAdministrativeExpenses": 6006000000,
    "otherExpenses": 108000000,
    "operatingExpenses": 6114000000,
    "costAndExpenses": 13641000000,
    "interestIncome": 81000000,
    "interestExpense": 302000000,
    "depreciationAndAmortization": 566000000,
    "ebitda": 3565000000,
    "ebitdaratio": 0.2162572035,
    "operatingIncome": 2844000000,
    "operatingIncomeRatio": 0.1725204732,
    "totalOtherIncomeExpensesNet": -147000000,
    "incomeBeforeTax": 2697000000,
    "incomeBeforeTaxRatio": 0.1636032757,
    "incomeTaxExpense": 188000000,
    "netIncome": 2498000000,
    "netIncomeRatio": 0.1515316955,
    "eps": 1.77,
    "epsdiluted": 1.75,
    "weightedAverageShsOut": 1414000000,
    "weightedAverageShsOutDil": 1424000000,
    "link": "https://www.sec.gov/Archives/edgar/data/77476/000007747618000076/0000077476-18-000076-index.htm",
    "finalLink": "https://www.sec.gov/Archives/edgar/data/77476/000007747618000076/pepsicoq3-10xq982018.htm"
  },
  {
    "date": "2018-06-16",
    "symbol": "PEP",
    "reportedCurrency": "USD",
    "cik": "0000077476",
    "fillingDate": "2018-07-10",
    "acceptedDate": "2018-07-10 16:17:24",
    "calendarYear": "2018",
    "period": "Q2",
    "revenue": 16090000000,
    "costOfRevenue": 7263000000,
    "grossProfit": 8827000000,
    "grossProfitRatio": 0.5486016159,
    "researchAndDevelopmentExpenses": 0,
    "generalAndAdministrativeExpenses": 0,
    "sellingAndMarketingExpenses": 0,
    "sellingGeneralAndAdministrativeExpenses": 5672000000,
    "otherExpenses": 127000000,
    "operatingExpenses": 5799000000,
    "costAndExpenses": 13062000000,
    "interestIncome": 98000000,
    "interestExpense": 308000000,
    "depreciationAndAmortization": 574000000,
    "ebitda": 3782000000,
    "ebitdaratio": 0.2350528278,
    "operatingIncome": 3028000000,
    "operatingIncomeRatio": 0.1881914232,
    "totalOtherIncomeExpensesNet": -128000000,
    "incomeBeforeTax": 2900000000,
    "incomeBeforeTaxRatio": 0.1802361715,
    "incomeTaxExpense": 1070000000,
    "netIncome": 1820000000,
    "netIncomeRatio": 0.1131137352,
    "eps": 1.28,
    "epsdiluted": 1.28,
    "weightedAverageShsOut": 1417000000,
    "weightedAverageShsOutDil": 1426000000,
    "link": "https://www.sec.gov/Archives/edgar/data/77476/000007747618000055/0000077476-18-000055-index.htm",
    "finalLink": "https://www.sec.gov/Archives/edgar/data/77476/000007747618000055/pepsicoq2-10xq6162018.htm"
  },
  {
    "date": "2018-03-24",
    "symbol": "PEP",
    "reportedCurrency": "USD",
    "cik": "0000077476",
    "fillingDate": "2018-04-26",
    "acceptedDate": "2018-04-26 16:22:42",
    "calendarYear": "2018",
    "period": "Q1",
    "revenue": 12562000000,
    "costOfRevenue": 5655000000,
    "grossProfit": 6907000000,
    "grossProfitRatio": 0.5498328292,
    "researchAndDevelopmentExpenses": 0,
    "generalAndAdministrativeExpenses": 0,
    "sellingAndMarketingExpenses": 0,
    "sellingGeneralAndAdministrativeExpenses": 5006000000,
    "otherExpenses": 94000000,
    "operatingExpenses": 5100000000,
    "costAndExpenses": 10755000000,
    "interestIncome": 69000000,
    "interestExpense": 294000000,
    "depreciationAndAmortization": 496000000,
    "ebitda": 2447000000,
    "ebitdaratio": 0.1947938226,
    "operatingIncome": 1807000000,
    "operatingIncomeRatio": 0.1438465213,
    "totalOtherIncomeExpensesNet": -150000000,
    "incomeBeforeTax": 1657000000,
    "incomeBeforeTaxRatio": 0.1319057475,
    "incomeTaxExpense": 304000000,
    "netIncome": 1343000000,
    "netIncomeRatio": 0.1069097278,
    "eps": 0.95,
    "epsdiluted": 0.94,
    "weightedAverageShsOut": 1419000000,
    "weightedAverageShsOutDil": 1430000000,
    "link": "https://www.sec.gov/Archives/edgar/data/77476/000007747618000032/0000077476-18-000032-index.htm",
    "finalLink": "https://www.sec.gov/Archives/edgar/data/77476/000007747618000032/pepsicoq1-10xq3242018.htm"
  },
  {
    "date": "2017-12-30",
    "symbol": "PEP",
    "reportedCurrency": "USD",
    "cik": "0000077476",
    "fillingDate": "2018-02-13",
    "acceptedDate": "2018-02-13 16:32:31",
    "calendarYear": "2017",
    "period": "Q4",
    "revenue": 19526000000,
    "costOfRevenue": 9077000000,
    "grossProfit": 10449000000,
    "grossProfitRatio": 0.5351326437,
    "researchAndDevelopmentExpenses": 737000000,
    "generalAndAdministrativeExpenses": -6957000000,
    "sellingAndMarketingExpenses": 14000000000,
    "sellingGeneralAndAdministrativeExpenses": 7043000000,
    "otherExpenses": 97000000,
    "operatingExpenses": 7877000000,
    "costAndExpenses": 16933000000,
    "interestIncome": 103000000,
    "interestExpense": 365000000,
    "depreciationAndAmortization": 765000000,
    "ebitda": 3461000000,
    "ebitdaratio": 0.177250845,
    "operatingIncome": 2593000000,
    "operatingIncomeRatio": 0.1327972959,
    "totalOtherIncomeExpensesNet": -262000000,
    "incomeBeforeTax": 2331000000,
    "incomeBeforeTaxRatio": 0.1193792892,
    "incomeTaxExpense": 3026000000,
    "netIncome": -710000000,
    "netIncomeRatio": -0.036361774,
    "eps": -0.5,
    "epsdiluted": -0.5,
    "weightedAverageShsOut": 1420000000,
    "weightedAverageShsOutDil": 1421000000,
    "link": "https://www.sec.gov/Archives/edgar/data/77476/000007747618000012/0000077476-18-000012-index.htm",
    "finalLink": "https://www.sec.gov/Archives/edgar/data/77476/000007747618000012/pepsico201710-k.htm"
  },
  {
    "date": "2017-09-09",
    "symbol": "PEP",
    "reportedCurrency": "USD",
    "cik": "0000077476",
    "fillingDate": "2017-10-04",
    "acceptedDate": "2017-10-04 16:26:06",
    "calendarYear": "2017",
    "period": "Q3",
    "revenue": 16240000000,
    "costOfRevenue": 7368000000,
    "grossProfit": 8872000000,
    "grossProfitRatio": 0.5463054187,
    "researchAndDevelopmentExpenses": 0,
    "generalAndAdministrativeExpenses": 0,
    "sellingAndMarketingExpenses": 0,
    "sellingGeneralAndAdministrativeExpenses": 5871000000,
    "otherExpenses": 77000000,
    "operatingExpenses": 5948000000,
    "costAndExpenses": 13316000000,
    "interestIncome": 52000000,
    "interestExpense": 269000000,
    "depreciationAndAmortization": 573000000,
    "ebitda": 3618000000,
    "ebitdaratio": 0.2227832512,
    "operatingIncome": 2924000000,
    "operatingIncomeRatio": 0.1800492611,
    "totalOtherIncomeExpensesNet": -148000000,
    "incomeBeforeTax": 2776000000,
    "incomeBeforeTaxRatio": 0.1709359606,
    "incomeTaxExpense": 620000000,
    "netIncome": 2144000000,
    "netIncomeRatio": 0.1320197044,
    "eps": 1.5,
    "epsdiluted": 1.49,
    "weightedAverageShsOut": 1425000000,
    "weightedAverageShsOutDil": 1438000000,
    "link": "https://www.sec.gov/Archives/edgar/data/77476/000007747617000048/0000077476-17-000048-index.htm",
    "finalLink": "https://www.sec.gov/Archives/edgar/data/77476/000007747617000048/pepsicoq3-10xq992017.htm"
  },
  {
    "date": "2017-06-17",
    "symbol": "PEP",
    "reportedCurrency": "USD",
    "cik": "0000077476",
    "fillingDate": "2017-07-11",
    "acceptedDate": "2017-07-11 16:19:57",
    "calendarYear": "2017",
    "period": "Q2",
    "revenue": 15710000000,
    "costOfRevenue": 7059000000,
    "grossProfit": 8651000000,
    "grossProfitRatio": 0.5506683641,
    "researchAndDevelopmentExpenses": 0,
    "generalAndAdministrativeExpenses": 0,
    "sellingAndMarketingExpenses": 0,
    "sellingGeneralAndAdministrativeExpenses": 5703000000,
    "otherExpenses": 29000000,
    "operatingExpenses": 5732000000,
    "costAndExpenses": 12791000000,
    "interestIncome": 49000000,
    "interestExpense": 265000000,
    "depreciationAndAmortization": 554000000,
    "ebitda": 3593000000,
    "ebitdaratio": 0.2287078294,
    "operatingIncome": 2919000000,
    "operatingIncomeRatio": 0.1858052196,
    "totalOtherIncomeExpensesNet": -145000000,
    "incomeBeforeTax": 2774000000,
    "incomeBeforeTaxRatio": 0.1765754297,
    "incomeTaxExpense": 656000000,
    "netIncome": 2105000000,
    "netIncomeRatio": 0.1339910885,
    "eps": 1.47,
    "epsdiluted": 1.46,
    "weightedAverageShsOut": 1428000000,
    "weightedAverageShsOutDil": 1441000000,
    "link": "https://www.sec.gov/Archives/edgar/data/77476/000007747617000033/0000077476-17-000033-index.htm",
    "finalLink": "https://www.sec.gov/Archives/edgar/data/77476/000007747617000033/pepsicoq2-10xq6172017.htm"
  },
  {
    "date": "2017-03-25",
    "symbol": "PEP",
    "reportedCurrency": "USD",
    "cik": "0000077476",
    "fillingDate": "2017-04-26",
    "acceptedDate": "2017-04-26 16:24:16",
    "calendarYear": "2017",
    "period": "Q1",
    "revenue": 12049000000,
    "costOfRevenue": 5290000000,
    "grossProfit": 6759000000,
    "grossProfitRatio": 0.5609594157,
    "researchAndDevelopmentExpenses": 0,
    "generalAndAdministrativeExpenses": 0,
    "sellingAndMarketingExpenses": 0,
    "sellingGeneralAndAdministrativeExpenses": 4804000000,
    "otherExpenses": 92000000,
    "operatingExpenses": 4896000000,
    "costAndExpenses": 10186000000,
    "interestIncome": 40000000,
    "interestExpense": 252000000,
    "depreciationAndAmortization": 477000000,
    "ebitda": 2450000000,
    "ebitdaratio": 0.2033363765,
    "operatingIncome": 1863000000,
    "operatingIncomeRatio": 0.1546186406,
    "totalOtherIncomeExpensesNet": -142000000,
    "incomeBeforeTax": 1721000000,
    "incomeBeforeTaxRatio": 0.1428334302,
    "incomeTaxExpense": 392000000,
    "netIncome": 1318000000,
    "netIncomeRatio": 0.1093866711,
    "eps": 0.92,
    "epsdiluted": 0.92,
    "weightedAverageShsOut": 1428000000,
    "weightedAverageShsOutDil": 1440000000,
    "link": "https://www.sec.gov/Archives/edgar/data/77476/000007747617000017/0000077476-17-000017-index.htm",
    "finalLink": "https://www.sec.gov/Archives/edgar/data/77476/000007747617000017/pepsicoq1-10xq3252017.htm"
  },
  {
    "date": "2016-12-31",
    "symbol": "PEP",
    "reportedCurrency": "USD",
    "cik": "0000077476",
    "fillingDate": "2017-02-15",
    "acceptedDate": "2017-02-15 16:35:15",
    "calendarYear": "2016",
    "period": "Q4",
    "revenue": 19515000000,
    "costOfRevenue": 8944000000,
    "grossProfit": 10571000000,
    "grossProfitRatio": 0.5416858827,
    "researchAndDevelopmentExpenses": 760000000,
    "generalAndAdministrativeExpenses": -7013000000,
    "sellingAndMarketingExpenses": 13900000000,
    "sellingGeneralAndAdministrativeExpenses": 6887000000,
    "otherExpenses": 543000000,
    "operatingExpenses": 8190000000,
    "costAndExpenses": 17134000000,
    "interestIncome": 44000000,
    "interestExpense": 594000000,
    "depreciationAndAmortization": 757000000,
    "ebitda": 3182000000,
    "ebitdaratio": 0.163054061,
    "operatingIncome": 2381000000,
    "operatingIncomeRatio": 0.1220087112,
    "totalOtherIncomeExpensesNet": -550000000,
    "incomeBeforeTax": 1831000000,
    "incomeBeforeTaxRatio": 0.0938252626,
    "incomeTaxExpense": 414000000,
    "netIncome": 1401000000,
    "netIncomeRatio": 0.0717909301,
    "eps": 0.98,
    "epsdiluted": 0.97,
    "weightedAverageShsOut": 1428000000,
    "weightedAverageShsOutDil": 1444000000,
    "link": "https://www.sec.gov/Archives/edgar/data/77476/000007747617000010/0000077476-17-000010-index.htm",
    "finalLink": "https://www.sec.gov/Archives/edgar/data/77476/000007747617000010/pepsico201610-k.htm"
  },
  {
    "date": "2016-09-03",
    "symbol": "PEP",
    "reportedCurrency": "USD",
    "cik": "0000077476",
    "fillingDate": "2016-09-29",
    "acceptedDate": "2016-09-29 16:20:07",
    "calendarYear": "2016",
    "period": "Q3",
    "revenue": 16027000000,
    "costOfRevenue": 7284000000,
    "grossProfit": 8743000000,
    "grossProfitRatio": 0.5455169402,
    "researchAndDevelopmentExpenses": 0,
    "generalAndAdministrativeExpenses": 0,
    "sellingAndMarketingExpenses": 0,
    "sellingGeneralAndAdministrativeExpenses": 5877000000,
    "otherExpenses": 45000000,
    "operatingExpenses": 5922000000,
    "costAndExpenses": 13206000000,
    "interestIncome": 30000000,
    "interestExpense": 247000000,
    "depreciationAndAmortization": 567000000,
    "ebitda": 3418000000,
    "ebitdaratio": 0.2132651151,
    "operatingIncome": 2821000000,
    "operatingIncomeRatio": 0.1760154739,
    "totalOtherIncomeExpensesNet": -217000000,
    "incomeBeforeTax": 2604000000,
    "incomeBeforeTaxRatio": 0.1624758221,
    "incomeTaxExpense": 600000000,
    "netIncome": 1992000000,
    "netIncomeRatio": 0.1242902602,
    "eps": 1.38,
    "epsdiluted": 1.37,
    "weightedAverageShsOut": 1438000000,
    "weightedAverageShsOutDil": 1452000000,
    "link": "https://www.sec.gov/Archives/edgar/data/77476/000007747616000107/0000077476-16-000107-index.htm",
    "finalLink": "https://www.sec.gov/Archives/edgar/data/77476/000007747616000107/pepsicoq3-10xq932016.htm"
  },
  {
    "date": "2016-06-11",
    "symbol": "PEP",
    "reportedCurrency": "USD",
    "cik": "0000077476",
    "fillingDate": "2016-07-07",
    "acceptedDate": "2016-07-07 16:20:31",
    "calendarYear": "2016",
    "period": "Q2",
    "revenue": 15395000000,
    "costOfRevenue": 6830000000,
    "grossProfit": 8565000000,
    "grossProfitRatio": 0.5563494641,
    "researchAndDevelopmentExpenses": 0,
    "generalAndAdministrativeExpenses": 0,
    "sellingAndMarketingExpenses": 0,
    "sellingGeneralAndAdministrativeExpenses": 5535000000,
    "otherExpenses": 66000000,
    "operatingExpenses": 5601000000,
    "costAndExpenses": 12431000000,
    "interestIncome": 22000000,
    "interestExpense": 255000000,
    "depreciationAndAmortization": 563000000,
    "ebitda": 3549000000,
    "ebitdaratio": 0.2305293927,
    "operatingIncome": 2964000000,
    "operatingIncomeRatio": 0.1925300422,
    "totalOtherIncomeExpensesNet": -233000000,
    "incomeBeforeTax": 2731000000,
    "incomeBeforeTaxRatio": 0.1773952582,
    "incomeTaxExpense": 718000000,
    "netIncome": 2005000000,
    "netIncomeRatio": 0.13023709,
    "eps": 1.39,
    "epsdiluted": 1.38,
    "weightedAverageShsOut": 1443000000,
    "weightedAverageShsOutDil": 1456000000,
    "link": "https://www.sec.gov/Archives/edgar/data/77476/000007747616000094/0000077476-16-000094-index.htm",
    "finalLink": "https://www.sec.gov/Archives/edgar/data/77476/000007747616000094/pepsicoq2-10xq6112016.htm"
  },
  {
    "date": "2016-03-19",
    "symbol": "PEP",
    "reportedCurrency": "USD",
    "cik": "0000077476",
    "fillingDate": "2016-04-18",
    "acceptedDate": "2016-04-18 16:09:39",
    "calendarYear": "2016",
    "period": "Q1",
    "revenue": 11862000000,
    "costOfRevenue": 5151000000,
    "grossProfit": 6711000000,
    "grossProfitRatio": 0.5657561963,
    "researchAndDevelopmentExpenses": 0,
    "generalAndAdministrativeExpenses": 0,
    "sellingAndMarketingExpenses": 0,
    "sellingGeneralAndAdministrativeExpenses": 5048000000,
    "otherExpenses": 44000000,
    "operatingExpenses": 5092000000,
    "costAndExpenses": 10243000000,
    "interestIncome": 14000000,
    "interestExpense": 246000000,
    "depreciationAndAmortization": 481000000,
    "ebitda": 2114000000,
    "ebitdaratio": 0.1782161524,
    "operatingIncome": 1619000000,
    "operatingIncomeRatio": 0.1364862586,
    "totalOtherIncomeExpensesNet": -232000000,
    "incomeBeforeTax": 1387000000,
    "incomeBeforeTaxRatio": 0.1169280054,
    "incomeTaxExpense": 442000000,
    "netIncome": 931000000,
    "netIncomeRatio": 0.0784859214,
    "eps": 0.64,
    "epsdiluted": 0.64,
    "weightedAverageShsOut": 1446000000,
    "weightedAverageShsOutDil": 1459000000,
    "link": "https://www.sec.gov/Archives/edgar/data/77476/000007747616000074/0000077476-16-000074-index.htm",
    "finalLink": "https://www.sec.gov/Archives/edgar/data/77476/000007747616000074/pepsicoq1-10xq3192016.htm"
  },
  {
    "date": "2015-12-26",
    "symbol": "PEP",
    "reportedCurrency": "USD",
    "cik": "0000077476",
    "fillingDate": "2016-02-11",
    "acceptedDate": "2016-02-11 16:40:10",
    "calendarYear": "2015",
    "period": "Q4",
    "revenue": 18585000000,
    "costOfRevenue": 8487000000,
    "grossProfit": 10205000000,
    "grossProfitRatio": 0.5490987355,
    "researchAndDevelopmentExpenses": 754000000,
    "generalAndAdministrativeExpenses": 3783000000,
    "sellingAndMarketingExpenses": 3900000000,
    "sellingGeneralAndAdministrativeExpenses": 7683000000,
    "otherExpenses": -579000000,
    "operatingExpenses": 7965000000,
    "costAndExpenses": 16345000000,
    "interestIncome": 28000000,
    "interestExpense": 317000000,
    "depreciationAndAmortization": 772000000,
    "ebitda": 3040000000,
    "ebitdaratio": 0.1635727737,
    "operatingIncome": 2240000000,
    "operatingIncomeRatio": 0.120527307,
    "totalOtherIncomeExpensesNet": -289000000,
    "incomeBeforeTax": 1951000000,
    "incomeBeforeTaxRatio": 0.1049771321,
    "incomeTaxExpense": 218000000,
    "netIncome": 1718000000,
    "netIncomeRatio": 0.0924401399,
    "eps": 1.19,
    "epsdiluted": 1.17,
    "weightedAverageShsOut": 1448000000,
    "weightedAverageShsOutDil": 1470000000,
    "link": "https://www.sec.gov/Archives/edgar/data/77476/000007747616000066/0000077476-16-000066-index.htm",
    "finalLink": "https://www.sec.gov/Archives/edgar/data/77476/000007747616000066/pepsico201510-k.htm"
  },
  {
    "date": "2015-09-05",
    "symbol": "PEP",
    "reportedCurrency": "USD",
    "cik": "0000077476",
    "fillingDate": "2015-10-06",
    "acceptedDate": "2015-10-06 16:17:55",
    "calendarYear": "2015",
    "period": "Q3",
    "revenue": 16331000000,
    "costOfRevenue": 7490000000,
    "grossProfit": 8841000000,
    "grossProfitRatio": 0.5413630519,
    "researchAndDevelopmentExpenses": 0,
    "generalAndAdministrativeExpenses": 0,
    "sellingAndMarketingExpenses": 0,
    "sellingGeneralAndAdministrativeExpenses": 5952000000,
    "otherExpenses": 1473000000,
    "operatingExpenses": 7425000000,
    "costAndExpenses": 14915000000,
    "interestIncome": 2000000,
    "interestExpense": 225000000,
    "depreciationAndAmortization": 569000000,
    "ebitda": 1987000000,
    "ebitdaratio": 0.1216704427,
    "operatingIncome": 1416000000,
    "operatingIncomeRatio": 0.0867062642,
    "totalOtherIncomeExpensesNet": -223000000,
    "incomeBeforeTax": 1193000000,
    "incomeBeforeTaxRatio": 0.0730512522,
    "incomeTaxExpense": 650000000,
    "netIncome": 533000000,
    "netIncomeRatio": 0.0326373155,
    "eps": 0.36,
    "epsdiluted": 0.36,
    "weightedAverageShsOut": 1467000000,
    "weightedAverageShsOutDil": 1483000000,
    "link": "https://www.sec.gov/Archives/edgar/data/77476/000007747615000050/0000077476-15-000050-index.htm",
    "finalLink": "https://www.sec.gov/Archives/edgar/data/77476/000007747615000050/pepsicoq3-10xq952015.htm"
  },
  {
    "date": "2015-06-13",
    "symbol": "PEP",
    "reportedCurrency": "USD",
    "cik": "0000077476",
    "fillingDate": "2015-07-09",
    "acceptedDate": "2015-07-09 16:16:58",
    "calendarYear": "2015",
    "period": "Q2",
    "revenue": 15923000000,
    "costOfRevenue": 7251000000,
    "grossProfit": 8672000000,
    "grossProfitRatio": 0.5446209885,
    "researchAndDevelopmentExpenses": 0,
    "generalAndAdministrativeExpenses": 0,
    "sellingAndMarketingExpenses": 0,
    "sellingGeneralAndAdministrativeExpenses": 5728000000,
    "otherExpenses": 19000000,
    "operatingExpenses": 5772000000,
    "costAndExpenses": 13023000000,
    "interestIncome": 14000000,
    "interestExpense": 217000000,
    "depreciationAndAmortization": 579000000,
    "ebitda": 3493000000,
    "ebitdaratio": 0.2193682095,
    "operatingIncome": 2900000000,
    "operatingIncomeRatio": 0.1821264837,
    "totalOtherIncomeExpensesNet": -203000000,
    "incomeBeforeTax": 2697000000,
    "incomeBeforeTaxRatio": 0.1693776298,
    "incomeTaxExpense": 703000000,
    "netIncome": 1980000000,
    "netIncomeRatio": 0.1243484268,
    "eps": 1.34,
    "epsdiluted": 1.33,
    "weightedAverageShsOut": 1476000000,
    "weightedAverageShsOutDil": 1491000000,
    "link": "https://www.sec.gov/Archives/edgar/data/77476/000007747615000036/0000077476-15-000036-index.htm",
    "finalLink": "https://www.sec.gov/Archives/edgar/data/77476/000007747615000036/pepsicoq2-10xq6132015.htm"
  },
  {
    "date": "2015-03-21",
    "symbol": "PEP",
    "reportedCurrency": "USD",
    "cik": "0000077476",
    "fillingDate": "2015-04-23",
    "acceptedDate": "2015-04-23 16:25:27",
    "calendarYear": "2015",
    "period": "Q1",
    "revenue": 12217000000,
    "costOfRevenue": 5503000000,
    "grossProfit": 6714000000,
    "grossProfitRatio": 0.5495620856,
    "researchAndDevelopmentExpenses": 0,
    "generalAndAdministrativeExpenses": 0,
    "sellingAndMarketingExpenses": 0,
    "sellingGeneralAndAdministrativeExpenses": 4199000000,
    "otherExpenses": 16000000,
    "operatingExpenses": 4917000000,
    "costAndExpenses": 10420000000,
    "interestIncome": 15000000,
    "interestExpense": 211000000,
    "depreciationAndAmortization": 496000000,
    "ebitda": 2308000000,
    "ebitdaratio": 0.1889170828,
    "operatingIncome": 1797000000,
    "operatingIncomeRatio": 0.1470901203,
    "totalOtherIncomeExpensesNet": -196000000,
    "incomeBeforeTax": 1601000000,
    "incomeBeforeTaxRatio": 0.1310469019,
    "incomeTaxExpense": 370000000,
    "netIncome": 1221000000,
    "netIncomeRatio": 0.0999427028,
    "eps": 0.83,
    "epsdiluted": 0.81,
    "weightedAverageShsOut": 1479000000,
    "weightedAverageShsOutDil": 1503000000,
    "link": "https://www.sec.gov/Archives/edgar/data/77476/000007747615000021/0000077476-15-000021-index.htm",
    "finalLink": "https://www.sec.gov/Archives/edgar/data/77476/000007747615000021/pepsicoq1-10xq3212015.htm"
  },
  {
    "date": "2014-12-27",
    "symbol": "PEP",
    "reportedCurrency": "USD",
    "cik": "0000077476",
    "fillingDate": "2015-02-12",
    "acceptedDate": "2015-02-12 17:01:46",
    "calendarYear": "2014",
    "period": "Q4",
    "revenue": 19948000000,
    "costOfRevenue": 9364000000,
    "grossProfit": 10584000000,
    "grossProfitRatio": 0.5305795067,
    "researchAndDevelopmentExpenses": 718000000,
    "generalAndAdministrativeExpenses": 4399000000,
    "sellingAndMarketingExpenses": 3900000000,
    "sellingGeneralAndAdministrativeExpenses": 8299000000,
    "otherExpenses": -464000000,
    "operatingExpenses": 8553000000,
    "costAndExpenses": 17917000000,
    "interestIncome": 34000000,
    "interestExpense": 284000000,
    "depreciationAndAmortization": 831000000,
    "ebitda": 2896000000,
    "ebitdaratio": 0.1451774614,
    "operatingIncome": 2031000000,
    "operatingIncomeRatio": 0.1018147183,
    "totalOtherIncomeExpensesNet": -250000000,
    "incomeBeforeTax": 1781000000,
    "incomeBeforeTaxRatio": 0.0892821335,
    "incomeTaxExpense": 455000000,
    "netIncome": 1311000000,
    "netIncomeRatio": 0.0657208743,
    "eps": 0.88,
    "epsdiluted": 0.87,
    "weightedAverageShsOut": 1488000000,
    "weightedAverageShsOutDil": 1514000000,
    "link": "https://www.sec.gov/Archives/edgar/data/77476/000007747615000012/0000077476-15-000012-index.htm",
    "finalLink": "https://www.sec.gov/Archives/edgar/data/77476/000007747615000012/pepsico201410-k.htm"
  },
  {
    "date": "2014-09-06",
    "symbol": "PEP",
    "reportedCurrency": "USD",
    "cik": "0000077476",
    "fillingDate": "2014-10-09",
    "acceptedDate": "2014-10-09 16:19:24",
    "calendarYear": "2014",
    "period": "Q3",
    "revenue": 17218000000,
    "costOfRevenue": 7995000000,
    "grossProfit": 9223000000,
    "grossProfitRatio": 0.5356603554,
    "researchAndDevelopmentExpenses": 0,
    "generalAndAdministrativeExpenses": 0,
    "sellingAndMarketingExpenses": 0,
    "sellingGeneralAndAdministrativeExpenses": 6286000000,
    "otherExpenses": 90000000,
    "operatingExpenses": 6376000000,
    "costAndExpenses": 14371000000,
    "interestIncome": 23000000,
    "interestExpense": 215000000,
    "depreciationAndAmortization": 632000000,
    "ebitda": 3502000000,
    "ebitdaratio": 0.2033917993,
    "operatingIncome": 2847000000,
    "operatingIncomeRatio": 0.1653502149,
    "totalOtherIncomeExpensesNet": -192000000,
    "incomeBeforeTax": 2655000000,
    "incomeBeforeTaxRatio": 0.154199094,
    "incomeTaxExpense": 637000000,
    "netIncome": 2008000000,
    "netIncomeRatio": 0.1166221396,
    "eps": 1.33,
    "epsdiluted": 1.32,
    "weightedAverageShsOut": 1507000000,
    "weightedAverageShsOutDil": 1525000000,
    "link": "https://www.sec.gov/Archives/edgar/data/77476/000007747614000057/0000077476-14-000057-index.htm",
    "finalLink": "https://www.sec.gov/Archives/edgar/data/77476/000007747614000057/pepsicoq3-10xq962014.htm"
  },
  {
    "date": "2014-06-14",
    "symbol": "PEP",
    "reportedCurrency": "USD",
    "cik": "0000077476",
    "fillingDate": "2014-07-23",
    "acceptedDate": "2014-07-23 16:25:57",
    "calendarYear": "2014",
    "period": "Q2",
    "revenue": 16894000000,
    "costOfRevenue": 7778000000,
    "grossProfit": 9116000000,
    "grossProfitRatio": 0.5395998579,
    "researchAndDevelopmentExpenses": 0,
    "generalAndAdministrativeExpenses": 0,
    "sellingAndMarketingExpenses": 0,
    "sellingGeneralAndAdministrativeExpenses": 6106000000,
    "otherExpenses": 114000000,
    "operatingExpenses": 6220000000,
    "costAndExpenses": 13998000000,
    "interestIncome": 18000000,
    "interestExpense": 209000000,
    "depreciationAndAmortization": 630000000,
    "ebitda": 3544000000,
    "ebitdaratio": 0.2097786196,
    "operatingIncome": 2896000000,
    "operatingIncomeRatio": 0.1714218066,
    "totalOtherIncomeExpensesNet": -191000000,
    "incomeBeforeTax": 2705000000,
    "incomeBeforeTaxRatio": 0.1601160175,
    "incomeTaxExpense": 718000000,
    "netIncome": 1978000000,
    "netIncomeRatio": 0.117082988,
    "eps": 1.3,
    "epsdiluted": 1.29,
    "weightedAverageShsOut": 1515000000,
    "weightedAverageShsOutDil": 1532000000,
    "link": "https://www.sec.gov/Archives/edgar/data/77476/000007747614000044/0000077476-14-000044-index.htm",
    "finalLink": "https://www.sec.gov/Archives/edgar/data/77476/000007747614000044/pepsicoq2-10xq6142014.htm"
  },
  {
    "date": "2014-03-22",
    "symbol": "PEP",
    "reportedCurrency": "USD",
    "cik": "0000077476",
    "fillingDate": "2014-04-17",
    "acceptedDate": "2014-04-17 16:16:17",
    "calendarYear": "2014",
    "period": "Q1",
    "revenue": 12623000000,
    "costOfRevenue": 5747000000,
    "grossProfit": 6876000000,
    "grossProfitRatio": 0.5447199556,
    "researchAndDevelopmentExpenses": 0,
    "generalAndAdministrativeExpenses": 0,
    "sellingAndMarketingExpenses": 0,
    "sellingGeneralAndAdministrativeExpenses": 4950000000,
    "otherExpenses": 119000000,
    "operatingExpenses": 5069000000,
    "costAndExpenses": 10816000000,
    "interestIncome": 10000000,
    "interestExpense": 201000000,
    "depreciationAndAmortization": 532000000,
    "ebitda": 2349000000,
    "ebitdaratio": 0.1860888854,
    "operatingIncome": 1807000000,
    "operatingIncomeRatio": 0.1431513903,
    "totalOtherIncomeExpensesNet": -191000000,
    "incomeBeforeTax": 1616000000,
    "incomeBeforeTaxRatio": 0.1280202804,
    "incomeTaxExpense": 389000000,
    "netIncome": 1216000000,
    "netIncomeRatio": 0.0963320922,
    "eps": 0.8,
    "epsdiluted": 0.79,
    "weightedAverageShsOut": 1519000000,
    "weightedAverageShsOutDil": 1540000000,
    "link": "https://www.sec.gov/Archives/edgar/data/77476/000007747614000025/0000077476-14-000025-index.htm",
    "finalLink": "https://www.sec.gov/Archives/edgar/data/77476/000007747614000025/pepsicoq1-10xq3222014.htm"
  },
  {
    "date": "2013-12-28",
    "symbol": "PEP",
    "reportedCurrency": "USD",
    "cik": "0000077476",
    "fillingDate": "2014-02-14",
    "acceptedDate": "2014-02-14 16:26:07",
    "calendarYear": "2013",
    "period": "Q4",
    "revenue": 20118000000,
    "costOfRevenue": 9565000000,
    "grossProfit": 10553000000,
    "grossProfitRatio": 0.5245551248,
    "researchAndDevelopmentExpenses": 0,
    "generalAndAdministrativeExpenses": 4093000000,
    "sellingAndMarketingExpenses": 3900000000,
    "sellingGeneralAndAdministrativeExpenses": 7339000000,
    "otherExpenses": 35000000,
    "operatingExpenses": 8155000000,
    "costAndExpenses": 17720000000,
    "interestIncome": 35000000,
    "interestExpense": 269000000,
    "depreciationAndAmortization": 848000000,
    "ebitda": 3281000000,
    "ebitdaratio": 0.1630877821,
    "operatingIncome": 2398000000,
    "operatingIncomeRatio": 0.1191967392,
    "totalOtherIncomeExpensesNet": -234000000,
    "incomeBeforeTax": 2164000000,
    "incomeBeforeTaxRatio": 0.1075653644,
    "incomeTaxExpense": 410000000,
    "netIncome": 1742000000,
    "netIncomeRatio": 0.0865891242,
    "eps": 1.14,
    "epsdiluted": 1.12,
    "weightedAverageShsOut": 1529000000,
    "weightedAverageShsOutDil": 1552000000,
    "link": "https://www.sec.gov/Archives/edgar/data/77476/000007747614000007/0000077476-14-000007-index.htm",
    "finalLink": "https://www.sec.gov/Archives/edgar/data/77476/000007747614000007/pepsico201310-k.htm"
  },
  {
    "date": "2013-09-07",
    "symbol": "PEP",
    "reportedCurrency": "USD",
    "cik": "0000077476",
    "fillingDate": "2013-10-16",
    "acceptedDate": "2013-10-16 16:24:43",
    "calendarYear": "2013",
    "period": "Q3",
    "revenue": 16909000000,
    "costOfRevenue": 7946000000,
    "grossProfit": 8963000000,
    "grossProfitRatio": 0.5300727423,
    "researchAndDevelopmentExpenses": 0,
    "generalAndAdministrativeExpenses": 0,
    "sellingAndMarketingExpenses": 0,
    "sellingGeneralAndAdministrativeExpenses": 6158000000,
    "otherExpenses": 25000000,
    "operatingExpenses": 6183000000,
    "costAndExpenses": 14129000000,
    "interestIncome": 17000000,
    "interestExpense": 220000000,
    "depreciationAndAmortization": 630000000,
    "ebitda": 3427000000,
    "ebitdaratio": 0.2026731327,
    "operatingIncome": 2780000000,
    "operatingIncomeRatio": 0.1644094861,
    "totalOtherIncomeExpensesNet": -203000000,
    "incomeBeforeTax": 2577000000,
    "incomeBeforeTaxRatio": 0.1524040452,
    "incomeTaxExpense": 654000000,
    "netIncome": 1913000000,
    "netIncomeRatio": 0.1131350169,
    "eps": 1.24,
    "epsdiluted": 1.23,
    "weightedAverageShsOut": 1537000000,
    "weightedAverageShsOutDil": 1561000000,
    "link": "https://www.sec.gov/Archives/edgar/data/77476/000007747613000027/0000077476-13-000027-index.htm",
    "finalLink": "https://www.sec.gov/Archives/edgar/data/77476/000007747613000027/pepsicoq3-10xq972013.htm"
  },
  {
    "date": "2013-06-15",
    "symbol": "PEP",
    "reportedCurrency": "USD",
    "cik": "0000077476",
    "fillingDate": "2013-07-24",
    "acceptedDate": "2013-07-24 16:19:52",
    "calendarYear": "2013",
    "period": "Q2",
    "revenue": 16807000000,
    "costOfRevenue": 7898000000,
    "grossProfit": 8909000000,
    "grossProfitRatio": 0.5300767537,
    "researchAndDevelopmentExpenses": 0,
    "generalAndAdministrativeExpenses": 0,
    "sellingAndMarketingExpenses": 0,
    "sellingGeneralAndAdministrativeExpenses": 6013000000,
    "otherExpenses": 27000000,
    "operatingExpenses": 6040000000,
    "costAndExpenses": 13938000000,
    "interestIncome": 18000000,
    "interestExpense": 208000000,
    "depreciationAndAmortization": 634000000,
    "ebitda": 3521000000,
    "ebitdaratio": 0.2094960433,
    "operatingIncome": 2869000000,
    "operatingIncomeRatio": 0.1707026834,
    "totalOtherIncomeExpensesNet": -190000000,
    "incomeBeforeTax": 2679000000,
    "incomeBeforeTaxRatio": 0.1593978699,
    "incomeTaxExpense": 654000000,
    "netIncome": 2010000000,
    "netIncomeRatio": 0.1195930267,
    "eps": 1.3,
    "epsdiluted": 1.28,
    "weightedAverageShsOut": 1548000000,
    "weightedAverageShsOutDil": 1567000000,
    "link": "https://www.sec.gov/Archives/edgar/data/77476/000007747613000020/0000077476-13-000020-index.htm",
    "finalLink": "https://www.sec.gov/Archives/edgar/data/77476/000007747613000020/pepsicoq2-10xq6152013.htm"
  },
  {
    "date": "2013-03-23",
    "symbol": "PEP",
    "reportedCurrency": "USD",
    "cik": "0000077476",
    "fillingDate": "2013-04-19",
    "acceptedDate": "2013-04-19 16:17:42",
    "calendarYear": "2013",
    "period": "Q1",
    "revenue": 12581000000,
    "costOfRevenue": 5834000000,
    "grossProfit": 6747000000,
    "grossProfitRatio": 0.536284874,
    "researchAndDevelopmentExpenses": 0,
    "generalAndAdministrativeExpenses": 0,
    "sellingAndMarketingExpenses": 0,
    "sellingGeneralAndAdministrativeExpenses": 5066000000,
    "otherExpenses": 23000000,
    "operatingExpenses": 5089000000,
    "costAndExpenses": 10923000000,
    "interestIncome": 27000000,
    "interestExpense": 214000000,
    "depreciationAndAmortization": 551000000,
    "ebitda": 2236000000,
    "ebitdaratio": 0.1777283205,
    "operatingIncome": 1658000000,
    "operatingIncomeRatio": 0.1317860265,
    "totalOtherIncomeExpensesNet": -187000000,
    "incomeBeforeTax": 1471000000,
    "incomeBeforeTaxRatio": 0.1169223432,
    "incomeTaxExpense": 386000000,
    "netIncome": 1075000000,
    "netIncomeRatio": 0.0854463079,
    "eps": 0.7,
    "epsdiluted": 0.69,
    "weightedAverageShsOut": 1545000000,
    "weightedAverageShsOutDil": 1563000000,
    "link": "https://www.sec.gov/Archives/edgar/data/77476/000007747613000008/0000077476-13-000008-index.htm",
    "finalLink": "https://www.sec.gov/Archives/edgar/data/77476/000007747613000008/pepsicoq1-10xq3232013.htm"
  },
  {
    "date": "2012-12-29",
    "symbol": "PEP",
    "reportedCurrency": "USD",
    "cik": "0000077476",
    "fillingDate": "2013-02-21",
    "acceptedDate": "2013-02-21 16:46:15",
    "calendarYear": "2012",
    "period": "Q4",
    "revenue": 19954000000,
    "costOfRevenue": 9654000000,
    "grossProfit": 10300000000,
    "grossProfitRatio": 0.5161872306,
    "researchAndDevelopmentExpenses": 0,
    "generalAndAdministrativeExpenses": 0,
    "sellingAndMarketingExpenses": 3700000000,
    "sellingGeneralAndAdministrativeExpenses": 8050000000,
    "otherExpenses": 37000000,
    "operatingExpenses": 8087000000,
    "costAndExpenses": 17741000000,
    "interestIncome": 44000000,
    "interestExpense": 288000000,
    "depreciationAndAmortization": 852000000,
    "ebitda": 3109000000,
    "ebitdaratio": 0.1558083592,
    "operatingIncome": 2213000000,
    "operatingIncomeRatio": 0.1109050817,
    "totalOtherIncomeExpensesNet": -244000000,
    "incomeBeforeTax": 1969000000,
    "incomeBeforeTaxRatio": 0.098676957,
    "incomeTaxExpense": 302000000,
    "netIncome": 1661000000,
    "netIncomeRatio": 0.0832414553,
    "eps": 1.08,
    "epsdiluted": 1.06,
    "weightedAverageShsOut": 1544000000,
    "weightedAverageShsOutDil": 1564000000,
    "link": "https://www.sec.gov/Archives/edgar/data/77476/000144530513000278/0001445305-13-000278-index.htm",
    "finalLink": "https://www.sec.gov/Archives/edgar/data/77476/000144530513000278/pepsico201210-k.htm"
  },
  {
    "date": "2012-09-08",
    "symbol": "PEP",
    "reportedCurrency": "USD",
    "cik": "0000077476",
    "fillingDate": "2012-10-17",
    "acceptedDate": "2012-10-17 17:09:32",
    "calendarYear": "2012",
    "period": "Q3",
    "revenue": 16652000000,
    "costOfRevenue": 7833000000,
    "grossProfit": 8819000000,
    "grossProfitRatio": 0.5296060533,
    "researchAndDevelopmentExpenses": 0,
    "generalAndAdministrativeExpenses": 0,
    "sellingAndMarketingExpenses": 0,
    "sellingGeneralAndAdministrativeExpenses": 5992000000,
    "otherExpenses": 27000000,
    "operatingExpenses": 6019000000,
    "costAndExpenses": 13852000000,
    "interestIncome": 23000000,
    "interestExpense": 204000000,
    "depreciationAndAmortization": 636000000,
    "ebitda": 3459000000,
    "ebitdaratio": 0.2077227961,
    "operatingIncome": 2800000000,
    "operatingIncomeRatio": 0.1681479702,
    "totalOtherIncomeExpensesNet": -181000000,
    "incomeBeforeTax": 2619000000,
    "incomeBeforeTaxRatio": 0.157278405,
    "incomeTaxExpense": 706000000,
    "netIncome": 1902000000,
    "netIncomeRatio": 0.1142205141,
    "eps": 1.22,
    "epsdiluted": 1.21,
    "weightedAverageShsOut": 1556000000,
    "weightedAverageShsOutDil": 1575000000,
    "link": "https://www.sec.gov/Archives/edgar/data/77476/000144530512003144/0001445305-12-003144-index.htm",
    "finalLink": "https://www.sec.gov/Archives/edgar/data/77476/000144530512003144/pepsicoq3-10xq982012.htm"
  },
  {
    "date": "2012-06-16",
    "symbol": "PEP",
    "reportedCurrency": "USD",
    "cik": "0000077476",
    "fillingDate": "2012-07-25",
    "acceptedDate": "2012-07-25 17:20:42",
    "calendarYear": "2012",
    "period": "Q2",
    "revenue": 16458000000,
    "costOfRevenue": 7915000000,
    "grossProfit": 8543000000,
    "grossProfitRatio": 0.5190788674,
    "researchAndDevelopmentExpenses": 0,
    "generalAndAdministrativeExpenses": 0,
    "sellingAndMarketingExpenses": 0,
    "sellingGeneralAndAdministrativeExpenses": 6136000000,
    "otherExpenses": 30000000,
    "operatingExpenses": 6166000000,
    "costAndExpenses": 14081000000,
    "interestIncome": 1000000,
    "interestExpense": 209000000,
    "depreciationAndAmortization": 646000000,
    "ebitda": 3024000000,
    "ebitdaratio": 0.1837404302,
    "operatingIncome": 2377000000,
    "operatingIncomeRatio": 0.1444282416,
    "totalOtherIncomeExpensesNet": -208000000,
    "incomeBeforeTax": 2169000000,
    "incomeBeforeTaxRatio": 0.1317900109,
    "incomeTaxExpense": 668000000,
    "netIncome": 1488000000,
    "netIncomeRatio": 0.0904119577,
    "eps": 0.95,
    "epsdiluted": 0.94,
    "weightedAverageShsOut": 1563000000,
    "weightedAverageShsOutDil": 1581000000,
    "link": "https://www.sec.gov/Archives/edgar/data/77476/000119312512314695/0001193125-12-314695-index.htm",
    "finalLink": "https://www.sec.gov/Archives/edgar/data/77476/000119312512314695/d368585d10q.htm"
  },
  {
    "date": "2012-03-24",
    "symbol": "PEP",
    "reportedCurrency": "USD",
    "cik": "0000077476",
    "fillingDate": "2012-04-26",
    "acceptedDate": "2012-04-26 16:27:36",
    "calendarYear": "2012",
    "period": "Q1",
    "revenue": 12428000000,
    "costOfRevenue": 5889000000,
    "grossProfit": 6539000000,
    "grossProfitRatio": 0.5261506276,
    "researchAndDevelopmentExpenses": 0,
    "generalAndAdministrativeExpenses": 0,
    "sellingAndMarketingExpenses": 0,
    "sellingGeneralAndAdministrativeExpenses": 4792000000,
    "otherExpenses": 25000000,
    "operatingExpenses": 4817000000,
    "costAndExpenses": 10706000000,
    "interestIncome": 23000000,
    "interestExpense": 198000000,
    "depreciationAndAmortization": 555000000,
    "ebitda": 2300000000,
    "ebitdaratio": 0.18506598,
    "operatingIncome": 1722000000,
    "operatingIncomeRatio": 0.1385580946,
    "totalOtherIncomeExpensesNet": -175000000,
    "incomeBeforeTax": 1547000000,
    "incomeBeforeTaxRatio": 0.1244769874,
    "incomeTaxExpense": 414000000,
    "netIncome": 1127000000,
    "netIncomeRatio": 0.0906823302,
    "eps": 0.72,
    "epsdiluted": 0.71,
    "weightedAverageShsOut": 1568000000,
    "weightedAverageShsOutDil": 1584000000,
    "link": "https://www.sec.gov/Archives/edgar/data/77476/000119312512186092/0001193125-12-186092-index.htm",
    "finalLink": "https://www.sec.gov/Archives/edgar/data/77476/000119312512186092/d320879d10q.htm"
  },
  {
    "date": "2011-12-31",
    "symbol": "PEP",
    "reportedCurrency": "USD",
    "cik": "0000077476",
    "fillingDate": "2012-02-27",
    "acceptedDate": "2012-02-27 16:50:56",
    "calendarYear": "2011",
    "period": "Q4",
    "revenue": 20158000000,
    "costOfRevenue": 9731000000,
    "grossProfit": 10427000000,
    "grossProfitRatio": 0.5172636174,
    "researchAndDevelopmentExpenses": 0,
    "generalAndAdministrativeExpenses": 0,
    "sellingAndMarketingExpenses": 0,
    "sellingGeneralAndAdministrativeExpenses": 8150000000,
    "otherExpenses": 30000000,
    "operatingExpenses": 8180000000,
    "costAndExpenses": 17911000000,
    "interestIncome": 24000000,
    "interestExpense": 272000000,
    "depreciationAndAmortization": 860000000,
    "ebitda": 3131000000,
    "ebitdaratio": 0.1553229487,
    "operatingIncome": 2247000000,
    "operatingIncomeRatio": 0.1114693918,
    "totalOtherIncomeExpensesNet": -248000000,
    "incomeBeforeTax": 1999000000,
    "incomeBeforeTaxRatio": 0.099166584,
    "incomeTaxExpense": 597000000,
    "netIncome": 1415000000,
    "netIncomeRatio": 0.0701954559,
    "eps": 0.9,
    "epsdiluted": 0.89,
    "weightedAverageShsOut": 1576000000,
    "weightedAverageShsOutDil": 1584000000,
    "link": "https://www.sec.gov/Archives/edgar/data/77476/000119312512081822/0001193125-12-081822-index.htm",
    "finalLink": "https://www.sec.gov/Archives/edgar/data/77476/000119312512081822/d269581d10k.htm"
  },
  {
    "date": "2011-09-03",
    "symbol": "PEP",
    "reportedCurrency": "USD",
    "cik": "0000077476",
    "fillingDate": "2011-10-12",
    "acceptedDate": "2011-10-12 16:19:47",
    "calendarYear": "2011",
    "period": "Q3",
    "revenue": 17582000000,
    "costOfRevenue": 8452000000,
    "grossProfit": 9130000000,
    "grossProfitRatio": 0.5192810829,
    "researchAndDevelopmentExpenses": 0,
    "generalAndAdministrativeExpenses": 0,
    "sellingAndMarketingExpenses": 0,
    "sellingGeneralAndAdministrativeExpenses": 6186000000,
    "otherExpenses": 38000000,
    "operatingExpenses": 6224000000,
    "costAndExpenses": 14676000000,
    "interestIncome": 0,
    "interestExpense": 209000000,
    "depreciationAndAmortization": 690000000,
    "ebitda": 3596000000,
    "ebitdaratio": 0.2045273575,
    "operatingIncome": 2906000000,
    "operatingIncomeRatio": 0.1652826755,
    "totalOtherIncomeExpensesNet": -209000000,
    "incomeBeforeTax": 2697000000,
    "incomeBeforeTaxRatio": 0.1533955181,
    "incomeTaxExpense": 686000000,
    "netIncome": 2000000000,
    "netIncomeRatio": 0.1137527016,
    "eps": 1.27,
    "epsdiluted": 1.25,
    "weightedAverageShsOut": 1578000000,
    "weightedAverageShsOutDil": 1599000000,
    "link": "https://www.sec.gov/Archives/edgar/data/77476/000119312511269425/0001193125-11-269425-index.htm",
    "finalLink": "https://www.sec.gov/Archives/edgar/data/77476/000119312511269425/d219776d10q.htm"
  },
  {
    "date": "2011-06-11",
    "symbol": "PEP",
    "reportedCurrency": "USD",
    "cik": "0000077476",
    "fillingDate": "2011-07-21",
    "acceptedDate": "2011-07-21 09:15:36",
    "calendarYear": "2011",
    "period": "Q2",
    "revenue": 16827000000,
    "costOfRevenue": 7963000000,
    "grossProfit": 8864000000,
    "grossProfitRatio": 0.526772449,
    "researchAndDevelopmentExpenses": 0,
    "generalAndAdministrativeExpenses": 0,
    "sellingAndMarketingExpenses": 0,
    "sellingGeneralAndAdministrativeExpenses": 6070000000,
    "otherExpenses": 40000000,
    "operatingExpenses": 6110000000,
    "costAndExpenses": 14073000000,
    "interestIncome": 20000000,
    "interestExpense": 199000000,
    "depreciationAndAmortization": 664000000,
    "ebitda": 3438000000,
    "ebitdaratio": 0.2043144946,
    "operatingIncome": 2754000000,
    "operatingIncomeRatio": 0.1636655375,
    "totalOtherIncomeExpensesNet": -179000000,
    "incomeBeforeTax": 2575000000,
    "incomeBeforeTaxRatio": 0.1530278719,
    "incomeTaxExpense": 670000000,
    "netIncome": 1885000000,
    "netIncomeRatio": 0.112022345,
    "eps": 1.19,
    "epsdiluted": 1.17,
    "weightedAverageShsOut": 1583000000,
    "weightedAverageShsOutDil": 1605000000,
    "link": "https://www.sec.gov/Archives/edgar/data/77476/000119312511193147/0001193125-11-193147-index.htm",
    "finalLink": "https://www.sec.gov/Archives/edgar/data/77476/000119312511193147/d10q.htm"
  },
  {
    "date": "2011-03-19",
    "symbol": "PEP",
    "reportedCurrency": "USD",
    "cik": "0000077476",
    "fillingDate": "2011-04-28",
    "acceptedDate": "2011-04-28 09:19:15",
    "calendarYear": "2011",
    "period": "Q1",
    "revenue": 11937000000,
    "costOfRevenue": 5447000000,
    "grossProfit": 6490000000,
    "grossProfitRatio": 0.5436876937,
    "researchAndDevelopmentExpenses": 0,
    "generalAndAdministrativeExpenses": 0,
    "sellingAndMarketingExpenses": 0,
    "sellingGeneralAndAdministrativeExpenses": 4739000000,
    "otherExpenses": 25000000,
    "operatingExpenses": 4764000000,
    "costAndExpenses": 10211000000,
    "interestIncome": 17000000,
    "interestExpense": 180000000,
    "depreciationAndAmortization": 523000000,
    "ebitda": 2266000000,
    "ebitdaratio": 0.1898299405,
    "operatingIncome": 1726000000,
    "operatingIncomeRatio": 0.1445924437,
    "totalOtherIncomeExpensesNet": -163000000,
    "incomeBeforeTax": 1563000000,
    "incomeBeforeTaxRatio": 0.1309374215,
    "incomeTaxExpense": 419000000,
    "netIncome": 1143000000,
    "netIncomeRatio": 0.0957527017,
    "eps": 0.72,
    "epsdiluted": 0.71,
    "weightedAverageShsOut": 1583000000,
    "weightedAverageShsOutDil": 1605000000,
    "link": "https://www.sec.gov/Archives/edgar/data/77476/000119312511113679/0001193125-11-113679-index.htm",
    "finalLink": "https://www.sec.gov/Archives/edgar/data/77476/000119312511113679/d10q.htm"
  },
  {
    "date": "2010-12-25",
    "symbol": "PEP",
    "reportedCurrency": "USD",
    "cik": "0000077476",
    "fillingDate": "2011-02-18",
    "acceptedDate": "2011-02-18 16:57:00",
    "calendarYear": "2010",
    "period": "Q4",
    "revenue": 18155000000,
    "costOfRevenue": 8359000000,
    "grossProfit": 9796000000,
    "grossProfitRatio": 0.5395758744,
    "researchAndDevelopmentExpenses": 0,
    "generalAndAdministrativeExpenses": 0,
    "sellingAndMarketingExpenses": 0,
    "sellingGeneralAndAdministrativeExpenses": 7526000000,
    "otherExpenses": 39000000,
    "operatingExpenses": 7565000000,
    "costAndExpenses": 15924000000,
    "interestIncome": 42000000,
    "interestExpense": 408000000,
    "depreciationAndAmortization": 747000000,
    "ebitda": 3027000000,
    "ebitdaratio": 0.1667309281,
    "operatingIncome": 2231000000,
    "operatingIncomeRatio": 0.1228862572,
    "totalOtherIncomeExpensesNet": -359000000,
    "incomeBeforeTax": 1872000000,
    "incomeBeforeTaxRatio": 0.1031120903,
    "incomeTaxExpense": 511000000,
    "netIncome": 1365000000,
    "netIncomeRatio": 0.0751858992,
    "eps": 0.85,
    "epsdiluted": 0.85,
    "weightedAverageShsOut": 1581000000,
    "weightedAverageShsOutDil": 1607000000,
    "link": "https://www.sec.gov/Archives/edgar/data/77476/000119312511040427/0001193125-11-040427-index.htm",
    "finalLink": "https://www.sec.gov/Archives/edgar/data/77476/000119312511040427/d10k.htm"
  },
  {
    "date": "2010-09-04",
    "symbol": "PEP",
    "reportedCurrency": "USD",
    "cik": "0000077476",
    "fillingDate": "2010-10-07",
    "acceptedDate": "2010-10-07 16:25:50",
    "calendarYear": "2010",
    "period": "Q3",
    "revenue": 15514000000,
    "costOfRevenue": 7008000000,
    "grossProfit": 8506000000,
    "grossProfitRatio": 0.5482789738,
    "researchAndDevelopmentExpenses": 0,
    "generalAndAdministrativeExpenses": 0,
    "sellingAndMarketingExpenses": 0,
    "sellingGeneralAndAdministrativeExpenses": 5676000000,
    "otherExpenses": 30000000,
    "operatingExpenses": 5706000000,
    "costAndExpenses": 12714000000,
    "interestIncome": 18000000,
    "interestExpense": 169000000,
    "depreciationAndAmortization": 611000000,
    "ebitda": 3439000000,
    "ebitdaratio": 0.221670749,
    "operatingIncome": 2800000000,
    "operatingIncomeRatio": 0.1804821452,
    "totalOtherIncomeExpensesNet": -141000000,
    "incomeBeforeTax": 2659000000,
    "incomeBeforeTaxRatio": 0.17139358,
    "incomeTaxExpense": 729000000,
    "netIncome": 1922000000,
    "netIncomeRatio": 0.1238881011,
    "eps": 1.22,
    "epsdiluted": 1.19,
    "weightedAverageShsOut": 1593000000,
    "weightedAverageShsOutDil": 1618000000,
    "link": "https://www.sec.gov/Archives/edgar/data/77476/000119312510225896/0001193125-10-225896-index.htm",
    "finalLink": "https://www.sec.gov/Archives/edgar/data/77476/000119312510225896/d10q.htm"
  },
  {
    "date": "2010-06-12",
    "symbol": "PEP",
    "reportedCurrency": "USD",
    "cik": "0000077476",
    "fillingDate": "2010-07-20",
    "acceptedDate": "2010-07-20 17:05:46",
    "calendarYear": "2010",
    "period": "Q2",
    "revenue": 14801000000,
    "costOfRevenue": 6745000000,
    "grossProfit": 8056000000,
    "grossProfitRatio": 0.5442875481,
    "researchAndDevelopmentExpenses": 0,
    "generalAndAdministrativeExpenses": 0,
    "sellingAndMarketingExpenses": 0,
    "sellingGeneralAndAdministrativeExpenses": 5563000000,
    "otherExpenses": 32000000,
    "operatingExpenses": 5595000000,
    "costAndExpenses": 12340000000,
    "interestIncome": 2000000,
    "interestExpense": 172000000,
    "depreciationAndAmortization": 593000000,
    "ebitda": 3065000000,
    "ebitdaratio": 0.2070806027,
    "operatingIncome": 2461000000,
    "operatingIncomeRatio": 0.1662725492,
    "totalOtherIncomeExpensesNet": -161000000,
    "incomeBeforeTax": 2300000000,
    "incomeBeforeTaxRatio": 0.1553949057,
    "incomeTaxExpense": 687000000,
    "netIncome": 1603000000,
    "netIncomeRatio": 0.108303493,
    "eps": 1,
    "epsdiluted": 0.98,
    "weightedAverageShsOut": 1608000000,
    "weightedAverageShsOutDil": 1634000000,
    "link": "https://www.sec.gov/Archives/edgar/data/77476/000119312510161855/0001193125-10-161855-index.htm",
    "finalLink": "https://www.sec.gov/Archives/edgar/data/77476/000119312510161855/d10q.htm"
  },
  {
    "date": "2010-03-20",
    "symbol": "PEP",
    "reportedCurrency": "USD",
    "cik": "0000077476",
    "fillingDate": "2010-04-23",
    "acceptedDate": "2010-04-23 07:46:09",
    "calendarYear": "2010",
    "period": "Q1",
    "revenue": 9368000000,
    "costOfRevenue": 4463000000,
    "grossProfit": 4905000000,
    "grossProfitRatio": 0.5235909479,
    "researchAndDevelopmentExpenses": 0,
    "generalAndAdministrativeExpenses": 0,
    "sellingAndMarketingExpenses": 0,
    "sellingGeneralAndAdministrativeExpenses": 4049000000,
    "otherExpenses": 16000000,
    "operatingExpenses": 4065000000,
    "costAndExpenses": 8528000000,
    "interestIncome": 6000000,
    "interestExpense": 154000000,
    "depreciationAndAmortization": 376000000,
    "ebitda": 1931000000,
    "ebitdaratio": 0.2061272417,
    "operatingIncome": 840000000,
    "operatingIncomeRatio": 0.0896669513,
    "totalOtherIncomeExpensesNet": 561000000,
    "incomeBeforeTax": 1401000000,
    "incomeBeforeTaxRatio": 0.1495516652,
    "incomeTaxExpense": -33000000,
    "netIncome": 1430000000,
    "netIncomeRatio": 0.15264731,
    "eps": 0.9,
    "epsdiluted": 0.89,
    "weightedAverageShsOut": 1582000000,
    "weightedAverageShsOutDil": 1606000000,
    "link": "https://www.sec.gov/Archives/edgar/data/77476/000119312510090778/0001193125-10-090778-index.htm",
    "finalLink": "https://www.sec.gov/Archives/edgar/data/77476/000119312510090778/d10q.htm"
  },
  {
    "date": "2009-12-26",
    "symbol": "PEP",
    "reportedCurrency": "USD",
    "cik": "0000077476",
    "fillingDate": "2010-02-22",
    "acceptedDate": "2010-02-22 16:19:59",
    "calendarYear": "2009",
    "period": "Q4",
    "revenue": 13297000000,
    "costOfRevenue": 6293000000,
    "grossProfit": 7004000000,
    "grossProfitRatio": 0.5267353538,
    "researchAndDevelopmentExpenses": 0,
    "generalAndAdministrativeExpenses": 0,
    "sellingAndMarketingExpenses": 0,
    "sellingGeneralAndAdministrativeExpenses": 4949000000,
    "otherExpenses": 21000000,
    "operatingExpenses": 4970000000,
    "costAndExpenses": 11263000000,
    "interestIncome": 23000000,
    "interestExpense": 112000000,
    "depreciationAndAmortization": 552000000,
    "ebitda": 2684000000,
    "ebitdaratio": 0.2018500414,
    "operatingIncome": 2034000000,
    "operatingIncomeRatio": 0.1529668346,
    "totalOtherIncomeExpensesNet": -14000000,
    "incomeBeforeTax": 2020000000,
    "incomeBeforeTaxRatio": 0.1519139656,
    "incomeTaxExpense": 583000000,
    "netIncome": 1434000000,
    "netIncomeRatio": 0.1078438746,
    "eps": 0.9,
    "epsdiluted": 0.9,
    "weightedAverageShsOut": 1561000000,
    "weightedAverageShsOutDil": 1589000000,
    "link": "https://www.sec.gov/Archives/edgar/data/77476/000119312510036385/0001193125-10-036385-index.htm",
    "finalLink": "https://www.sec.gov/Archives/edgar/data/77476/000119312510036385/d10k.htm"
  },
  {
    "date": "2009-09-05",
    "symbol": "PEP",
    "reportedCurrency": "USD",
    "cik": "0000077476",
    "fillingDate": "2009-10-08",
    "acceptedDate": "2009-10-08 16:10:28",
    "calendarYear": "2009",
    "period": "Q3",
    "revenue": 11080000000,
    "costOfRevenue": 5181000000,
    "grossProfit": 5899000000,
    "grossProfitRatio": 0.532400722,
    "researchAndDevelopmentExpenses": 0,
    "generalAndAdministrativeExpenses": 0,
    "sellingAndMarketingExpenses": 0,
    "sellingGeneralAndAdministrativeExpenses": 3649000000,
    "otherExpenses": 18000000,
    "operatingExpenses": 3667000000,
    "costAndExpenses": 8848000000,
    "interestIncome": 16000000,
    "interestExpense": 86000000,
    "depreciationAndAmortization": 398000000,
    "ebitda": 2792000000,
    "ebitdaratio": 0.2519855596,
    "operatingIncome": 2232000000,
    "operatingIncomeRatio": 0.2014440433,
    "totalOtherIncomeExpensesNet": 76000000,
    "incomeBeforeTax": 2308000000,
    "incomeBeforeTaxRatio": 0.2083032491,
    "incomeTaxExpense": 575000000,
    "netIncome": 1717000000,
    "netIncomeRatio": 0.1549638989,
    "eps": 1.1,
    "epsdiluted": 1.09,
    "weightedAverageShsOut": 1558000000,
    "weightedAverageShsOutDil": 1577000000,
    "link": "https://www.sec.gov/Archives/edgar/data/77476/000119312509205617/0001193125-09-205617-index.htm",
    "finalLink": "https://www.sec.gov/Archives/edgar/data/77476/000119312509205617/d10q.htm"
  },
  {
    "date": "2009-06-13",
    "symbol": "PEP",
    "reportedCurrency": "USD",
    "cik": "0000077476",
    "fillingDate": "2009-07-22",
    "acceptedDate": "2009-07-22 16:05:51",
    "calendarYear": "2009",
    "period": "Q2",
    "revenue": 10592000000,
    "costOfRevenue": 4881000000,
    "grossProfit": 5711000000,
    "grossProfitRatio": 0.5391805136,
    "researchAndDevelopmentExpenses": 0,
    "generalAndAdministrativeExpenses": 0,
    "sellingAndMarketingExpenses": 0,
    "sellingGeneralAndAdministrativeExpenses": 3507000000,
    "otherExpenses": 14000000,
    "operatingExpenses": 3521000000,
    "costAndExpenses": 8402000000,
    "interestIncome": 28000000,
    "interestExpense": 101000000,
    "depreciationAndAmortization": 371000000,
    "ebitda": 2708000000,
    "ebitdaratio": 0.2556646526,
    "operatingIncome": 2190000000,
    "operatingIncomeRatio": 0.2067598187,
    "totalOtherIncomeExpensesNet": 46000000,
    "incomeBeforeTax": 2236000000,
    "incomeBeforeTaxRatio": 0.211102719,
    "incomeTaxExpense": 568000000,
    "netIncome": 1660000000,
    "netIncomeRatio": 0.1567220544,
    "eps": 1.07,
    "epsdiluted": 1.06,
    "weightedAverageShsOut": 1555000000,
    "weightedAverageShsOutDil": 1572000000,
    "link": "https://www.sec.gov/Archives/edgar/data/77476/000119312509153099/0001193125-09-153099-index.htm",
    "finalLink": "https://www.sec.gov/Archives/edgar/data/77476/000119312509153099/d10q.htm"
  },
  {
    "date": "2009-03-21",
    "symbol": "PEP",
    "reportedCurrency": "USD",
    "cik": "0000077476",
    "fillingDate": "2009-04-22",
    "acceptedDate": "2009-04-22 16:32:34",
    "calendarYear": "2009",
    "period": "Q1",
    "revenue": 8263000000,
    "costOfRevenue": 3744000000,
    "grossProfit": 4519000000,
    "grossProfitRatio": 0.5468958006,
    "researchAndDevelopmentExpenses": 0,
    "generalAndAdministrativeExpenses": 0,
    "sellingAndMarketingExpenses": 0,
    "sellingGeneralAndAdministrativeExpenses": 2921000000,
    "otherExpenses": 10000000,
    "operatingExpenses": 2931000000,
    "costAndExpenses": 6675000000,
    "interestIncome": 0,
    "interestExpense": 98000000,
    "depreciationAndAmortization": 314000000,
    "ebitda": 1927000000,
    "ebitdaratio": 0.2332082779,
    "operatingIncome": 1588000000,
    "operatingIncomeRatio": 0.1921820162,
    "totalOtherIncomeExpensesNet": -73000000,
    "incomeBeforeTax": 1515000000,
    "incomeBeforeTaxRatio": 0.1833474525,
    "incomeTaxExpense": 374000000,
    "netIncome": 1135000000,
    "netIncomeRatio": 0.1373593126,
    "eps": 0.73,
    "epsdiluted": 0.72,
    "weightedAverageShsOut": 1555000000,
    "weightedAverageShsOutDil": 1570000000,
    "link": "https://www.sec.gov/Archives/edgar/data/77476/000119312509084604/0001193125-09-084604-index.htm",
    "finalLink": "https://www.sec.gov/Archives/edgar/data/77476/000119312509084604/d10q.htm"
  },
  {
    "date": "2008-12-27",
    "symbol": "PEP",
    "reportedCurrency": "USD",
    "cik": "0000077476",
    "fillingDate": "2009-02-19",
    "acceptedDate": "2009-02-19 16:40:23",
    "calendarYear": "2008",
    "period": "Q4",
    "revenue": 12729000000,
    "costOfRevenue": 6171000000,
    "grossProfit": 6558000000,
    "grossProfitRatio": 0.5152015084,
    "researchAndDevelopmentExpenses": 0,
    "generalAndAdministrativeExpenses": 0,
    "sellingAndMarketingExpenses": 0,
    "sellingGeneralAndAdministrativeExpenses": 5324000000,
    "otherExpenses": 21000000,
    "operatingExpenses": 5345000000,
    "costAndExpenses": 11516000000,
    "interestIncome": 0,
    "interestExpense": 0,
    "depreciationAndAmortization": 488000000,
    "ebitda": 2116000000,
    "ebitdaratio": 0.1662345824,
    "operatingIncome": 1213000000,
    "operatingIncomeRatio": 0.0952942101,
    "totalOtherIncomeExpensesNet": -201000000,
    "incomeBeforeTax": 1012000000,
    "incomeBeforeTaxRatio": 0.079503496,
    "incomeTaxExpense": 293000000,
    "netIncome": 719000000,
    "netIncomeRatio": 0.0564851913,
    "eps": 0.46,
    "epsdiluted": 0.46,
    "weightedAverageShsOut": 1546000000,
    "weightedAverageShsOutDil": 1578000000,
    "link": "https://www.sec.gov/Archives/edgar/data/77476/000119312509033126/0001193125-09-033126-index.htm",
    "finalLink": "https://www.sec.gov/Archives/edgar/data/77476/000119312509033126/d10k.htm"
  },
  {
    "date": "2008-09-06",
    "symbol": "PEP",
    "reportedCurrency": "USD",
    "cik": "0000077476",
    "fillingDate": "2008-10-15",
    "acceptedDate": "2008-10-15 16:46:57",
    "calendarYear": "2008",
    "period": "Q3",
    "revenue": 11244000000,
    "costOfRevenue": 5268000000,
    "grossProfit": 5976000000,
    "grossProfitRatio": 0.5314834578,
    "researchAndDevelopmentExpenses": 0,
    "generalAndAdministrativeExpenses": 0,
    "sellingAndMarketingExpenses": 0,
    "sellingGeneralAndAdministrativeExpenses": 3972000000,
    "otherExpenses": 13000000,
    "operatingExpenses": 3985000000,
    "costAndExpenses": 9253000000,
    "interestIncome": 14000000,
    "interestExpense": 73000000,
    "depreciationAndAmortization": 377000000,
    "ebitda": 2583000000,
    "ebitdaratio": 0.2297225187,
    "operatingIncome": 1991000000,
    "operatingIncomeRatio": 0.1770722163,
    "totalOtherIncomeExpensesNet": 142000000,
    "incomeBeforeTax": 2133000000,
    "incomeBeforeTaxRatio": 0.189701174,
    "incomeTaxExpense": 550000000,
    "netIncome": 1576000000,
    "netIncomeRatio": 0.1401636428,
    "eps": 1.01,
    "epsdiluted": 0.99,
    "weightedAverageShsOut": 1564000000,
    "weightedAverageShsOutDil": 1593000000,
    "link": "https://www.sec.gov/Archives/edgar/data/77476/000119312508211024/0001193125-08-211024-index.htm",
    "finalLink": "https://www.sec.gov/Archives/edgar/data/77476/000119312508211024/d10q.htm"
  },
  {
    "date": "2008-06-14",
    "symbol": "PEP",
    "reportedCurrency": "USD",
    "cik": "0000077476",
    "fillingDate": "2008-07-23",
    "acceptedDate": "2008-07-23 16:33:28",
    "calendarYear": "2008",
    "period": "Q2",
    "revenue": 10945000000,
    "costOfRevenue": 5078000000,
    "grossProfit": 5867000000,
    "grossProfitRatio": 0.5360438556,
    "researchAndDevelopmentExpenses": 0,
    "generalAndAdministrativeExpenses": 0,
    "sellingAndMarketingExpenses": 0,
    "sellingGeneralAndAdministrativeExpenses": 3658000000,
    "otherExpenses": 18000000,
    "operatingExpenses": 3676000000,
    "costAndExpenses": 8754000000,
    "interestIncome": 38000000,
    "interestExpense": 74000000,
    "depreciationAndAmortization": 375000000,
    "ebitda": 2772000000,
    "ebitdaratio": 0.2532663317,
    "operatingIncome": 2191000000,
    "operatingIncomeRatio": 0.2001827318,
    "totalOtherIncomeExpensesNet": 132000000,
    "incomeBeforeTax": 2323000000,
    "incomeBeforeTaxRatio": 0.2122430333,
    "incomeTaxExpense": 618000000,
    "netIncome": 1699000000,
    "netIncomeRatio": 0.1552306989,
    "eps": 1.07,
    "epsdiluted": 1.05,
    "weightedAverageShsOut": 1582000000,
    "weightedAverageShsOutDil": 1612000000,
    "link": "https://www.sec.gov/Archives/edgar/data/77476/000119312508156305/0001193125-08-156305-index.htm",
    "finalLink": "https://www.sec.gov/Archives/edgar/data/77476/000119312508156305/d10q.htm"
  },
  {
    "date": "2008-03-22",
    "symbol": "PEP",
    "reportedCurrency": "USD",
    "cik": "0000077476",
    "fillingDate": "2008-04-24",
    "acceptedDate": "2008-04-24 16:17:14",
    "calendarYear": "2008",
    "period": "Q1",
    "revenue": 8333000000,
    "costOfRevenue": 3834000000,
    "grossProfit": 4499000000,
    "grossProfitRatio": 0.5399015961,
    "researchAndDevelopmentExpenses": 0,
    "generalAndAdministrativeExpenses": 0,
    "sellingAndMarketingExpenses": 0,
    "sellingGeneralAndAdministrativeExpenses": 2930000000,
    "otherExpenses": 12000000,
    "operatingExpenses": 2942000000,
    "costAndExpenses": 6776000000,
    "interestIncome": 1000000,
    "interestExpense": 58000000,
    "depreciationAndAmortization": 303000000,
    "ebitda": 1931000000,
    "ebitdaratio": 0.2317292692,
    "operatingIncome": 1557000000,
    "operatingIncomeRatio": 0.1868474739,
    "totalOtherIncomeExpensesNet": 13000000,
    "incomeBeforeTax": 1570000000,
    "incomeBeforeTaxRatio": 0.1884075363,
    "incomeTaxExpense": 418000000,
    "netIncome": 1148000000,
    "netIncomeRatio": 0.1377655106,
    "eps": 0.72,
    "epsdiluted": 0.7,
    "weightedAverageShsOut": 1599000000,
    "weightedAverageShsOutDil": 1632000000,
    "link": "https://www.sec.gov/Archives/edgar/data/77476/000119312508089366/0001193125-08-089366-index.htm",
    "finalLink": "https://www.sec.gov/Archives/edgar/data/77476/000119312508089366/d10q.htm"
  },
  {
    "date": "2007-12-29",
    "symbol": "PEP",
    "reportedCurrency": "USD",
    "cik": "0000077476",
    "fillingDate": "2008-02-15",
    "acceptedDate": "2008-02-15 15:27:59",
    "calendarYear": "2007",
    "period": "Q4",
    "revenue": 12346000000,
    "costOfRevenue": 5784000000,
    "grossProfit": 6562000000,
    "grossProfitRatio": 0.5315081808,
    "researchAndDevelopmentExpenses": 0,
    "generalAndAdministrativeExpenses": 0,
    "sellingAndMarketingExpenses": 0,
    "sellingGeneralAndAdministrativeExpenses": 4811000000,
    "otherExpenses": 21000000,
    "operatingExpenses": 4832000000,
    "costAndExpenses": 10616000000,
    "interestIncome": 0,
    "interestExpense": 0,
    "depreciationAndAmortization": 478000000,
    "ebitda": 2208000000,
    "ebitdaratio": 0.1788433501,
    "operatingIncome": 1730000000,
    "operatingIncomeRatio": 0.1401263567,
    "totalOtherIncomeExpensesNet": 67000000,
    "incomeBeforeTax": 1797000000,
    "incomeBeforeTaxRatio": 0.1455532156,
    "incomeTaxExpense": 535000000,
    "netIncome": 1262000000,
    "netIncomeRatio": 0.1022193423,
    "eps": 0.77,
    "epsdiluted": 0.76,
    "weightedAverageShsOut": 1607333000,
    "weightedAverageShsOutDil": 1645000000,
    "link": "https://www.sec.gov/Archives/edgar/data/77476/000119312508032441/0001193125-08-032441-index.htm",
    "finalLink": "https://www.sec.gov/Archives/edgar/data/77476/000119312508032441/d10k.htm"
  },
  {
    "date": "2007-09-08",
    "symbol": "PEP",
    "reportedCurrency": "USD",
    "cik": "0000077476",
    "fillingDate": "2007-10-11",
    "acceptedDate": "2007-10-11 17:12:47",
    "calendarYear": "2007",
    "period": "Q3",
    "revenue": 10171000000,
    "costOfRevenue": 4627000000,
    "grossProfit": 5544000000,
    "grossProfitRatio": 0.5450791466,
    "researchAndDevelopmentExpenses": 0,
    "generalAndAdministrativeExpenses": 0,
    "sellingAndMarketingExpenses": 0,
    "sellingGeneralAndAdministrativeExpenses": 3467000000,
    "otherExpenses": 15000000,
    "operatingExpenses": 3482000000,
    "costAndExpenses": 8109000000,
    "interestIncome": 0,
    "interestExpense": 0,
    "depreciationAndAmortization": 340000000,
    "ebitda": 2402000000,
    "ebitdaratio": 0.236161636,
    "operatingIncome": 2062000000,
    "operatingIncomeRatio": 0.2027332612,
    "totalOtherIncomeExpensesNet": 182000000,
    "incomeBeforeTax": 2244000000,
    "incomeBeforeTaxRatio": 0.2206272736,
    "incomeTaxExpense": 501000000,
    "netIncome": 1743000000,
    "netIncomeRatio": 0.1713695802,
    "eps": 1.08,
    "epsdiluted": 1.06,
    "weightedAverageShsOut": 1612037000,
    "weightedAverageShsOutDil": 1642453000,
    "link": "https://www.sec.gov/Archives/edgar/data/77476/000119312507217000/0001193125-07-217000-index.htm",
    "finalLink": "https://www.sec.gov/Archives/edgar/data/77476/000119312507217000/d10q.htm"
  },
  {
    "date": "2007-06-16",
    "symbol": "PEP",
    "reportedCurrency": "USD",
    "cik": "0000077476",
    "fillingDate": "2007-07-25",
    "acceptedDate": "2007-07-24 17:39:04",
    "calendarYear": "2007",
    "period": "Q2",
    "revenue": 9607000000,
    "costOfRevenue": 4342000000,
    "grossProfit": 5265000000,
    "grossProfitRatio": 0.548037889,
    "researchAndDevelopmentExpenses": 0,
    "generalAndAdministrativeExpenses": 0,
    "sellingAndMarketingExpenses": 0,
    "sellingGeneralAndAdministrativeExpenses": 3295000000,
    "otherExpenses": 11000000,
    "operatingExpenses": 3306000000,
    "costAndExpenses": 7648000000,
    "interestIncome": 0,
    "interestExpense": 0,
    "depreciationAndAmortization": 332000000,
    "ebitda": 2291000000,
    "ebitdaratio": 0.2384719475,
    "operatingIncome": 1959000000,
    "operatingIncomeRatio": 0.2039138128,
    "totalOtherIncomeExpensesNet": 158000000,
    "incomeBeforeTax": 2117000000,
    "incomeBeforeTaxRatio": 0.2203601541,
    "incomeTaxExpense": 560000000,
    "netIncome": 1557000000,
    "netIncomeRatio": 0.1620693245,
    "eps": 0.96,
    "epsdiluted": 0.93,
    "weightedAverageShsOut": 1628000000,
    "weightedAverageShsOutDil": 1665000000,
    "link": "https://www.sec.gov/Archives/edgar/data/77476/000119312507160846/0001193125-07-160846-index.htm",
    "finalLink": "https://www.sec.gov/Archives/edgar/data/77476/000119312507160846/d10q.htm"
  },
  {
    "date": "2007-03-24",
    "symbol": "PEP",
    "reportedCurrency": "USD",
    "cik": "0000077476",
    "fillingDate": "2007-04-25",
    "acceptedDate": "2007-04-25 16:07:30",
    "calendarYear": "2007",
    "period": "Q1",
    "revenue": 7350000000,
    "costOfRevenue": 3285000000,
    "grossProfit": 4065000000,
    "grossProfitRatio": 0.5530612245,
    "researchAndDevelopmentExpenses": 0,
    "generalAndAdministrativeExpenses": 0,
    "sellingAndMarketingExpenses": 0,
    "sellingGeneralAndAdministrativeExpenses": 2635000000,
    "otherExpenses": 11000000,
    "operatingExpenses": 2646000000,
    "costAndExpenses": 5931000000,
    "interestIncome": 0,
    "interestExpense": 0,
    "depreciationAndAmortization": 276000000,
    "ebitda": 1695000000,
    "ebitdaratio": 0.2306122449,
    "operatingIncome": 1419000000,
    "operatingIncomeRatio": 0.1930612245,
    "totalOtherIncomeExpensesNet": 54000000,
    "incomeBeforeTax": 1473000000,
    "incomeBeforeTaxRatio": 0.2004081633,
    "incomeTaxExpense": 377000000,
    "netIncome": 1096000000,
    "netIncomeRatio": 0.1491156463,
    "eps": 0.67,
    "epsdiluted": 0.65,
    "weightedAverageShsOut": 1637000000,
    "weightedAverageShsOutDil": 1673000000,
    "link": "https://www.sec.gov/Archives/edgar/data/77476/000119312507090190/0001193125-07-090190-index.htm",
    "finalLink": "https://www.sec.gov/Archives/edgar/data/77476/000119312507090190/d10q.htm"
  },
  {
    "date": "2006-12-30",
    "symbol": "PEP",
    "reportedCurrency": "USD",
    "cik": "0000077476",
    "fillingDate": "2007-02-20",
    "acceptedDate": "2007-02-20 16:57:17",
    "calendarYear": "2006",
    "period": "Q4",
    "revenue": 10383000000,
    "costOfRevenue": 4744000000,
    "grossProfit": 5639000000,
    "grossProfitRatio": 0.5430992969,
    "researchAndDevelopmentExpenses": 0,
    "generalAndAdministrativeExpenses": 0,
    "sellingAndMarketingExpenses": -88000000,
    "sellingGeneralAndAdministrativeExpenses": 4072000000,
    "otherExpenses": 54000000,
    "operatingExpenses": 4126000000,
    "costAndExpenses": 8870000000,
    "interestIncome": 0,
    "interestExpense": 0,
    "depreciationAndAmortization": 466000000,
    "ebitda": 1979000000,
    "ebitdaratio": 0.1906000193,
    "operatingIncome": 1513000000,
    "operatingIncomeRatio": 0.1457189637,
    "totalOtherIncomeExpensesNet": 127000000,
    "incomeBeforeTax": 1640000000,
    "incomeBeforeTaxRatio": 0.157950496,
    "incomeTaxExpense": -144000000,
    "netIncome": 1784000000,
    "netIncomeRatio": 0.17181932,
    "eps": 1.09,
    "epsdiluted": 1.08,
    "weightedAverageShsOut": 1629043000,
    "weightedAverageShsOutDil": 1681000000,
    "link": "https://www.sec.gov/Archives/edgar/data/77476/000119312507035201/0001193125-07-035201-index.htm",
    "finalLink": "https://www.sec.gov/Archives/edgar/data/77476/000119312507035201/d10k.htm"
  },
  {
    "date": "2006-09-09",
    "symbol": "PEP",
    "reportedCurrency": "USD",
    "cik": "0000077476",
    "fillingDate": "2006-10-12",
    "acceptedDate": "2006-10-12 15:25:40",
    "calendarYear": "2006",
    "period": "Q3",
    "revenue": 9134000000,
    "costOfRevenue": 4108000000,
    "grossProfit": 5026000000,
    "grossProfitRatio": 0.5502518064,
    "researchAndDevelopmentExpenses": 0,
    "generalAndAdministrativeExpenses": 0,
    "sellingAndMarketingExpenses": 0,
    "sellingGeneralAndAdministrativeExpenses": 3129000000,
    "otherExpenses": 41000000,
    "operatingExpenses": 3170000000,
    "costAndExpenses": 7278000000,
    "interestIncome": 0,
    "interestExpense": 0,
    "depreciationAndAmortization": 330000000,
    "ebitda": 2186000000,
    "ebitdaratio": 0.2393255967,
    "operatingIncome": 1856000000,
    "operatingIncomeRatio": 0.2031968469,
    "totalOtherIncomeExpensesNet": 192000000,
    "incomeBeforeTax": 2048000000,
    "incomeBeforeTaxRatio": 0.2242172104,
    "incomeTaxExpense": 554000000,
    "netIncome": 1494000000,
    "netIncomeRatio": 0.1635647033,
    "eps": 0.9,
    "epsdiluted": 0.89,
    "weightedAverageShsOut": 1656667000,
    "weightedAverageShsOutDil": 1675281000,
    "link": "https://www.sec.gov/Archives/edgar/data/77476/000119312506206906/0001193125-06-206906-index.htm",
    "finalLink": "https://www.sec.gov/Archives/edgar/data/77476/000119312506206906/d10q.htm"
  },
  {
    "date": "2006-06-17",
    "symbol": "PEP",
    "reportedCurrency": "USD",
    "cik": "0000077476",
    "fillingDate": "2006-07-13",
    "acceptedDate": "2006-07-13 16:57:10",
    "calendarYear": "2006",
    "period": "Q2",
    "revenue": 8714000000,
    "costOfRevenue": 3862000000,
    "grossProfit": 4852000000,
    "grossProfitRatio": 0.5568051412,
    "researchAndDevelopmentExpenses": 0,
    "generalAndAdministrativeExpenses": 0,
    "sellingAndMarketingExpenses": 0,
    "sellingGeneralAndAdministrativeExpenses": 3016000000,
    "otherExpenses": 36000000,
    "operatingExpenses": 3052000000,
    "costAndExpenses": 6914000000,
    "interestIncome": 0,
    "interestExpense": 0,
    "depreciationAndAmortization": 324000000,
    "ebitda": 2124000000,
    "ebitdaratio": 0.2437456966,
    "operatingIncome": 1800000000,
    "operatingIncomeRatio": 0.2065641496,
    "totalOtherIncomeExpensesNet": 128000000,
    "incomeBeforeTax": 1928000000,
    "incomeBeforeTaxRatio": 0.2212531558,
    "incomeTaxExpense": 553000000,
    "netIncome": 1375000000,
    "netIncomeRatio": 0.1577920588,
    "eps": 0.83,
    "epsdiluted": 0.81,
    "weightedAverageShsOut": 1653012000,
    "weightedAverageShsOutDil": 1693827000,
    "link": "https://www.sec.gov/Archives/edgar/data/77476/000119312506146229/0001193125-06-146229-index.htm",
    "finalLink": "https://www.sec.gov/Archives/edgar/data/77476/000119312506146229/d10q.htm"
  },
  {
    "date": "2006-03-25",
    "symbol": "PEP",
    "reportedCurrency": "USD",
    "cik": "0000077476",
    "fillingDate": "2006-04-26",
    "acceptedDate": "2006-04-26 16:58:28",
    "calendarYear": "2006",
    "period": "Q1",
    "revenue": 6719000000,
    "costOfRevenue": 2962000000,
    "grossProfit": 3757000000,
    "grossProfitRatio": 0.5591605894,
    "researchAndDevelopmentExpenses": 0,
    "generalAndAdministrativeExpenses": 0,
    "sellingAndMarketingExpenses": 0,
    "sellingGeneralAndAdministrativeExpenses": 2469000000,
    "otherExpenses": 31000000,
    "operatingExpenses": 2500000000,
    "costAndExpenses": 5462000000,
    "interestIncome": 0,
    "interestExpense": 0,
    "depreciationAndAmortization": 286000000,
    "ebitda": 1543000000,
    "ebitdaratio": 0.2296472689,
    "operatingIncome": 1257000000,
    "operatingIncomeRatio": 0.1870814109,
    "totalOtherIncomeExpensesNet": 58000000,
    "incomeBeforeTax": 1315000000,
    "incomeBeforeTaxRatio": 0.1957136479,
    "incomeTaxExpense": 368000000,
    "netIncome": 947000000,
    "netIncomeRatio": 0.1409435928,
    "eps": 0.57,
    "epsdiluted": 0.56,
    "weightedAverageShsOut": 1656000000,
    "weightedAverageShsOutDil": 1695000000,
    "link": "https://www.sec.gov/Archives/edgar/data/77476/000119312506089491/0001193125-06-089491-index.htm",
    "finalLink": "https://www.sec.gov/Archives/edgar/data/77476/000119312506089491/d10q.htm"
  },
  {
    "date": "2005-12-31",
    "symbol": "PEP",
    "reportedCurrency": "USD",
    "cik": "0000077476",
    "fillingDate": "2006-02-27",
    "acceptedDate": "2006-02-27 15:59:51",
    "calendarYear": "2005",
    "period": "Q4",
    "revenue": 10096000000,
    "costOfRevenue": 3921000000,
    "grossProfit": 6175000000,
    "grossProfitRatio": 0.6116283677,
    "researchAndDevelopmentExpenses": 0,
    "generalAndAdministrativeExpenses": 0,
    "sellingAndMarketingExpenses": 0,
    "sellingGeneralAndAdministrativeExpenses": 4689000000,
    "otherExpenses": 47000000,
    "operatingExpenses": 4736000000,
    "costAndExpenses": 8657000000,
    "interestIncome": 0,
    "interestExpense": 0,
    "depreciationAndAmortization": 412000000,
    "ebitda": 1851000000,
    "ebitdaratio": 0.1833399366,
    "operatingIncome": 1439000000,
    "operatingIncomeRatio": 0.1425316957,
    "totalOtherIncomeExpensesNet": 103000000,
    "incomeBeforeTax": 1542000000,
    "incomeBeforeTaxRatio": 0.1527337559,
    "incomeTaxExpense": 434000000,
    "netIncome": 1108000000,
    "netIncomeRatio": 0.1097464342,
    "eps": 0.66,
    "epsdiluted": 0.65,
    "weightedAverageShsOut": 1675567000,
    "weightedAverageShsOutDil": 1695000000,
    "link": "https://www.sec.gov/Archives/edgar/data/77476/000119312506039968/0001193125-06-039968-index.htm",
    "finalLink": "https://www.sec.gov/Archives/edgar/data/77476/000119312506039968/d10k.htm"
  },
  {
    "date": "2005-09-03",
    "symbol": "PEP",
    "reportedCurrency": "USD",
    "cik": "0000077476",
    "fillingDate": "2005-09-30",
    "acceptedDate": "2005-09-30 14:23:28",
    "calendarYear": "2005",
    "period": "Q3",
    "revenue": 8184000000,
    "costOfRevenue": 3515000000,
    "grossProfit": 4669000000,
    "grossProfitRatio": 0.5705034213,
    "researchAndDevelopmentExpenses": 0,
    "generalAndAdministrativeExpenses": 0,
    "sellingAndMarketingExpenses": 0,
    "sellingGeneralAndAdministrativeExpenses": 2952000000,
    "otherExpenses": 37000000,
    "operatingExpenses": 2989000000,
    "costAndExpenses": 6504000000,
    "interestIncome": 0,
    "interestExpense": 0,
    "depreciationAndAmortization": 308000000,
    "ebitda": 1988000000,
    "ebitdaratio": 0.242913001,
    "operatingIncome": 1680000000,
    "operatingIncomeRatio": 0.2052785924,
    "totalOtherIncomeExpensesNet": 188000000,
    "incomeBeforeTax": 1868000000,
    "incomeBeforeTaxRatio": 0.2282502444,
    "incomeTaxExpense": 1004000000,
    "netIncome": 864000000,
    "netIncomeRatio": 0.1055718475,
    "eps": 0.52,
    "epsdiluted": 0.51,
    "weightedAverageShsOut": 1661538462,
    "weightedAverageShsOutDil": 1694117647,
    "link": "https://www.sec.gov/Archives/edgar/data/77476/000119312505194872/0001193125-05-194872-index.htm",
    "finalLink": "https://www.sec.gov/Archives/edgar/data/77476/000119312505194872/d10q.htm"
  },
  {
    "date": "2005-06-11",
    "symbol": "PEP",
    "reportedCurrency": "USD",
    "cik": "0000077476",
    "fillingDate": "2005-07-14",
    "acceptedDate": "2005-07-14 07:41:32",
    "calendarYear": "2005",
    "period": "Q2",
    "revenue": 7697000000,
    "costOfRevenue": 3314000000,
    "grossProfit": 4383000000,
    "grossProfitRatio": 0.56944264,
    "researchAndDevelopmentExpenses": 0,
    "generalAndAdministrativeExpenses": 0,
    "sellingAndMarketingExpenses": 0,
    "sellingGeneralAndAdministrativeExpenses": 2790000000,
    "otherExpenses": 37000000,
    "operatingExpenses": 2827000000,
    "costAndExpenses": 6141000000,
    "interestIncome": 0,
    "interestExpense": 0,
    "depreciationAndAmortization": 306000000,
    "ebitda": 1862000000,
    "ebitdaratio": 0.2419124334,
    "operatingIncome": 1556000000,
    "operatingIncomeRatio": 0.2021566844,
    "totalOtherIncomeExpensesNet": 131000000,
    "incomeBeforeTax": 1687000000,
    "incomeBeforeTaxRatio": 0.2191763025,
    "incomeTaxExpense": 493000000,
    "netIncome": 1194000000,
    "netIncomeRatio": 0.1551253735,
    "eps": 0.71,
    "epsdiluted": 0.7,
    "weightedAverageShsOut": 1681690000,
    "weightedAverageShsOutDil": 1705714000,
    "link": "https://www.sec.gov/Archives/edgar/data/77476/000119312505141920/0001193125-05-141920-index.htm",
    "finalLink": "https://www.sec.gov/Archives/edgar/data/77476/000119312505141920/d10q.htm"
  },
  {
    "date": "2005-03-19",
    "symbol": "PEP",
    "reportedCurrency": "USD",
    "cik": "0000077476",
    "fillingDate": "2005-04-15",
    "acceptedDate": "2005-04-15 17:24:37",
    "calendarYear": "2005",
    "period": "Q1",
    "revenue": 6585000000,
    "costOfRevenue": 2870000000,
    "grossProfit": 3715000000,
    "grossProfitRatio": 0.5641609719,
    "researchAndDevelopmentExpenses": 0,
    "generalAndAdministrativeExpenses": 0,
    "sellingAndMarketingExpenses": 0,
    "sellingGeneralAndAdministrativeExpenses": 2439000000,
    "otherExpenses": 29000000,
    "operatingExpenses": 2468000000,
    "costAndExpenses": 5338000000,
    "interestIncome": 0,
    "interestExpense": 0,
    "depreciationAndAmortization": 282000000,
    "ebitda": 1529000000,
    "ebitdaratio": 0.2321943812,
    "operatingIncome": 1247000000,
    "operatingIncomeRatio": 0.1893697798,
    "totalOtherIncomeExpensesNet": 38000000,
    "incomeBeforeTax": 1285000000,
    "incomeBeforeTaxRatio": 0.1951404708,
    "incomeTaxExpense": 373000000,
    "netIncome": 912000000,
    "netIncomeRatio": 0.1384965831,
    "eps": 0.54,
    "epsdiluted": 0.53,
    "weightedAverageShsOut": 1688888889,
    "weightedAverageShsOutDil": 1720754717,
    "link": "https://www.sec.gov/Archives/edgar/data/77476/000119312505077841/0001193125-05-077841-index.htm",
    "finalLink": "https://www.sec.gov/Archives/edgar/data/77476/000119312505077841/d10q.htm"
  },
  {
    "date": "2004-12-25",
    "symbol": "PEP",
    "reportedCurrency": "USD",
    "cik": "0000077476",
    "fillingDate": "2005-02-28",
    "acceptedDate": "2005-02-28 06:56:22",
    "calendarYear": "2004",
    "period": "Q4",
    "revenue": 8803000000,
    "costOfRevenue": 4082000000,
    "grossProfit": 4721000000,
    "grossProfitRatio": 0.5362944451,
    "researchAndDevelopmentExpenses": 0,
    "generalAndAdministrativeExpenses": 0,
    "sellingAndMarketingExpenses": 0,
    "sellingGeneralAndAdministrativeExpenses": 3325000000,
    "otherExpenses": 197000000,
    "operatingExpenses": 3522000000,
    "costAndExpenses": 7604000000,
    "interestIncome": 0,
    "interestExpense": 0,
    "depreciationAndAmortization": 401000000,
    "ebitda": 1750000000,
    "ebitdaratio": 0.198795865,
    "operatingIncome": 1199000000,
    "operatingIncomeRatio": 0.136203567,
    "totalOtherIncomeExpensesNet": 71000000,
    "incomeBeforeTax": 1270000000,
    "incomeBeforeTaxRatio": 0.1442689992,
    "incomeTaxExpense": 323000000,
    "netIncome": 985000000,
    "netIncomeRatio": 0.1118936726,
    "eps": 0.58,
    "epsdiluted": 0.58,
    "weightedAverageShsOut": 1664952381,
    "weightedAverageShsOutDil": 1713000000,
    "link": "https://www.sec.gov/Archives/edgar/data/77476/000119312505037811/0001193125-05-037811-index.htm",
    "finalLink": "https://www.sec.gov/Archives/edgar/data/77476/000119312505037811/d10k.htm"
  },
  {
    "date": "2004-09-04",
    "symbol": "PEP",
    "reportedCurrency": "USD",
    "cik": "0000077476",
    "fillingDate": "2004-10-01",
    "acceptedDate": "2004-10-01 16:08:31",
    "calendarYear": "2004",
    "period": "Q3",
    "revenue": 7257000000,
    "costOfRevenue": 3300000000,
    "grossProfit": 3957000000,
    "grossProfitRatio": 0.5452666391,
    "researchAndDevelopmentExpenses": 0,
    "generalAndAdministrativeExpenses": 0,
    "sellingAndMarketingExpenses": 0,
    "sellingGeneralAndAdministrativeExpenses": 2410000000,
    "otherExpenses": 35000000,
    "operatingExpenses": 2445000000,
    "costAndExpenses": 5745000000,
    "interestIncome": 0,
    "interestExpense": 0,
    "depreciationAndAmortization": 295000000,
    "ebitda": 1807000000,
    "ebitdaratio": 0.2490009646,
    "operatingIncome": 1512000000,
    "operatingIncomeRatio": 0.2083505581,
    "totalOtherIncomeExpensesNet": 121000000,
    "incomeBeforeTax": 1633000000,
    "incomeBeforeTaxRatio": 0.2250241146,
    "incomeTaxExpense": 269000000,
    "netIncome": 1364000000,
    "netIncomeRatio": 0.1879564558,
    "eps": 0.8,
    "epsdiluted": 0.79,
    "weightedAverageShsOut": 1703750000,
    "weightedAverageShsOutDil": 1725316000,
    "link": "https://www.sec.gov/Archives/edgar/data/77476/000119312504165608/0001193125-04-165608-index.htm",
    "finalLink": "https://www.sec.gov/Archives/edgar/data/77476/000119312504165608/d10q.htm"
  },
  {
    "date": "2004-06-12",
    "symbol": "PEP",
    "reportedCurrency": "USD",
    "cik": "0000077476",
    "fillingDate": "2004-07-15",
    "acceptedDate": "2004-07-15 17:15:34",
    "calendarYear": "2004",
    "period": "Q2",
    "revenue": 7070000000,
    "costOfRevenue": 3213000000,
    "grossProfit": 3857000000,
    "grossProfitRatio": 0.5455445545,
    "researchAndDevelopmentExpenses": 0,
    "generalAndAdministrativeExpenses": 0,
    "sellingAndMarketingExpenses": 0,
    "sellingGeneralAndAdministrativeExpenses": 2403000000,
    "otherExpenses": 33000000,
    "operatingExpenses": 2436000000,
    "costAndExpenses": 5649000000,
    "interestIncome": 0,
    "interestExpense": 0,
    "depreciationAndAmortization": 293000000,
    "ebitda": 1714000000,
    "ebitdaratio": 0.2424328147,
    "operatingIncome": 1421000000,
    "operatingIncomeRatio": 0.200990099,
    "totalOtherIncomeExpensesNet": 81000000,
    "incomeBeforeTax": 1502000000,
    "incomeBeforeTaxRatio": 0.212446959,
    "incomeTaxExpense": 443000000,
    "netIncome": 1059000000,
    "netIncomeRatio": 0.1497878359,
    "eps": 0.62,
    "epsdiluted": 0.61,
    "weightedAverageShsOut": 1708065000,
    "weightedAverageShsOutDil": 1736066000,
    "link": "https://www.sec.gov/Archives/edgar/data/77476/000119312504118980/0001193125-04-118980-index.htm",
    "finalLink": "https://www.sec.gov/Archives/edgar/data/77476/000119312504118980/d10q.htm"
  },
  {
    "date": "2004-03-20",
    "symbol": "PEP",
    "reportedCurrency": "USD",
    "cik": "0000077476",
    "fillingDate": "2004-04-22",
    "acceptedDate": "2004-04-21 18:43:23",
    "calendarYear": "2004",
    "period": "Q1",
    "revenue": 6131000000,
    "costOfRevenue": 2811000000,
    "grossProfit": 3320000000,
    "grossProfitRatio": 0.5415103572,
    "researchAndDevelopmentExpenses": 0,
    "generalAndAdministrativeExpenses": 0,
    "sellingAndMarketingExpenses": 0,
    "sellingGeneralAndAdministrativeExpenses": 2161000000,
    "otherExpenses": 32000000,
    "operatingExpenses": 2193000000,
    "costAndExpenses": 5004000000,
    "interestIncome": 0,
    "interestExpense": 0,
    "depreciationAndAmortization": 275000000,
    "ebitda": 1402000000,
    "ebitdaratio": 0.228673952,
    "operatingIncome": 1127000000,
    "operatingIncomeRatio": 0.1838199315,
    "totalOtherIncomeExpensesNet": 14000000,
    "incomeBeforeTax": 1141000000,
    "incomeBeforeTaxRatio": 0.1861034089,
    "incomeTaxExpense": 337000000,
    "netIncome": 804000000,
    "netIncomeRatio": 0.1311368455,
    "eps": 0.47,
    "epsdiluted": 0.46,
    "weightedAverageShsOut": 1710638298,
    "weightedAverageShsOutDil": 1747826087,
    "link": "https://www.sec.gov/Archives/edgar/data/77476/000119312504066704/0001193125-04-066704-index.htm",
    "finalLink": "https://www.sec.gov/Archives/edgar/data/77476/000119312504066704/d10q.htm"
  },
  {
    "date": "2003-12-27",
    "symbol": "PEP",
    "reportedCurrency": "USD",
    "cik": "0000077476",
    "fillingDate": "2004-03-04",
    "acceptedDate": "2004-03-03 21:48:04",
    "calendarYear": "2003",
    "period": "Q4",
    "revenue": 8073000000,
    "costOfRevenue": 3737000000,
    "grossProfit": 4336000000,
    "grossProfitRatio": 0.5370989719,
    "researchAndDevelopmentExpenses": 0,
    "generalAndAdministrativeExpenses": 0,
    "sellingAndMarketingExpenses": 0,
    "sellingGeneralAndAdministrativeExpenses": 3304000000,
    "otherExpenses": 221000000,
    "operatingExpenses": 3525000000,
    "costAndExpenses": 7262000000,
    "interestIncome": 0,
    "interestExpense": 0,
    "depreciationAndAmortization": 405000000,
    "ebitda": 1391000000,
    "ebitdaratio": 0.1723027375,
    "operatingIncome": 811000000,
    "operatingIncomeRatio": 0.1004583178,
    "totalOtherIncomeExpensesNet": 47000000,
    "incomeBeforeTax": 858000000,
    "incomeBeforeTaxRatio": 0.1062801932,
    "incomeTaxExpense": 153000000,
    "netIncome": 705000000,
    "netIncomeRatio": 0.0873281308,
    "eps": 0.41,
    "epsdiluted": 0.41,
    "weightedAverageShsOut": 1703325301,
    "weightedAverageShsOutDil": 1707936508,
    "link": "https://www.sec.gov/Archives/edgar/data/77476/000119312504034074/0001193125-04-034074-index.htm",
    "finalLink": "https://www.sec.gov/Archives/edgar/data/77476/000119312504034074/d10k.htm"
  },
  {
    "date": "2003-09-30",
    "symbol": "PEP",
    "reportedCurrency": "USD",
    "cik": "0000077476",
    "fillingDate": "2003-10-14",
    "acceptedDate": "2003-10-14 16:29:29",
    "calendarYear": "2003",
    "period": "Q3",
    "revenue": 6830000000,
    "costOfRevenue": 3116000000,
    "grossProfit": 3714000000,
    "grossProfitRatio": 0.5437774524,
    "researchAndDevelopmentExpenses": 0,
    "generalAndAdministrativeExpenses": 0,
    "sellingAndMarketingExpenses": 0,
    "sellingGeneralAndAdministrativeExpenses": 2218000000,
    "otherExpenses": 43000000,
    "operatingExpenses": 2261000000,
    "costAndExpenses": 5377000000,
    "interestIncome": 0,
    "interestExpense": 0,
    "depreciationAndAmortization": 280000000,
    "ebitda": 1742000000,
    "ebitdaratio": 0.2550512445,
    "operatingIncome": 1453000000,
    "operatingIncomeRatio": 0.2127379209,
    "totalOtherIncomeExpensesNet": 106000000,
    "incomeBeforeTax": 1559000000,
    "incomeBeforeTaxRatio": 0.2282576867,
    "incomeTaxExpense": 482000000,
    "netIncome": 1077000000,
    "netIncomeRatio": 0.1576866764,
    "eps": 0.63,
    "epsdiluted": 0.62,
    "weightedAverageShsOut": 1707937000,
    "weightedAverageShsOutDil": 1735484000,
    "link": "https://www.sec.gov/Archives/edgar/data/77476/000119312503061381/0001193125-03-061381-index.htm",
    "finalLink": "https://www.sec.gov/Archives/edgar/data/77476/000119312503061381/d10q.htm"
  },
  {
    "date": "2003-06-14",
    "symbol": "PEP",
    "reportedCurrency": "USD",
    "cik": "0000077476",
    "fillingDate": "2003-07-25",
    "acceptedDate": "2003-07-24 18:15:24",
    "calendarYear": "2003",
    "period": "Q2",
    "revenue": 6538000000,
    "costOfRevenue": 2992000000,
    "grossProfit": 3546000000,
    "grossProfitRatio": 0.5423676965,
    "researchAndDevelopmentExpenses": 0,
    "generalAndAdministrativeExpenses": 0,
    "sellingAndMarketingExpenses": 0,
    "sellingGeneralAndAdministrativeExpenses": 2209000000,
    "otherExpenses": 46000000,
    "operatingExpenses": 2255000000,
    "costAndExpenses": 5247000000,
    "interestIncome": 0,
    "interestExpense": 0,
    "depreciationAndAmortization": 280000000,
    "ebitda": 1582000000,
    "ebitdaratio": 0.2419700214,
    "operatingIncome": 1291000000,
    "operatingIncomeRatio": 0.1974609972,
    "totalOtherIncomeExpensesNet": 73000000,
    "incomeBeforeTax": 1364000000,
    "incomeBeforeTaxRatio": 0.2086264913,
    "incomeTaxExpense": 420000000,
    "netIncome": 944000000,
    "netIncomeRatio": 0.1443866626,
    "eps": 0.55,
    "epsdiluted": 0.54,
    "weightedAverageShsOut": 1714545455,
    "weightedAverageShsOutDil": 1746296296,
    "link": "https://www.sec.gov/Archives/edgar/data/77476/000119312503023586/0001193125-03-023586-index.htm",
    "finalLink": "https://www.sec.gov/Archives/edgar/data/77476/000119312503023586/d10q.htm"
  },
  {
    "date": "2003-03-22",
    "symbol": "PEP",
    "reportedCurrency": "USD",
    "cik": "0000077476",
    "fillingDate": "2003-04-25",
    "acceptedDate": "2003-04-25 11:24:45",
    "calendarYear": "2003",
    "period": "Q1",
    "revenue": 5530000000,
    "costOfRevenue": 2534000000,
    "grossProfit": 2996000000,
    "grossProfitRatio": 0.5417721519,
    "researchAndDevelopmentExpenses": 0,
    "generalAndAdministrativeExpenses": 0,
    "sellingAndMarketingExpenses": 0,
    "sellingGeneralAndAdministrativeExpenses": 1819000000,
    "otherExpenses": 41000000,
    "operatingExpenses": 1860000000,
    "costAndExpenses": 4394000000,
    "interestIncome": 0,
    "interestExpense": 0,
    "depreciationAndAmortization": 256000000,
    "ebitda": 1403000000,
    "ebitdaratio": 0.2537070524,
    "operatingIncome": 1136000000,
    "operatingIncomeRatio": 0.2054249548,
    "totalOtherIncomeExpensesNet": -15000000,
    "incomeBeforeTax": 1121000000,
    "incomeBeforeTaxRatio": 0.2027124774,
    "incomeTaxExpense": 344000000,
    "netIncome": 777000000,
    "netIncomeRatio": 0.1405063291,
    "eps": 0.45,
    "epsdiluted": 0.45,
    "weightedAverageShsOut": 1724444444,
    "weightedAverageShsOutDil": 1724444444,
    "link": "https://www.sec.gov/Archives/edgar/data/77476/000119312503001976/0001193125-03-001976-index.htm",
    "finalLink": "https://www.sec.gov/Archives/edgar/data/77476/000119312503001976/d10q.htm"
  },
  {
    "date": "2002-12-28",
    "symbol": "PEP",
    "reportedCurrency": "USD",
    "cik": "0000077476",
    "fillingDate": "2003-03-07",
    "acceptedDate": "2003-03-07 08:20:26",
    "calendarYear": "2002",
    "period": "Q4",
    "revenue": 7457000000,
    "costOfRevenue": 3460000000,
    "grossProfit": 3997000000,
    "grossProfitRatio": 0.5360064369,
    "researchAndDevelopmentExpenses": 0,
    "generalAndAdministrativeExpenses": 0,
    "sellingAndMarketingExpenses": 0,
    "sellingGeneralAndAdministrativeExpenses": 2647000000,
    "otherExpenses": 131000000,
    "operatingExpenses": 2778000000,
    "costAndExpenses": 6238000000,
    "interestIncome": 0,
    "interestExpense": 0,
    "depreciationAndAmortization": 360000000,
    "ebitda": 1669000000,
    "ebitdaratio": 0.2238165482,
    "operatingIncome": 1219000000,
    "operatingIncomeRatio": 0.1634705646,
    "totalOtherIncomeExpensesNet": -20000000,
    "incomeBeforeTax": 1199000000,
    "incomeBeforeTaxRatio": 0.1607885209,
    "incomeTaxExpense": 394000000,
    "netIncome": 805000000,
    "netIncomeRatio": 0.1079522596,
    "eps": 0.28,
    "epsdiluted": 0.29,
    "weightedAverageShsOut": 1729000000,
    "weightedAverageShsOutDil": 1729000000,
    "link": "https://www.sec.gov/Archives/edgar/data/77476/000095013003001850/0000950130-03-001850-index.htm",
    "finalLink": "https://www.sec.gov/Archives/edgar/data/77476/000095013003001850/d10k.htm"
  },
  {
    "date": "2002-09-07",
    "symbol": "PEP",
    "reportedCurrency": "USD",
    "cik": "0000077476",
    "fillingDate": "2002-10-15",
    "acceptedDate": "2002-10-15 16:32:53",
    "calendarYear": "2002",
    "period": "Q3",
    "revenue": 6300000000,
    "costOfRevenue": 2873000000,
    "grossProfit": 3427000000,
    "grossProfitRatio": 0.543968254,
    "researchAndDevelopmentExpenses": 0,
    "generalAndAdministrativeExpenses": 0,
    "sellingAndMarketingExpenses": 0,
    "sellingGeneralAndAdministrativeExpenses": 2062000000,
    "otherExpenses": 68000000,
    "operatingExpenses": 2130000000,
    "costAndExpenses": 5003000000,
    "interestIncome": 0,
    "interestExpense": 0,
    "depreciationAndAmortization": 263000000,
    "ebitda": 1593000000,
    "ebitdaratio": 0.2528571429,
    "operatingIncome": 1297000000,
    "operatingIncomeRatio": 0.2058730159,
    "totalOtherIncomeExpensesNet": 94000000,
    "incomeBeforeTax": 1391000000,
    "incomeBeforeTaxRatio": 0.2207936508,
    "incomeTaxExpense": 438000000,
    "netIncome": 953000000,
    "netIncomeRatio": 0.1512698413,
    "eps": 0.54,
    "epsdiluted": 0.53,
    "weightedAverageShsOut": 1762962963,
    "weightedAverageShsOutDil": 1796226415,
    "link": "https://www.sec.gov/Archives/edgar/data/77476/000007747602000072/0000077476-02-000072-index.htm",
    "finalLink": "https://www.sec.gov/Archives/edgar/data/77476/000007747602000072/thirdquarter10q.htm"
  },
  {
    "date": "2002-06-15",
    "symbol": "PEP",
    "reportedCurrency": "USD",
    "cik": "0000077476",
    "fillingDate": "2002-07-23",
    "acceptedDate": "2002-07-23 15:48:08",
    "calendarYear": "2002",
    "period": "Q2",
    "revenue": 6119000000,
    "costOfRevenue": 2776000000,
    "grossProfit": 3343000000,
    "grossProfitRatio": 0.5463310999,
    "researchAndDevelopmentExpenses": 0,
    "generalAndAdministrativeExpenses": 0,
    "sellingAndMarketingExpenses": 0,
    "sellingGeneralAndAdministrativeExpenses": 2018000000,
    "otherExpenses": 99000000,
    "operatingExpenses": 2117000000,
    "costAndExpenses": 4893000000,
    "interestIncome": 0,
    "interestExpense": 0,
    "depreciationAndAmortization": 259000000,
    "ebitda": 1550000000,
    "ebitdaratio": 0.2533093643,
    "operatingIncome": 1226000000,
    "operatingIncomeRatio": 0.2003595359,
    "totalOtherIncomeExpensesNet": 56000000,
    "incomeBeforeTax": 1282000000,
    "incomeBeforeTaxRatio": 0.2095113581,
    "incomeTaxExpense": 407000000,
    "netIncome": 875000000,
    "netIncomeRatio": 0.1429972218,
    "eps": 0.49,
    "epsdiluted": 0.48,
    "weightedAverageShsOut": 1783673469,
    "weightedAverageShsOutDil": 1820833333,
    "link": "https://www.sec.gov/Archives/edgar/data/77476/000007747602000049/0000077476-02-000049-index.htm",
    "finalLink": "https://www.sec.gov/Archives/edgar/data/77476/000007747602000049/form10q202.htm"
  },
  {
    "date": "2002-03-23",
    "symbol": "PEP",
    "reportedCurrency": "USD",
    "cik": "0000077476",
    "fillingDate": "2002-05-01",
    "acceptedDate": "2002-05-01 10:40:21",
    "calendarYear": "2002",
    "period": "Q1",
    "revenue": 5311000000,
    "costOfRevenue": 2430000000,
    "grossProfit": 2881000000,
    "grossProfitRatio": 0.5424590473,
    "researchAndDevelopmentExpenses": 0,
    "generalAndAdministrativeExpenses": 0,
    "sellingAndMarketingExpenses": 0,
    "sellingGeneralAndAdministrativeExpenses": 1816000000,
    "otherExpenses": 64000000,
    "operatingExpenses": 1880000000,
    "costAndExpenses": 4310000000,
    "interestIncome": 0,
    "interestExpense": 0,
    "depreciationAndAmortization": 230000000,
    "ebitda": 1267000000,
    "ebitdaratio": 0.2385614762,
    "operatingIncome": 1001000000,
    "operatingIncomeRatio": 0.1884767464,
    "totalOtherIncomeExpensesNet": 8000000,
    "incomeBeforeTax": 1009000000,
    "incomeBeforeTaxRatio": 0.189983054,
    "incomeTaxExpense": 320000000,
    "netIncome": 689000000,
    "netIncomeRatio": 0.1297307475,
    "eps": 0.39,
    "epsdiluted": 0.38,
    "weightedAverageShsOut": 1764102564,
    "weightedAverageShsOutDil": 1810526316,
    "link": "https://www.sec.gov/Archives/edgar/data/77476/000007747602000035/0000077476-02-000035-index.htm",
    "finalLink": "https://www.sec.gov/Archives/edgar/data/77476/000007747602000035/form10q102.htm"
  },
  {
    "date": "2001-12-29",
    "symbol": "PEP",
    "reportedCurrency": "USD",
    "cik": "0000077476",
    "fillingDate": "2002-03-20",
    "acceptedDate": "2002-03-20 00:00:00",
    "calendarYear": "2001",
    "period": "Q4",
    "revenue": 7986000000,
    "costOfRevenue": 3212000000,
    "grossProfit": 4774000000,
    "grossProfitRatio": 0.5977961433,
    "researchAndDevelopmentExpenses": 0,
    "generalAndAdministrativeExpenses": 0,
    "sellingAndMarketingExpenses": 0,
    "sellingGeneralAndAdministrativeExpenses": 3561000000,
    "otherExpenses": 183000000,
    "operatingExpenses": 3744000000,
    "costAndExpenses": 6956000000,
    "interestIncome": 0,
    "interestExpense": 0,
    "depreciationAndAmortization": 345000000,
    "ebitda": 1506000000,
    "ebitdaratio": 0.188580015,
    "operatingIncome": 1030000000,
    "operatingIncomeRatio": 0.1289757075,
    "totalOtherIncomeExpensesNet": -37000000,
    "incomeBeforeTax": 993000000,
    "incomeBeforeTaxRatio": 0.1243425995,
    "incomeTaxExpense": 326000000,
    "netIncome": 667000000,
    "netIncomeRatio": 0.083521162,
    "eps": 0.37,
    "epsdiluted": 0.37,
    "weightedAverageShsOut": 1800000000,
    "weightedAverageShsOutDil": 1800000000,
    "link": "https://www.sec.gov/Archives/edgar/data/77476/000007747602000024/0000077476-02-000024-index.htm",
    "finalLink": "https://www.sec.gov/Archives/edgar/data/77476/000007747602000024/k01b.htm"
  },
  {
    "date": "2001-09-08",
    "symbol": "PEP",
    "reportedCurrency": "USD",
    "cik": "0000077476",
    "fillingDate": "2001-10-17",
    "acceptedDate": "2001-10-17 00:00:00",
    "calendarYear": "2001",
    "period": "Q3",
    "revenue": 5981000000,
    "costOfRevenue": 2727000000,
    "grossProfit": 3254000000,
    "grossProfitRatio": 0.5440561779,
    "researchAndDevelopmentExpenses": 0,
    "generalAndAdministrativeExpenses": 0,
    "sellingAndMarketingExpenses": 0,
    "sellingGeneralAndAdministrativeExpenses": 1992000000,
    "otherExpenses": 287000000,
    "operatingExpenses": 2279000000,
    "costAndExpenses": 5006000000,
    "interestIncome": 0,
    "interestExpense": 0,
    "depreciationAndAmortization": 312000000,
    "ebitda": 1535000000,
    "ebitdaratio": 0.2566460458,
    "operatingIncome": 975000000,
    "operatingIncomeRatio": 0.163016218,
    "totalOtherIncomeExpensesNet": 50000000,
    "incomeBeforeTax": 1025000000,
    "incomeBeforeTaxRatio": 0.1713760241,
    "incomeTaxExpense": 398000000,
    "netIncome": 627000000,
    "netIncomeRatio": 0.1048319679,
    "eps": 0.35,
    "epsdiluted": 0.34,
    "weightedAverageShsOut": 1791428571,
    "weightedAverageShsOutDil": 1844117647,
    "link": "https://www.sec.gov/Archives/edgar/data/77476/000007747601500103/0000077476-01-500103-index.htm",
    "finalLink": "https://www.sec.gov/Archives/edgar/data/77476/000007747601500103/form10q301.htm"
  },
  {
    "date": "2001-06-16",
    "symbol": "PEP",
    "reportedCurrency": "USD",
    "cik": "0000077476",
    "fillingDate": "2001-07-26",
    "acceptedDate": "2001-07-26 00:00:00",
    "calendarYear": "2001",
    "period": "Q2",
    "revenue": 5281000000,
    "costOfRevenue": 2031000000,
    "grossProfit": 3250000000,
    "grossProfitRatio": 0.6154137474,
    "researchAndDevelopmentExpenses": 0,
    "generalAndAdministrativeExpenses": 0,
    "sellingAndMarketingExpenses": 0,
    "sellingGeneralAndAdministrativeExpenses": 2305000000,
    "otherExpenses": 36000000,
    "operatingExpenses": 2341000000,
    "costAndExpenses": 4372000000,
    "interestIncome": 0,
    "interestExpense": 0,
    "depreciationAndAmortization": 217000000,
    "ebitda": 1126000000,
    "ebitdaratio": 0.2132171937,
    "operatingIncome": 909000000,
    "operatingIncomeRatio": 0.1721264912,
    "totalOtherIncomeExpensesNet": 36000000,
    "incomeBeforeTax": 945000000,
    "incomeBeforeTaxRatio": 0.1789433819,
    "incomeTaxExpense": 293000000,
    "netIncome": 652000000,
    "netIncomeRatio": 0.1234614656,
    "eps": 0.45,
    "epsdiluted": 0.44,
    "weightedAverageShsOut": 1448888889,
    "weightedAverageShsOutDil": 1481818182,
    "link": "https://www.sec.gov/Archives/edgar/data/77476/000007747601500062/0000077476-01-500062-index.htm",
    "finalLink": "https://www.sec.gov/Archives/edgar/data/77476/000007747601500062/form10q201.htm"
  },
  {
    "date": "2001-03-24",
    "symbol": "PEP",
    "reportedCurrency": "USD",
    "cik": "0000077476",
    "fillingDate": "2001-05-02",
    "acceptedDate": "2001-05-02 00:00:00",
    "calendarYear": "2001",
    "period": "Q1",
    "revenue": 4700000000,
    "costOfRevenue": 2144000000,
    "grossProfit": 2556000000,
    "grossProfitRatio": 0.5438297872,
    "researchAndDevelopmentExpenses": 0,
    "generalAndAdministrativeExpenses": 0,
    "sellingAndMarketingExpenses": 0,
    "sellingGeneralAndAdministrativeExpenses": 1651000000,
    "otherExpenses": 36000000,
    "operatingExpenses": 1687000000,
    "costAndExpenses": 3831000000,
    "interestIncome": 0,
    "interestExpense": 0,
    "depreciationAndAmortization": 208000000,
    "ebitda": 1077000000,
    "ebitdaratio": 0.2291489362,
    "operatingIncome": 869000000,
    "operatingIncomeRatio": 0.184893617,
    "totalOtherIncomeExpensesNet": -31000000,
    "incomeBeforeTax": 838000000,
    "incomeBeforeTaxRatio": 0.1782978723,
    "incomeTaxExpense": 268000000,
    "netIncome": 570000000,
    "netIncomeRatio": 0.1212765957,
    "eps": 0.33,
    "epsdiluted": 0.32,
    "weightedAverageShsOut": 1724242424,
    "weightedAverageShsOutDil": 1778125000,
    "link": "https://www.sec.gov/Archives/edgar/data/77476/000007747601500046/0000077476-01-500046-index.htm",
    "finalLink": "https://www.sec.gov/Archives/edgar/data/77476/000007747601500046/q10.htm"
  },
  {
    "date": "2000-12-30",
    "symbol": "PEP",
    "reportedCurrency": "USD",
    "cik": "0000077476",
    "fillingDate": "2001-03-15",
    "acceptedDate": "2001-03-15 00:00:00",
    "calendarYear": "2000",
    "period": "Q4",
    "revenue": 6410000000,
    "costOfRevenue": 2234000000,
    "grossProfit": 4176000000,
    "grossProfitRatio": 0.6514820593,
    "researchAndDevelopmentExpenses": 0,
    "generalAndAdministrativeExpenses": 0,
    "sellingAndMarketingExpenses": 0,
    "sellingGeneralAndAdministrativeExpenses": 2923000000,
    "otherExpenses": 318000000,
    "operatingExpenses": 3241000000,
    "costAndExpenses": 5475000000,
    "interestIncome": 0,
    "interestExpense": 0,
    "depreciationAndAmortization": 318000000,
    "ebitda": 1253000000,
    "ebitdaratio": 0.195475819,
    "operatingIncome": 935000000,
    "operatingIncomeRatio": 0.1458658346,
    "totalOtherIncomeExpensesNet": -37000000,
    "incomeBeforeTax": 898000000,
    "incomeBeforeTaxRatio": 0.1400936037,
    "incomeTaxExpense": 287000000,
    "netIncome": 611000000,
    "netIncomeRatio": 0.0953198128,
    "eps": 0.39,
    "epsdiluted": 0.39,
    "weightedAverageShsOut": 1720571429,
    "weightedAverageShsOutDil": 1798000000,
    "link": "https://www.sec.gov/Archives/edgar/data/77476/000007747601500016/0000077476-01-500016-index.htm",
    "finalLink": "https://www.sec.gov/Archives/edgar/data/77476/000007747601500016/k2000.htm"
  },
  {
    "date": "2000-09-02",
    "symbol": "PEP",
    "reportedCurrency": "USD",
    "cik": "0000077476",
    "fillingDate": "2000-10-11",
    "acceptedDate": "2000-10-11 00:00:00",
    "calendarYear": "2000",
    "period": "Q3",
    "revenue": 6421000000,
    "costOfRevenue": 2539000000,
    "grossProfit": 3882000000,
    "grossProfitRatio": 0.6045787261,
    "researchAndDevelopmentExpenses": 0,
    "generalAndAdministrativeExpenses": 0,
    "sellingAndMarketingExpenses": 0,
    "sellingGeneralAndAdministrativeExpenses": 2750000000,
    "otherExpenses": 40000000,
    "operatingExpenses": 2790000000,
    "costAndExpenses": 5329000000,
    "interestIncome": 0,
    "interestExpense": 0,
    "depreciationAndAmortization": 293000000,
    "ebitda": 1391000000,
    "ebitdaratio": 0.2166329232,
    "operatingIncome": 1092000000,
    "operatingIncomeRatio": 0.1700669678,
    "totalOtherIncomeExpensesNet": 30000000,
    "incomeBeforeTax": 1122000000,
    "incomeBeforeTaxRatio": 0.1747391372,
    "incomeTaxExpense": 367000000,
    "netIncome": 755000000,
    "netIncomeRatio": 0.117582931,
    "eps": 0.43,
    "epsdiluted": 0.42,
    "weightedAverageShsOut": 1755813953,
    "weightedAverageShsOutDil": 1797619048,
    "link": "https://www.sec.gov/Archives/edgar/data/77476/000007747600000037/0000077476-00-000037-index.htm",
    "finalLink": "https://www.sec.gov/Archives/edgar/data/77476/000007747600000037/0000077476-00-000037-0001.htm"
  },
  {
    "date": "2000-06-10",
    "symbol": "PEP",
    "reportedCurrency": "USD",
    "cik": "0000077476",
    "fillingDate": "2000-07-20",
    "acceptedDate": "2000-07-20 00:00:00",
    "calendarYear": "2000",
    "period": "Q2",
    "revenue": 4928000000,
    "costOfRevenue": 1707000000,
    "grossProfit": 3221000000,
    "grossProfitRatio": 0.653612013,
    "researchAndDevelopmentExpenses": 0,
    "generalAndAdministrativeExpenses": 0,
    "sellingAndMarketingExpenses": 0,
    "sellingGeneralAndAdministrativeExpenses": 2196000000,
    "otherExpenses": 216000000,
    "operatingExpenses": 2412000000,
    "costAndExpenses": 4119000000,
    "interestIncome": 0,
    "interestExpense": 0,
    "depreciationAndAmortization": 216000000,
    "ebitda": 1025000000,
    "ebitdaratio": 0.2079951299,
    "operatingIncome": 809000000,
    "operatingIncomeRatio": 0.164163961,
    "totalOtherIncomeExpensesNet": 19000000,
    "incomeBeforeTax": 828000000,
    "incomeBeforeTaxRatio": 0.1680194805,
    "incomeTaxExpense": 265000000,
    "netIncome": 563000000,
    "netIncomeRatio": 0.1142451299,
    "eps": 0.39,
    "epsdiluted": 0.38,
    "weightedAverageShsOut": 1443000000,
    "weightedAverageShsOutDil": 1468000000,
    "link": "https://www.sec.gov/Archives/edgar/data/77476/000007747600000032/0000077476-00-000032-index.htm",
    "finalLink": "https://www.sec.gov/Archives/edgar/data/77476/000007747600000032/0000077476-00-000032-0001.htm"
  },
  {
    "date": "2000-03-18",
    "symbol": "PEP",
    "reportedCurrency": "USD",
    "cik": "0000077476",
    "fillingDate": "2000-04-26",
    "acceptedDate": "2000-04-26 00:00:00",
    "calendarYear": "2000",
    "period": "Q1",
    "revenue": 4191000000,
    "costOfRevenue": 1507000000,
    "grossProfit": 2684000000,
    "grossProfitRatio": 0.6404199475,
    "researchAndDevelopmentExpenses": 0,
    "generalAndAdministrativeExpenses": 0,
    "sellingAndMarketingExpenses": 0,
    "sellingGeneralAndAdministrativeExpenses": 1827000000,
    "otherExpenses": 202000000,
    "operatingExpenses": 2029000000,
    "costAndExpenses": 3536000000,
    "interestIncome": 0,
    "interestExpense": 0,
    "depreciationAndAmortization": 202000000,
    "ebitda": 857000000,
    "ebitdaratio": 0.2044858029,
    "operatingIncome": 655000000,
    "operatingIncomeRatio": 0.1562872823,
    "totalOtherIncomeExpensesNet": -35000000,
    "incomeBeforeTax": 620000000,
    "incomeBeforeTaxRatio": 0.1479360534,
    "incomeTaxExpense": 198000000,
    "netIncome": 422000000,
    "netIncomeRatio": 0.100691959,
    "eps": 0.29,
    "epsdiluted": 0.29,
    "weightedAverageShsOut": 1450000000,
    "weightedAverageShsOutDil": 1472000000,
    "link": "https://www.sec.gov/Archives/edgar/data/77476/000007747600000013/0000077476-00-000013-index.html",
    "finalLink": "https://www.sec.gov/Archives/edgar/data/77476/000007747600000013/"
  },
  {
    "date": "1999-12-25",
    "symbol": "PEP",
    "reportedCurrency": "USD",
    "cik": "0000077476",
    "fillingDate": "2000-03-21",
    "acceptedDate": "2000-03-21 00:00:00",
    "calendarYear": "1999",
    "period": "Q4",
    "revenue": 5680000000,
    "costOfRevenue": 1990000000,
    "grossProfit": 3690000000,
    "grossProfitRatio": 0.6496478873,
    "researchAndDevelopmentExpenses": 0,
    "generalAndAdministrativeExpenses": 0,
    "sellingAndMarketingExpenses": 0,
    "sellingGeneralAndAdministrativeExpenses": 2620000000,
    "otherExpenses": 306000000,
    "operatingExpenses": 2926000000,
    "costAndExpenses": 4916000000,
    "interestIncome": 0,
    "interestExpense": 0,
    "depreciationAndAmortization": 306000000,
    "ebitda": 1070000000,
    "ebitdaratio": 0.1883802817,
    "operatingIncome": 764000000,
    "operatingIncomeRatio": 0.1345070423,
    "totalOtherIncomeExpensesNet": -41000000,
    "incomeBeforeTax": 723000000,
    "incomeBeforeTaxRatio": 0.1272887324,
    "incomeTaxExpense": 233000000,
    "netIncome": 490000000,
    "netIncomeRatio": 0.0862676056,
    "eps": 0.34,
    "epsdiluted": 0.33,
    "weightedAverageShsOut": 1448905660,
    "weightedAverageShsOutDil": 1477000000,
    "link": "https://www.sec.gov/Archives/edgar/data/77476/000007747600000006/0000077476-00-000006-index.html",
    "finalLink": "https://www.sec.gov/Archives/edgar/data/77476/000007747600000006/"
  },
  {
    "date": "1999-09-04",
    "symbol": "PEP",
    "reportedCurrency": "USD",
    "cik": "0000077476",
    "fillingDate": "1999-10-18",
    "acceptedDate": "1999-10-18 00:00:00",
    "calendarYear": "1999",
    "period": "Q3",
    "revenue": 4591000000,
    "costOfRevenue": 1634000000,
    "grossProfit": 2957000000,
    "grossProfitRatio": 0.6440862557,
    "researchAndDevelopmentExpenses": 0,
    "generalAndAdministrativeExpenses": 0,
    "sellingAndMarketingExpenses": 0,
    "sellingGeneralAndAdministrativeExpenses": 2025000000,
    "otherExpenses": 194000000,
    "operatingExpenses": 2219000000,
    "costAndExpenses": 3853000000,
    "interestIncome": 0,
    "interestExpense": 0,
    "depreciationAndAmortization": 194000000,
    "ebitda": 932000000,
    "ebitdaratio": 0.2030058811,
    "operatingIncome": 738000000,
    "operatingIncomeRatio": 0.1607492921,
    "totalOtherIncomeExpensesNet": 12000000,
    "incomeBeforeTax": 750000000,
    "incomeBeforeTaxRatio": 0.1633631017,
    "incomeTaxExpense": 266000000,
    "netIncome": 484000000,
    "netIncomeRatio": 0.105423655,
    "eps": 0.33,
    "epsdiluted": 0.32,
    "weightedAverageShsOut": 1466666667,
    "weightedAverageShsOutDil": 1512500000,
    "link": "https://www.sec.gov/Archives/edgar/data/77476/000007747699000053/0000077476-99-000053-index.html",
    "finalLink": "https://www.sec.gov/Archives/edgar/data/77476/000007747699000053/"
  },
  {
    "date": "1999-06-12",
    "symbol": "PEP",
    "reportedCurrency": "USD",
    "cik": "0000077476",
    "fillingDate": "1999-07-26",
    "acceptedDate": "1999-07-26 00:00:00",
    "calendarYear": "1999",
    "period": "Q2",
    "revenue": 4982000000,
    "costOfRevenue": 1822000000,
    "grossProfit": 3160000000,
    "grossProfitRatio": 0.6342834203,
    "researchAndDevelopmentExpenses": 0,
    "generalAndAdministrativeExpenses": 0,
    "sellingAndMarketingExpenses": 0,
    "sellingGeneralAndAdministrativeExpenses": 2208000000,
    "otherExpenses": 231000000,
    "operatingExpenses": 2439000000,
    "costAndExpenses": 4261000000,
    "interestIncome": 0,
    "interestExpense": 0,
    "depreciationAndAmortization": 231000000,
    "ebitda": 952000000,
    "ebitdaratio": 0.1910879165,
    "operatingIncome": 721000000,
    "operatingIncomeRatio": 0.1447209956,
    "totalOtherIncomeExpensesNet": 971000000,
    "incomeBeforeTax": 1692000000,
    "incomeBeforeTaxRatio": 0.3396226415,
    "incomeTaxExpense": 949000000,
    "netIncome": 743000000,
    "netIncomeRatio": 0.1491368928,
    "eps": 0.5,
    "epsdiluted": 0.49,
    "weightedAverageShsOut": 1486000000,
    "weightedAverageShsOutDil": 1516326531,
    "link": "https://www.sec.gov/Archives/edgar/data/77476/000007747699000047/0000077476-99-000047-index.html",
    "finalLink": "https://www.sec.gov/Archives/edgar/data/77476/000007747699000047/"
  },
  {
    "date": "1999-03-20",
    "symbol": "PEP",
    "reportedCurrency": "USD",
    "cik": "0000077476",
    "fillingDate": "1999-05-04",
    "acceptedDate": "1999-05-04 00:00:00",
    "calendarYear": "1999",
    "period": "Q1",
    "revenue": 5114000000,
    "costOfRevenue": 1903000000,
    "grossProfit": 3211000000,
    "grossProfitRatio": 0.6278842393,
    "researchAndDevelopmentExpenses": 0,
    "generalAndAdministrativeExpenses": 0,
    "sellingAndMarketingExpenses": 0,
    "sellingGeneralAndAdministrativeExpenses": 2250000000,
    "otherExpenses": 301000000,
    "operatingExpenses": 2551000000,
    "costAndExpenses": 4454000000,
    "interestIncome": 0,
    "interestExpense": 0,
    "depreciationAndAmortization": 301000000,
    "ebitda": 961000000,
    "ebitdaratio": 0.187915526,
    "operatingIncome": 660000000,
    "operatingIncomeRatio": 0.1290574892,
    "totalOtherIncomeExpensesNet": -169000000,
    "incomeBeforeTax": 491000000,
    "incomeBeforeTaxRatio": 0.0960109503,
    "incomeTaxExpense": 158000000,
    "netIncome": 333000000,
    "netIncomeRatio": 0.0651153696,
    "eps": 0.23,
    "epsdiluted": 0.22,
    "weightedAverageShsOut": 1447826087,
    "weightedAverageShsOutDil": 1513636364,
    "link": "https://www.sec.gov/Archives/edgar/data/77476/000007747699000026/0000077476-99-000026-index.html",
    "finalLink": "https://www.sec.gov/Archives/edgar/data/77476/"
  },
  {
    "date": "1998-12-26",
    "symbol": "PEP",
    "reportedCurrency": "USD",
    "cik": "0000077476",
    "fillingDate": "1999-03-24",
    "acceptedDate": "1999-03-24 00:00:00",
    "calendarYear": "1998",
    "period": "Q4",
    "revenue": 7193000000,
    "costOfRevenue": 2793000000,
    "grossProfit": 4400000000,
    "grossProfitRatio": 0.6117058251,
    "researchAndDevelopmentExpenses": 0,
    "generalAndAdministrativeExpenses": 0,
    "sellingAndMarketingExpenses": 0,
    "sellingGeneralAndAdministrativeExpenses": 3343000000,
    "otherExpenses": 442000000,
    "operatingExpenses": 3785000000,
    "costAndExpenses": 6578000000,
    "interestIncome": 0,
    "interestExpense": 0,
    "depreciationAndAmortization": 442000000,
    "ebitda": 1057000000,
    "ebitdaratio": 0.1469484221,
    "operatingIncome": 615000000,
    "operatingIncomeRatio": 0.0854997915,
    "totalOtherIncomeExpensesNet": -427000000,
    "incomeBeforeTax": 188000000,
    "incomeBeforeTaxRatio": 0.0261365216,
    "incomeTaxExpense": -173000000,
    "netIncome": 361000000,
    "netIncomeRatio": 0.0501876825,
    "eps": 0.25,
    "epsdiluted": 0.24,
    "weightedAverageShsOut": 1469090909,
    "weightedAverageShsOutDil": 1496000000,
    "link": "https://www.sec.gov/Archives/edgar/data/77476/000007747699000013/0000077476-99-000013-index.html",
    "finalLink": "https://www.sec.gov/Archives/edgar/data/77476/"
  },
  {
    "date": "1998-09-05",
    "symbol": "PEP",
    "reportedCurrency": "USD",
    "cik": "0000077476",
    "fillingDate": "1998-10-20",
    "acceptedDate": "1998-10-20 00:00:00",
    "calendarYear": "1998",
    "period": "Q3",
    "revenue": 5544000000,
    "costOfRevenue": 2060000000,
    "grossProfit": 3484000000,
    "grossProfitRatio": 0.6284271284,
    "researchAndDevelopmentExpenses": 0,
    "generalAndAdministrativeExpenses": 0,
    "sellingAndMarketingExpenses": 0,
    "sellingGeneralAndAdministrativeExpenses": 2326000000,
    "otherExpenses": 269000000,
    "operatingExpenses": 2595000000,
    "costAndExpenses": 4655000000,
    "interestIncome": 0,
    "interestExpense": 0,
    "depreciationAndAmortization": 269000000,
    "ebitda": 1158000000,
    "ebitdaratio": 0.2088744589,
    "operatingIncome": 889000000,
    "operatingIncomeRatio": 0.1603535354,
    "totalOtherIncomeExpensesNet": -77000000,
    "incomeBeforeTax": 812000000,
    "incomeBeforeTaxRatio": 0.1464646465,
    "incomeTaxExpense": 51000000,
    "netIncome": 761000000,
    "netIncomeRatio": 0.1372655123,
    "eps": 0.52,
    "epsdiluted": 0.5,
    "weightedAverageShsOut": 1463461538,
    "weightedAverageShsOutDil": 1522000000,
    "link": "https://www.sec.gov/Archives/edgar/data/77476/000007747698000043/0000077476-98-000043-index.html",
    "finalLink": "https://www.sec.gov/Archives/edgar/data/77476/"
  },
  {
    "date": "1998-06-13",
    "symbol": "PEP",
    "reportedCurrency": "USD",
    "cik": "0000077476",
    "fillingDate": "1998-07-28",
    "acceptedDate": "1998-07-28 00:00:00",
    "calendarYear": "1998",
    "period": "Q2",
    "revenue": 5258000000,
    "costOfRevenue": 1917000000,
    "grossProfit": 3341000000,
    "grossProfitRatio": 0.6354127045,
    "researchAndDevelopmentExpenses": 0,
    "generalAndAdministrativeExpenses": 0,
    "sellingAndMarketingExpenses": 0,
    "sellingGeneralAndAdministrativeExpenses": 2286000000,
    "otherExpenses": 277000000,
    "operatingExpenses": 2563000000,
    "costAndExpenses": 4480000000,
    "interestIncome": 0,
    "interestExpense": 0,
    "depreciationAndAmortization": 277000000,
    "ebitda": 1055000000,
    "ebitdaratio": 0.2006466337,
    "operatingIncome": 778000000,
    "operatingIncomeRatio": 0.1479650057,
    "totalOtherIncomeExpensesNet": -61000000,
    "incomeBeforeTax": 717000000,
    "incomeBeforeTaxRatio": 0.1363636364,
    "incomeTaxExpense": 223000000,
    "netIncome": 494000000,
    "netIncomeRatio": 0.093952073,
    "eps": 0.33,
    "epsdiluted": 0.33,
    "weightedAverageShsOut": 1496969697,
    "weightedAverageShsOutDil": 1496969697,
    "link": "https://www.sec.gov/Archives/edgar/data/77476/000007747698000035/0000077476-98-000035-index.html",
    "finalLink": "https://www.sec.gov/Archives/edgar/data/77476/"
  },
  {
    "date": "1998-03-21",
    "symbol": "PEP",
    "reportedCurrency": "USD",
    "cik": "0000077476",
    "fillingDate": "1998-05-05",
    "acceptedDate": "1998-05-05 00:00:00",
    "calendarYear": "1998",
    "period": "Q1",
    "revenue": 4353000000,
    "costOfRevenue": 1548000000,
    "grossProfit": 2805000000,
    "grossProfitRatio": 0.644383184,
    "researchAndDevelopmentExpenses": 0,
    "generalAndAdministrativeExpenses": 0,
    "sellingAndMarketingExpenses": 0,
    "sellingGeneralAndAdministrativeExpenses": 1969000000,
    "otherExpenses": 246000000,
    "operatingExpenses": 2215000000,
    "costAndExpenses": 3763000000,
    "interestIncome": 0,
    "interestExpense": 0,
    "depreciationAndAmortization": 246000000,
    "ebitda": 836000000,
    "ebitdaratio": 0.1920514588,
    "operatingIncome": 590000000,
    "operatingIncomeRatio": 0.1355387089,
    "totalOtherIncomeExpensesNet": -44000000,
    "incomeBeforeTax": 546000000,
    "incomeBeforeTaxRatio": 0.1254307374,
    "incomeTaxExpense": 169000000,
    "netIncome": 377000000,
    "netIncomeRatio": 0.0866069377,
    "eps": 0.25,
    "epsdiluted": 0.24,
    "weightedAverageShsOut": 1508000000,
    "weightedAverageShsOutDil": 1570833333,
    "link": "https://www.sec.gov/Archives/edgar/data/77476/000007747698000024/0000077476-98-000024-index.html",
    "finalLink": "https://www.sec.gov/Archives/edgar/data/77476/"
  },
  {
    "date": "1997-12-27",
    "symbol": "PEP",
    "reportedCurrency": "USD",
    "cik": "0000077476",
    "fillingDate": "1998-03-24",
    "acceptedDate": "1998-03-24 00:00:00",
    "calendarYear": "1997",
    "period": "Q4",
    "revenue": 6256000000,
    "costOfRevenue": 2256000000,
    "grossProfit": 4000000000,
    "grossProfitRatio": 0.6393861893,
    "researchAndDevelopmentExpenses": 0,
    "generalAndAdministrativeExpenses": 0,
    "sellingAndMarketingExpenses": 0,
    "sellingGeneralAndAdministrativeExpenses": 2634000000,
    "otherExpenses": 360000000,
    "operatingExpenses": 2994000000,
    "costAndExpenses": 5250000000,
    "interestIncome": 0,
    "interestExpense": 0,
    "depreciationAndAmortization": 360000000,
    "ebitda": 1366000000,
    "ebitdaratio": 0.2183503836,
    "operatingIncome": 1006000000,
    "operatingIncomeRatio": 0.1608056266,
    "totalOtherIncomeExpensesNet": -339000000,
    "incomeBeforeTax": 667000000,
    "incomeBeforeTaxRatio": 0.1066176471,
    "incomeTaxExpense": 221000000,
    "netIncome": 401000000,
    "netIncomeRatio": 0.0640984655,
    "eps": 0.27,
    "epsdiluted": 0.26,
    "weightedAverageShsOut": 1489876106,
    "weightedAverageShsOutDil": 1555000000,
    "link": "https://www.sec.gov/Archives/edgar/data/77476/000007747698000014/0000077476-98-000014-index.html",
    "finalLink": "https://www.sec.gov/Archives/edgar/data/77476/"
  },
  {
    "date": "1997-09-06",
    "symbol": "PEP",
    "reportedCurrency": "USD",
    "cik": "0000077476",
    "fillingDate": "1997-10-22",
    "acceptedDate": "1997-10-22 00:00:00",
    "calendarYear": "1997",
    "period": "Q3",
    "revenue": 5362000000,
    "costOfRevenue": 2226000000,
    "grossProfit": 3136000000,
    "grossProfitRatio": 0.5848563969,
    "researchAndDevelopmentExpenses": 0,
    "generalAndAdministrativeExpenses": 0,
    "sellingAndMarketingExpenses": 0,
    "sellingGeneralAndAdministrativeExpenses": 2209000000,
    "otherExpenses": -2000000,
    "operatingExpenses": 2207000000,
    "costAndExpenses": 4433000000,
    "interestIncome": 0,
    "interestExpense": 0,
    "depreciationAndAmortization": -2000000,
    "ebitda": 927000000,
    "ebitdaratio": 0.1728832525,
    "operatingIncome": 929000000,
    "operatingIncomeRatio": 0.1732562477,
    "totalOtherIncomeExpensesNet": -92000000,
    "incomeBeforeTax": 837000000,
    "incomeBeforeTaxRatio": 0.1560984707,
    "incomeTaxExpense": 286000000,
    "netIncome": 658000000,
    "netIncomeRatio": 0.1227154047,
    "eps": 0.43,
    "epsdiluted": 0.42,
    "weightedAverageShsOut": 1530232558,
    "weightedAverageShsOutDil": 1566666667,
    "link": "https://www.sec.gov/Archives/edgar/data/77476/000007747697000026/0000077476-97-000026-index.html",
    "finalLink": "https://www.sec.gov/Archives/edgar/data/77476/0000077476-97-000026.txt"
  },
  {
    "date": "1997-06-14",
    "symbol": "PEP",
    "reportedCurrency": "USD",
    "cik": "0000077476",
    "fillingDate": "1997-07-29",
    "acceptedDate": "1997-07-29 00:00:00",
    "calendarYear": "1997",
    "period": "Q2",
    "revenue": 7707000000,
    "costOfRevenue": 3322000000,
    "grossProfit": 4385000000,
    "grossProfitRatio": 0.5689632801,
    "researchAndDevelopmentExpenses": 0,
    "generalAndAdministrativeExpenses": 0,
    "sellingAndMarketingExpenses": 0,
    "sellingGeneralAndAdministrativeExpenses": 2940000000,
    "otherExpenses": 386000000,
    "operatingExpenses": 3326000000,
    "costAndExpenses": 6648000000,
    "interestIncome": 0,
    "interestExpense": 0,
    "depreciationAndAmortization": 517000000,
    "ebitda": 1576000000,
    "ebitdaratio": 0.2044894252,
    "operatingIncome": 1059000000,
    "operatingIncomeRatio": 0.1374075516,
    "totalOtherIncomeExpensesNet": 20000000,
    "incomeBeforeTax": 1079000000,
    "incomeBeforeTaxRatio": 0.140002595,
    "incomeTaxExpense": 423000000,
    "netIncome": 656000000,
    "netIncomeRatio": 0.0851174257,
    "eps": 0.42,
    "epsdiluted": 0.42,
    "weightedAverageShsOut": 1561904762,
    "weightedAverageShsOutDil": 1561904762,
    "link": "https://www.sec.gov/Archives/edgar/data/77476/000007747697000015/0000077476-97-000015-index.html",
    "finalLink": "https://www.sec.gov/Archives/edgar/data/77476/"
  },
  {
    "date": "1997-03-22",
    "symbol": "PEP",
    "reportedCurrency": "USD",
    "cik": "0000077476",
    "fillingDate": "1997-05-05",
    "acceptedDate": "1997-05-05 00:00:00",
    "calendarYear": "1997",
    "period": "Q1",
    "revenue": 4213000000,
    "costOfRevenue": 1534000000,
    "grossProfit": 2679000000,
    "grossProfitRatio": 0.6358889153,
    "researchAndDevelopmentExpenses": 0,
    "generalAndAdministrativeExpenses": 0,
    "sellingAndMarketingExpenses": 0,
    "sellingGeneralAndAdministrativeExpenses": 1867000000,
    "otherExpenses": 231000000,
    "operatingExpenses": 2098000000,
    "costAndExpenses": 3632000000,
    "interestIncome": 0,
    "interestExpense": 0,
    "depreciationAndAmortization": 231000000,
    "ebitda": 812000000,
    "ebitdaratio": 0.1927367671,
    "operatingIncome": 581000000,
    "operatingIncomeRatio": 0.1379064799,
    "totalOtherIncomeExpensesNet": -103000000,
    "incomeBeforeTax": 478000000,
    "incomeBeforeTaxRatio": 0.1134583432,
    "incomeTaxExpense": 160000000,
    "netIncome": 427000000,
    "netIncomeRatio": 0.1013529551,
    "eps": 0.28,
    "epsdiluted": 0.27,
    "weightedAverageShsOut": 1525000000,
    "weightedAverageShsOutDil": 1581481481,
    "link": "https://www.sec.gov/Archives/edgar/data/77476/000007747697000011/0000077476-97-000011-index.html",
    "finalLink": "https://www.sec.gov/Archives/edgar/data/77476/"
  },
  {
    "date": "1996-12-28",
    "symbol": "PEP",
    "reportedCurrency": "USD",
    "cik": "0000077476",
    "fillingDate": "1997-03-25",
    "acceptedDate": "1997-03-25 00:00:00",
    "calendarYear": "1996",
    "period": "Q4",
    "revenue": 9533000000,
    "costOfRevenue": 4215000000,
    "grossProfit": 5318000000,
    "grossProfitRatio": 0.5578516731,
    "researchAndDevelopmentExpenses": 0,
    "generalAndAdministrativeExpenses": 0,
    "sellingAndMarketingExpenses": 0,
    "sellingGeneralAndAdministrativeExpenses": 3660000000,
    "otherExpenses": 542000000,
    "operatingExpenses": 4202000000,
    "costAndExpenses": 8417000000,
    "interestIncome": 0,
    "interestExpense": 0,
    "depreciationAndAmortization": 542000000,
    "ebitda": 1658000000,
    "ebitdaratio": 0.1739221651,
    "operatingIncome": 1116000000,
    "operatingIncomeRatio": 0.1170670303,
    "totalOtherIncomeExpensesNet": -969000000,
    "incomeBeforeTax": 147000000,
    "incomeBeforeTaxRatio": 0.0154201196,
    "incomeTaxExpense": 119000000,
    "netIncome": 28000000,
    "netIncomeRatio": 0.0029371656,
    "eps": 0.02,
    "epsdiluted": 0.03,
    "weightedAverageShsOut": 1519380282,
    "weightedAverageShsOutDil": 1585000000,
    "link": "https://www.sec.gov/Archives/edgar/data/77476/000007747697000007/0000077476-97-000007-index.html",
    "finalLink": "https://www.sec.gov/Archives/edgar/data/77476/"
  },
  {
    "date": "1996-09-07",
    "symbol": "PEP",
    "reportedCurrency": "USD",
    "cik": "0000077476",
    "fillingDate": "1996-10-22",
    "acceptedDate": "1996-10-22 00:00:00",
    "calendarYear": "1996",
    "period": "Q3",
    "revenue": 7867000000,
    "costOfRevenue": 3478000000,
    "grossProfit": 4389000000,
    "grossProfitRatio": 0.557900089,
    "researchAndDevelopmentExpenses": 0,
    "generalAndAdministrativeExpenses": 0,
    "sellingAndMarketingExpenses": 0,
    "sellingGeneralAndAdministrativeExpenses": 3419000000,
    "otherExpenses": 410000000,
    "operatingExpenses": 3829000000,
    "costAndExpenses": 7307000000,
    "interestIncome": 0,
    "interestExpense": 0,
    "depreciationAndAmortization": 410000000,
    "ebitda": 970000000,
    "ebitdaratio": 0.1232998602,
    "operatingIncome": 560000000,
    "operatingIncomeRatio": 0.0711834244,
    "totalOtherIncomeExpensesNet": -118000000,
    "incomeBeforeTax": 442000000,
    "incomeBeforeTaxRatio": 0.05618406,
    "incomeTaxExpense": 298000000,
    "netIncome": 144000000,
    "netIncomeRatio": 0.0183043091,
    "eps": 0.09,
    "epsdiluted": 0.09,
    "weightedAverageShsOut": 1600000000,
    "weightedAverageShsOutDil": 1600000000,
    "link": "https://www.sec.gov/Archives/edgar/data/77476/000007747696000059/0000077476-96-000059-index.html",
    "finalLink": "https://www.sec.gov/Archives/edgar/data/77476/"
  },
  {
    "date": "1996-06-15",
    "symbol": "PEP",
    "reportedCurrency": "USD",
    "cik": "0000077476",
    "fillingDate": "1996-07-30",
    "acceptedDate": "1996-07-30 00:00:00",
    "calendarYear": "1996",
    "period": "Q2",
    "revenue": 7691000000,
    "costOfRevenue": 3373000000,
    "grossProfit": 4318000000,
    "grossProfitRatio": 0.561435444,
    "researchAndDevelopmentExpenses": 0,
    "generalAndAdministrativeExpenses": 0,
    "sellingAndMarketingExpenses": 0,
    "sellingGeneralAndAdministrativeExpenses": 2939000000,
    "otherExpenses": 393000000,
    "operatingExpenses": 3332000000,
    "costAndExpenses": 6705000000,
    "interestIncome": 0,
    "interestExpense": 0,
    "depreciationAndAmortization": 393000000,
    "ebitda": 1379000000,
    "ebitdaratio": 0.1793004811,
    "operatingIncome": 986000000,
    "operatingIncomeRatio": 0.1282017943,
    "totalOtherIncomeExpensesNet": -116000000,
    "incomeBeforeTax": 870000000,
    "incomeBeforeTaxRatio": 0.1131192303,
    "incomeTaxExpense": 287000000,
    "netIncome": 583000000,
    "netIncomeRatio": 0.0758028865,
    "eps": 0.37,
    "epsdiluted": 0.36,
    "weightedAverageShsOut": 1575675676,
    "weightedAverageShsOutDil": 1619444444,
    "link": "https://www.sec.gov/Archives/edgar/data/77476/000007747696000043/0000077476-96-000043-index.html",
    "finalLink": "https://www.sec.gov/Archives/edgar/data/77476/"
  },
  {
    "date": "1996-03-23",
    "symbol": "PEP",
    "reportedCurrency": "USD",
    "cik": "0000077476",
    "fillingDate": "1996-05-06",
    "acceptedDate": "1996-05-06 00:00:00",
    "calendarYear": "1996",
    "period": "Q1",
    "revenue": 6554000000,
    "costOfRevenue": 2899000000,
    "grossProfit": 3655000000,
    "grossProfitRatio": 0.5576747025,
    "researchAndDevelopmentExpenses": 0,
    "generalAndAdministrativeExpenses": 0,
    "sellingAndMarketingExpenses": 0,
    "sellingGeneralAndAdministrativeExpenses": 2575000000,
    "otherExpenses": 374000000,
    "operatingExpenses": 2949000000,
    "costAndExpenses": 5848000000,
    "interestIncome": 0,
    "interestExpense": 0,
    "depreciationAndAmortization": 374000000,
    "ebitda": 1080000000,
    "ebitdaratio": 0.1647848642,
    "operatingIncome": 706000000,
    "operatingIncomeRatio": 0.107720476,
    "totalOtherIncomeExpensesNet": -118000000,
    "incomeBeforeTax": 588000000,
    "incomeBeforeTaxRatio": 0.0897162038,
    "incomeTaxExpense": 194000000,
    "netIncome": 394000000,
    "netIncomeRatio": 0.0601159597,
    "eps": 0.25,
    "epsdiluted": 0.24,
    "weightedAverageShsOut": 1576000000,
    "weightedAverageShsOutDil": 1641666667,
    "link": "https://www.sec.gov/Archives/edgar/data/77476/000007747696000034/0000077476-96-000034-index.html",
    "finalLink": "https://www.sec.gov/Archives/edgar/data/77476/"
  },
  {
    "date": "1995-12-30",
    "symbol": "PEP",
    "reportedCurrency": "USD",
    "cik": "0000077476",
    "fillingDate": "1996-03-26",
    "acceptedDate": "1996-03-26 00:00:00",
    "calendarYear": "1995",
    "period": "Q4",
    "revenue": 9251300000,
    "costOfRevenue": 3821700000,
    "grossProfit": 5429600000,
    "grossProfitRatio": 0.5869013004,
    "researchAndDevelopmentExpenses": 0,
    "generalAndAdministrativeExpenses": 0,
    "sellingAndMarketingExpenses": 0,
    "sellingGeneralAndAdministrativeExpenses": 4445700000,
    "otherExpenses": 525900000,
    "operatingExpenses": 4971600000,
    "costAndExpenses": 8793300000,
    "interestIncome": 0,
    "interestExpense": 0,
    "depreciationAndAmortization": 525900000,
    "ebitda": 983900000,
    "ebitdaratio": 0.1063526207,
    "operatingIncome": 458000000,
    "operatingIncomeRatio": 0.0495065558,
    "totalOtherIncomeExpensesNet": -158800000,
    "incomeBeforeTax": 299200000,
    "incomeBeforeTaxRatio": 0.0323414007,
    "incomeTaxExpense": 118300000,
    "netIncome": 180900000,
    "netIncomeRatio": 0.0195540086,
    "eps": 0.11,
    "epsdiluted": 0.11,
    "weightedAverageShsOut": 1628292135,
    "weightedAverageShsOutDil": 1654000000,
    "link": "https://www.sec.gov/Archives/edgar/data/77476/000007747696000023/0000077476-96-000023-index.html",
    "finalLink": "https://www.sec.gov/Archives/edgar/data/77476/"
  },
  {
    "date": "1995-09-09",
    "symbol": "PEP",
    "reportedCurrency": "USD",
    "cik": "0000077476",
    "fillingDate": "1995-10-23",
    "acceptedDate": "1995-10-23 00:00:00",
    "calendarYear": "1995",
    "period": "Q3",
    "revenue": 7693100000,
    "costOfRevenue": 3465200000,
    "grossProfit": 4227900000,
    "grossProfitRatio": 0.5495703942,
    "researchAndDevelopmentExpenses": 0,
    "generalAndAdministrativeExpenses": 0,
    "sellingAndMarketingExpenses": 0,
    "sellingGeneralAndAdministrativeExpenses": 2839700000,
    "otherExpenses": 357600000,
    "operatingExpenses": 3197300000,
    "costAndExpenses": 6662500000,
    "interestIncome": 0,
    "interestExpense": 0,
    "depreciationAndAmortization": 412100000,
    "ebitda": 1442700000,
    "ebitdaratio": 0.1875316842,
    "operatingIncome": 1030600000,
    "operatingIncomeRatio": 0.1339642017,
    "totalOtherIncomeExpensesNet": -129900000,
    "incomeBeforeTax": 900700000,
    "incomeBeforeTaxRatio": 0.1170789409,
    "incomeTaxExpense": 283900000,
    "netIncome": 616800000,
    "netIncomeRatio": 0.0801757419,
    "eps": 0.39,
    "epsdiluted": 0.39,
    "weightedAverageShsOut": 1581538462,
    "weightedAverageShsOutDil": 1581538462,
    "link": "https://www.sec.gov/Archives/edgar/data/77476/000007747695000069/0000077476-95-000069-index.html",
    "finalLink": "https://www.sec.gov/Archives/edgar/data/77476/"
  }
]