[
  {
    "date": "2024-12-28",
    "symbol": "PEP",
    "reportedCurrency": "USD",
    "cik": "0000077476",
    "fillingDate": "2025-02-04",
    "acceptedDate": "2025-02-03 18:22:47",
    "calendarYear": "2024",
    "period": "FY",
    "revenue": 91854000000,
    "costOfRevenue": 41744000000,
    "grossProfit": 50110000000,
    "grossProfitRatio": 0.5455396608,
    "researchAndDevelopmentExpenses": 0,
    "generalAndAdministrativeExpenses": 37190000000,
    "sellingAndMarketingExpenses": 0,
    "sellingGeneralAndAdministrativeExpenses": 37190000000,
    "otherExpenses": 33000000,
    "operatingExpenses": 37223000000,
    "costAndExpenses": 78967000000,
    "interestIncome": 0,
    "interestExpense": 919000000,
    "depreciationAndAmortization": 3815000000,
    "ebitda": 16680000000,
    "ebitdaratio": 0.1815925273,
    "operatingIncome": 12887000000,
    "operatingIncomeRatio": 0.1402987349,
    "totalOtherIncomeExpensesNet": -941000000,
    "incomeBeforeTax": 11946000000,
    "incomeBeforeTaxRatio": 0.1300542165,
    "incomeTaxExpense": 2320000000,
    "netIncome": 9578000000,
    "netIncomeRatio": 0.1042741742,
    "eps": 6.98,
    "epsdiluted": 6.95,
    "weightedAverageShsOut": 1373000000,
    "weightedAverageShsOutDil": 1378000000,
    "link": "https://www.sec.gov/Archives/edgar/data/77476/000007747625000007/0000077476-25-000007-index.htm",
    "finalLink": "https://www.sec.gov/Archives/edgar/data/77476/000007747625000007/pep-20241228.htm"
  },
  {
    "date": "2023-12-30",
    "symbol": "PEP",
    "reportedCurrency": "USD",
    "cik": "0000077476",
    "fillingDate": "2024-02-09",
    "acceptedDate": "2024-02-08 17:58:51",
    "calendarYear": "2023",
    "period": "FY",
    "revenue": 91471000000,
    "costOfRevenue": 41881000000,
    "grossProfit": 49590000000,
    "grossProfitRatio": 0.5421390386,
    "researchAndDevelopmentExpenses": 0,
    "generalAndAdministrativeExpenses": 36677000000,
    "sellingAndMarketingExpenses": 0,
    "sellingGeneralAndAdministrativeExpenses": 36677000000,
    "otherExpenses": 927000000,
    "operatingExpenses": 37604000000,
    "costAndExpenses": 79485000000,
    "interestIncome": 0,
    "interestExpense": 819000000,
    "depreciationAndAmortization": 3518000000,
    "ebitda": 15754000000,
    "ebitdaratio": 0.1722294498,
    "operatingIncome": 11986000000,
    "operatingIncomeRatio": 0.1310360661,
    "totalOtherIncomeExpensesNet": -569000000,
    "incomeBeforeTax": 11417000000,
    "incomeBeforeTaxRatio": 0.1248155153,
    "incomeTaxExpense": 2262000000,
    "netIncome": 9074000000,
    "netIncomeRatio": 0.0992008396,
    "eps": 6.59,
    "epsdiluted": 6.56,
    "weightedAverageShsOut": 1376000000,
    "weightedAverageShsOutDil": 1383000000,
    "link": "https://www.sec.gov/Archives/edgar/data/77476/000007747624000008/0000077476-24-000008-index.htm",
    "finalLink": "https://www.sec.gov/Archives/edgar/data/77476/000007747624000008/pep-20231230.htm"
  },
  {
    "date": "2022-12-31",
    "symbol": "PEP",
    "reportedCurrency": "USD",
    "cik": "0000077476",
    "fillingDate": "2023-02-09",
    "acceptedDate": "2023-02-08 18:06:37",
    "calendarYear": "2022",
    "period": "FY",
    "revenue": 86392000000,
    "costOfRevenue": 40576000000,
    "grossProfit": 45816000000,
    "grossProfitRatio": 0.5303268821,
    "researchAndDevelopmentExpenses": 0,
    "generalAndAdministrativeExpenses": 14259000000,
    "sellingAndMarketingExpenses": 20200000000,
    "sellingGeneralAndAdministrativeExpenses": 34459000000,
    "otherExpenses": -155000000,
    "operatingExpenses": 34304000000,
    "costAndExpenses": 74880000000,
    "interestIncome": 0,
    "interestExpense": 939000000,
    "depreciationAndAmortization": 3280000000,
    "ebitda": 14924000000,
    "ebitdaratio": 0.1727474766,
    "operatingIncome": 11512000000,
    "operatingIncomeRatio": 0.133253079,
    "totalOtherIncomeExpensesNet": -807000000,
    "incomeBeforeTax": 10705000000,
    "incomeBeforeTaxRatio": 0.1239119363,
    "incomeTaxExpense": 1727000000,
    "netIncome": 8910000000,
    "netIncomeRatio": 0.1031345495,
    "eps": 6.46,
    "epsdiluted": 6.42,
    "weightedAverageShsOut": 1380000000,
    "weightedAverageShsOutDil": 1387000000,
    "link": "https://www.sec.gov/Archives/edgar/data/77476/000007747623000007/0000077476-23-000007-index.htm",
    "finalLink": "https://www.sec.gov/Archives/edgar/data/77476/000007747623000007/pep-20221231.htm"
  },
  {
    "date": "2021-12-25",
    "symbol": "PEP",
    "reportedCurrency": "USD",
    "cik": "0000077476",
    "fillingDate": "2022-02-10",
    "acceptedDate": "2022-02-09 18:03:39",
    "calendarYear": "2021",
    "period": "FY",
    "revenue": 79474000000,
    "costOfRevenue": 37075000000,
    "grossProfit": 42399000000,
    "grossProfitRatio": 0.5334952311,
    "researchAndDevelopmentExpenses": 752000000,
    "generalAndAdministrativeExpenses": 11014000000,
    "sellingAndMarketingExpenses": 18800000000,
    "sellingGeneralAndAdministrativeExpenses": 29814000000,
    "otherExpenses": 700000000,
    "operatingExpenses": 31237000000,
    "costAndExpenses": 68312000000,
    "interestIncome": 0,
    "interestExpense": 1863000000,
    "depreciationAndAmortization": 3215000000,
    "ebitda": 14899000000,
    "ebitdaratio": 0.187470116,
    "operatingIncome": 11162000000,
    "operatingIncomeRatio": 0.1404484485,
    "totalOtherIncomeExpensesNet": -1341000000,
    "incomeBeforeTax": 9821000000,
    "incomeBeforeTaxRatio": 0.1235750057,
    "incomeTaxExpense": 2142000000,
    "netIncome": 7618000000,
    "netIncomeRatio": 0.0958552483,
    "eps": 5.51,
    "epsdiluted": 5.48,
    "weightedAverageShsOut": 1382000000,
    "weightedAverageShsOutDil": 1389000000,
    "link": "https://www.sec.gov/Archives/edgar/data/77476/000007747622000010/0000077476-22-000010-index.htm",
    "finalLink": "https://www.sec.gov/Archives/edgar/data/77476/000007747622000010/pep-20211225.htm"
  },
  {
    "date": "2020-12-26",
    "symbol": "PEP",
    "reportedCurrency": "USD",
    "cik": "0000077476",
    "fillingDate": "2021-02-11",
    "acceptedDate": "2021-02-10 17:41:49",
    "calendarYear": "2020",
    "period": "FY",
    "revenue": 70372000000,
    "costOfRevenue": 31797000000,
    "grossProfit": 38575000000,
    "grossProfitRatio": 0.5481583584,
    "researchAndDevelopmentExpenses": 719000000,
    "generalAndAdministrativeExpenses": 10493000000,
    "sellingAndMarketingExpenses": 16500000000,
    "sellingGeneralAndAdministrativeExpenses": 26993000000,
    "otherExpenses": 845000000,
    "operatingExpenses": 28495000000,
    "costAndExpenses": 60292000000,
    "interestIncome": 0,
    "interestExpense": 1128000000,
    "depreciationAndAmortization": 3026000000,
    "ebitda": 13223000000,
    "ebitdaratio": 0.1879014381,
    "operatingIncome": 10080000000,
    "operatingIncomeRatio": 0.1432387882,
    "totalOtherIncomeExpensesNet": -1011000000,
    "incomeBeforeTax": 9069000000,
    "incomeBeforeTaxRatio": 0.1288722787,
    "incomeTaxExpense": 1894000000,
    "netIncome": 7120000000,
    "netIncomeRatio": 0.1011766043,
    "eps": 5.14,
    "epsdiluted": 5.11,
    "weightedAverageShsOut": 1385000000,
    "weightedAverageShsOutDil": 1392000000,
    "link": "https://www.sec.gov/Archives/edgar/data/77476/000007747621000007/0000077476-21-000007-index.htm",
    "finalLink": "https://www.sec.gov/Archives/edgar/data/77476/000007747621000007/pep-20201226.htm"
  },
  {
    "date": "2019-12-28",
    "symbol": "PEP",
    "reportedCurrency": "USD",
    "cik": "0000077476",
    "fillingDate": "2020-02-13",
    "acceptedDate": "2020-02-13 06:09:23",
    "calendarYear": "2019",
    "period": "FY",
    "revenue": 67161000000,
    "costOfRevenue": 30132000000,
    "grossProfit": 37029000000,
    "grossProfitRatio": 0.5513467637,
    "researchAndDevelopmentExpenses": 711000000,
    "generalAndAdministrativeExpenses": 10149000000,
    "sellingAndMarketingExpenses": 15600000000,
    "sellingGeneralAndAdministrativeExpenses": 25749000000,
    "otherExpenses": 427000000,
    "operatingExpenses": 26887000000,
    "costAndExpenses": 56870000000,
    "interestIncome": 200000000,
    "interestExpense": 1192000000,
    "depreciationAndAmortization": 2844000000,
    "ebitda": 13091000000,
    "ebitdaratio": 0.1949196706,
    "operatingIncome": 10291000000,
    "operatingIncomeRatio": 0.1532288084,
    "totalOtherIncomeExpensesNet": -979000000,
    "incomeBeforeTax": 9312000000,
    "incomeBeforeTaxRatio": 0.1386518962,
    "incomeTaxExpense": 1959000000,
    "netIncome": 7314000000,
    "netIncomeRatio": 0.1089024881,
    "eps": 5.23,
    "epsdiluted": 5.2,
    "weightedAverageShsOut": 1399000000,
    "weightedAverageShsOutDil": 1407000000,
    "link": "https://www.sec.gov/Archives/edgar/data/77476/000007747620000015/0000077476-20-000015-index.htm",
    "finalLink": "https://www.sec.gov/Archives/edgar/data/77476/000007747620000015/pepsico201910-k.htm"
  },
  {
    "date": "2018-12-29",
    "symbol": "PEP",
    "reportedCurrency": "USD",
    "cik": "0000077476",
    "fillingDate": "2019-02-15",
    "acceptedDate": "2019-02-15 16:23:02",
    "calendarYear": "2018",
    "period": "FY",
    "revenue": 64661000000,
    "costOfRevenue": 29381000000,
    "grossProfit": 35280000000,
    "grossProfitRatio": 0.5456148219,
    "researchAndDevelopmentExpenses": 680000000,
    "generalAndAdministrativeExpenses": 9527000000,
    "sellingAndMarketingExpenses": 14700000000,
    "sellingGeneralAndAdministrativeExpenses": 24227000000,
    "otherExpenses": 263000000,
    "operatingExpenses": 25170000000,
    "costAndExpenses": 54551000000,
    "interestIncome": 306000000,
    "interestExpense": 1353000000,
    "depreciationAndAmortization": 2399000000,
    "ebitda": 12807000000,
    "ebitdaratio": 0.1980637479,
    "operatingIncome": 10110000000,
    "operatingIncomeRatio": 0.1563539073,
    "totalOtherIncomeExpensesNet": -921000000,
    "incomeBeforeTax": 9189000000,
    "incomeBeforeTaxRatio": 0.1421103911,
    "incomeTaxExpense": -3370000000,
    "netIncome": 12515000000,
    "netIncomeRatio": 0.1935478882,
    "eps": 8.84,
    "epsdiluted": 8.78,
    "weightedAverageShsOut": 1415000000,
    "weightedAverageShsOutDil": 1425000000,
    "link": "https://www.sec.gov/Archives/edgar/data/77476/000007747619000017/0000077476-19-000017-index.htm",
    "finalLink": "https://www.sec.gov/Archives/edgar/data/77476/000007747619000017/pepsico201810-k.htm"
  },
  {
    "date": "2017-12-30",
    "symbol": "PEP",
    "reportedCurrency": "USD",
    "cik": "0000077476",
    "fillingDate": "2018-02-13",
    "acceptedDate": "2018-02-13 16:32:31",
    "calendarYear": "2017",
    "period": "FY",
    "revenue": 63525000000,
    "costOfRevenue": 28796000000,
    "grossProfit": 34729000000,
    "grossProfitRatio": 0.5466981503,
    "researchAndDevelopmentExpenses": 737000000,
    "generalAndAdministrativeExpenses": 9366000000,
    "sellingAndMarketingExpenses": 14000000000,
    "sellingGeneralAndAdministrativeExpenses": 23366000000,
    "otherExpenses": 350000000,
    "operatingExpenses": 24453000000,
    "costAndExpenses": 53249000000,
    "interestIncome": 244000000,
    "interestExpense": 1151000000,
    "depreciationAndAmortization": 2369000000,
    "ebitda": 13122000000,
    "ebitdaratio": 0.2065643447,
    "operatingIncome": 10276000000,
    "operatingIncomeRatio": 0.1617630854,
    "totalOtherIncomeExpensesNet": -674000000,
    "incomeBeforeTax": 9602000000,
    "incomeBeforeTaxRatio": 0.1511530893,
    "incomeTaxExpense": 4694000000,
    "netIncome": 4857000000,
    "netIncomeRatio": 0.0764580874,
    "eps": 3.42,
    "epsdiluted": 3.38,
    "weightedAverageShsOut": 1420000000,
    "weightedAverageShsOutDil": 1438000000,
    "link": "https://www.sec.gov/Archives/edgar/data/77476/000007747618000012/0000077476-18-000012-index.htm",
    "finalLink": "https://www.sec.gov/Archives/edgar/data/77476/000007747618000012/pepsico201710-k.htm"
  },
  {
    "date": "2016-12-31",
    "symbol": "PEP",
    "reportedCurrency": "USD",
    "cik": "0000077476",
    "fillingDate": "2017-02-15",
    "acceptedDate": "2017-02-15 16:35:15",
    "calendarYear": "2016",
    "period": "FY",
    "revenue": 62799000000,
    "costOfRevenue": 28222000000,
    "grossProfit": 34577000000,
    "grossProfitRatio": 0.5505979395,
    "researchAndDevelopmentExpenses": 760000000,
    "generalAndAdministrativeExpenses": 9684000000,
    "sellingAndMarketingExpenses": 13900000000,
    "sellingGeneralAndAdministrativeExpenses": 23584000000,
    "otherExpenses": 429000000,
    "operatingExpenses": 24773000000,
    "costAndExpenses": 52995000000,
    "interestIncome": 110000000,
    "interestExpense": 1342000000,
    "depreciationAndAmortization": 2368000000,
    "ebitda": 12263000000,
    "ebitdaratio": 0.1952738101,
    "operatingIncome": 9804000000,
    "operatingIncomeRatio": 0.1561171356,
    "totalOtherIncomeExpensesNet": -1251000000,
    "incomeBeforeTax": 8553000000,
    "incomeBeforeTaxRatio": 0.1361964362,
    "incomeTaxExpense": 2174000000,
    "netIncome": 6329000000,
    "netIncomeRatio": 0.1007818596,
    "eps": 4.39,
    "epsdiluted": 4.36,
    "weightedAverageShsOut": 1428000000,
    "weightedAverageShsOutDil": 1452000000,
    "link": "https://www.sec.gov/Archives/edgar/data/77476/000007747617000010/0000077476-17-000010-index.htm",
    "finalLink": "https://www.sec.gov/Archives/edgar/data/77476/000007747617000010/pepsico201610-k.htm"
  },
  {
    "date": "2015-12-26",
    "symbol": "PEP",
    "reportedCurrency": "USD",
    "cik": "0000077476",
    "fillingDate": "2016-02-11",
    "acceptedDate": "2016-02-11 16:40:10",
    "calendarYear": "2015",
    "period": "FY",
    "revenue": 63056000000,
    "costOfRevenue": 28731000000,
    "grossProfit": 34325000000,
    "grossProfitRatio": 0.5443573966,
    "researchAndDevelopmentExpenses": 754000000,
    "generalAndAdministrativeExpenses": 10262000000,
    "sellingAndMarketingExpenses": 13300000000,
    "sellingGeneralAndAdministrativeExpenses": 23562000000,
    "otherExpenses": 1656000000,
    "operatingExpenses": 25972000000,
    "costAndExpenses": 54703000000,
    "interestIncome": 59000000,
    "interestExpense": 970000000,
    "depreciationAndAmortization": 2416000000,
    "ebitda": 10828000000,
    "ebitdaratio": 0.1717203755,
    "operatingIncome": 8353000000,
    "operatingIncomeRatio": 0.1324695509,
    "totalOtherIncomeExpensesNet": -911000000,
    "incomeBeforeTax": 7442000000,
    "incomeBeforeTaxRatio": 0.1180220756,
    "incomeTaxExpense": 1941000000,
    "netIncome": 5452000000,
    "netIncomeRatio": 0.0864628267,
    "eps": 3.71,
    "epsdiluted": 3.67,
    "weightedAverageShsOut": 1448000000,
    "weightedAverageShsOutDil": 1485000000,
    "link": "https://www.sec.gov/Archives/edgar/data/77476/000007747616000066/0000077476-16-000066-index.htm",
    "finalLink": "https://www.sec.gov/Archives/edgar/data/77476/000007747616000066/pepsico201510-k.htm"
  },
  {
    "date": "2014-12-27",
    "symbol": "PEP",
    "reportedCurrency": "USD",
    "cik": "0000077476",
    "fillingDate": "2015-02-12",
    "acceptedDate": "2015-02-12 17:01:46",
    "calendarYear": "2014",
    "period": "FY",
    "revenue": 66683000000,
    "costOfRevenue": 31238000000,
    "grossProfit": 35445000000,
    "grossProfitRatio": 0.5315447715,
    "researchAndDevelopmentExpenses": 718000000,
    "generalAndAdministrativeExpenses": 21387000000,
    "sellingAndMarketingExpenses": 3900000000,
    "sellingGeneralAndAdministrativeExpenses": 25287000000,
    "otherExpenses": 0,
    "operatingExpenses": 25864000000,
    "costAndExpenses": 57102000000,
    "interestIncome": 85000000,
    "interestExpense": 909000000,
    "depreciationAndAmortization": 2625000000,
    "ebitda": 12291000000,
    "ebitdaratio": 0.1843198416,
    "operatingIncome": 9581000000,
    "operatingIncomeRatio": 0.1436797984,
    "totalOtherIncomeExpensesNet": -824000000,
    "incomeBeforeTax": 8757000000,
    "incomeBeforeTaxRatio": 0.1313228259,
    "incomeTaxExpense": 2199000000,
    "netIncome": 6513000000,
    "netIncomeRatio": 0.0976710706,
    "eps": 4.31,
    "epsdiluted": 4.27,
    "weightedAverageShsOut": 1488000000,
    "weightedAverageShsOutDil": 1527000000,
    "link": "https://www.sec.gov/Archives/edgar/data/77476/000007747615000012/0000077476-15-000012-index.htm",
    "finalLink": "https://www.sec.gov/Archives/edgar/data/77476/000007747615000012/pepsico201410-k.htm"
  },
  {
    "date": "2013-12-28",
    "symbol": "PEP",
    "reportedCurrency": "USD",
    "cik": "0000077476",
    "fillingDate": "2014-02-14",
    "acceptedDate": "2014-02-14 16:26:07",
    "calendarYear": "2013",
    "period": "FY",
    "revenue": 66415000000,
    "costOfRevenue": 31243000000,
    "grossProfit": 35172000000,
    "grossProfitRatio": 0.5295791613,
    "researchAndDevelopmentExpenses": 0,
    "generalAndAdministrativeExpenses": 21284000000,
    "sellingAndMarketingExpenses": 3900000000,
    "sellingGeneralAndAdministrativeExpenses": 24576000000,
    "otherExpenses": 110000000,
    "operatingExpenses": 25467000000,
    "costAndExpenses": 56710000000,
    "interestIncome": 97000000,
    "interestExpense": 911000000,
    "depreciationAndAmortization": 2663000000,
    "ebitda": 12465000000,
    "ebitdaratio": 0.1876835052,
    "operatingIncome": 9705000000,
    "operatingIncomeRatio": 0.146126628,
    "totalOtherIncomeExpensesNet": -814000000,
    "incomeBeforeTax": 8891000000,
    "incomeBeforeTaxRatio": 0.1338703606,
    "incomeTaxExpense": 2104000000,
    "netIncome": 6740000000,
    "netIncomeRatio": 0.1014830987,
    "eps": 4.37,
    "epsdiluted": 4.32,
    "weightedAverageShsOut": 1529000000,
    "weightedAverageShsOutDil": 1560000000,
    "link": "https://www.sec.gov/Archives/edgar/data/77476/000007747614000007/0000077476-14-000007-index.htm",
    "finalLink": "https://www.sec.gov/Archives/edgar/data/77476/000007747614000007/pepsico201310-k.htm"
  },
  {
    "date": "2012-12-29",
    "symbol": "PEP",
    "reportedCurrency": "USD",
    "cik": "0000077476",
    "fillingDate": "2013-02-21",
    "acceptedDate": "2013-02-21 16:46:15",
    "calendarYear": "2012",
    "period": "FY",
    "revenue": 65492000000,
    "costOfRevenue": 31291000000,
    "grossProfit": 34201000000,
    "grossProfitRatio": 0.5222164539,
    "researchAndDevelopmentExpenses": 0,
    "generalAndAdministrativeExpenses": 0,
    "sellingAndMarketingExpenses": 3700000000,
    "sellingGeneralAndAdministrativeExpenses": 24970000000,
    "otherExpenses": 119000000,
    "operatingExpenses": 25089000000,
    "costAndExpenses": 56380000000,
    "interestIncome": 91000000,
    "interestExpense": 899000000,
    "depreciationAndAmortization": 2689000000,
    "ebitda": 11892000000,
    "ebitdaratio": 0.1815794295,
    "operatingIncome": 9112000000,
    "operatingIncomeRatio": 0.139131497,
    "totalOtherIncomeExpensesNet": -808000000,
    "incomeBeforeTax": 8304000000,
    "incomeBeforeTaxRatio": 0.1267941123,
    "incomeTaxExpense": 2090000000,
    "netIncome": 6178000000,
    "netIncomeRatio": 0.0943321322,
    "eps": 3.96,
    "epsdiluted": 3.92,
    "weightedAverageShsOut": 1544000000,
    "weightedAverageShsOutDil": 1575000000,
    "link": "https://www.sec.gov/Archives/edgar/data/77476/000144530513000278/0001445305-13-000278-index.htm",
    "finalLink": "https://www.sec.gov/Archives/edgar/data/77476/000144530513000278/pepsico201210-k.htm"
  },
  {
    "date": "2011-12-31",
    "symbol": "PEP",
    "reportedCurrency": "USD",
    "cik": "0000077476",
    "fillingDate": "2012-02-27",
    "acceptedDate": "2012-02-27 16:50:56",
    "calendarYear": "2011",
    "period": "FY",
    "revenue": 66504000000,
    "costOfRevenue": 31593000000,
    "grossProfit": 34911000000,
    "grossProfitRatio": 0.5249458679,
    "researchAndDevelopmentExpenses": 0,
    "generalAndAdministrativeExpenses": 0,
    "sellingAndMarketingExpenses": 0,
    "sellingGeneralAndAdministrativeExpenses": 25145000000,
    "otherExpenses": 133000000,
    "operatingExpenses": 25278000000,
    "costAndExpenses": 56871000000,
    "interestIncome": 57000000,
    "interestExpense": 856000000,
    "depreciationAndAmortization": 2737000000,
    "ebitda": 12427000000,
    "ebitdaratio": 0.1868609407,
    "operatingIncome": 9633000000,
    "operatingIncomeRatio": 0.1448484302,
    "totalOtherIncomeExpensesNet": -799000000,
    "incomeBeforeTax": 8834000000,
    "incomeBeforeTaxRatio": 0.1328341152,
    "incomeTaxExpense": 2372000000,
    "netIncome": 6443000000,
    "netIncomeRatio": 0.0968813906,
    "eps": 4.12,
    "epsdiluted": 4.03,
    "weightedAverageShsOut": 1564000000,
    "weightedAverageShsOutDil": 1597000000,
    "link": "https://www.sec.gov/Archives/edgar/data/77476/000119312512081822/0001193125-12-081822-index.htm",
    "finalLink": "https://www.sec.gov/Archives/edgar/data/77476/000119312512081822/d269581d10k.htm"
  },
  {
    "date": "2010-12-25",
    "symbol": "PEP",
    "reportedCurrency": "USD",
    "cik": "0000077476",
    "fillingDate": "2011-02-18",
    "acceptedDate": "2011-02-18 16:57:00",
    "calendarYear": "2010",
    "period": "FY",
    "revenue": 57838000000,
    "costOfRevenue": 26575000000,
    "grossProfit": 31263000000,
    "grossProfitRatio": 0.5405269892,
    "researchAndDevelopmentExpenses": 0,
    "generalAndAdministrativeExpenses": 0,
    "sellingAndMarketingExpenses": 0,
    "sellingGeneralAndAdministrativeExpenses": 22814000000,
    "otherExpenses": 117000000,
    "operatingExpenses": 22931000000,
    "costAndExpenses": 49506000000,
    "interestIncome": 68000000,
    "interestExpense": 903000000,
    "depreciationAndAmortization": 2327000000,
    "ebitda": 11462000000,
    "ebitdaratio": 0.1981742107,
    "operatingIncome": 8332000000,
    "operatingIncomeRatio": 0.14405754,
    "totalOtherIncomeExpensesNet": -100000000,
    "incomeBeforeTax": 8232000000,
    "incomeBeforeTaxRatio": 0.1423285729,
    "incomeTaxExpense": 1894000000,
    "netIncome": 6320000000,
    "netIncomeRatio": 0.1092707217,
    "eps": 3.97,
    "epsdiluted": 3.91,
    "weightedAverageShsOut": 1590000000,
    "weightedAverageShsOutDil": 1614000000,
    "link": "https://www.sec.gov/Archives/edgar/data/77476/000119312511040427/0001193125-11-040427-index.htm",
    "finalLink": "https://www.sec.gov/Archives/edgar/data/77476/000119312511040427/d10k.htm"
  },
  {
    "date": "2009-12-26",
    "symbol": "PEP",
    "reportedCurrency": "USD",
    "cik": "0000077476",
    "fillingDate": "2010-02-22",
    "acceptedDate": "2010-02-22 16:19:59",
    "calendarYear": "2009",
    "period": "FY",
    "revenue": 43232000000,
    "costOfRevenue": 20099000000,
    "grossProfit": 23133000000,
    "grossProfitRatio": 0.5350897483,
    "researchAndDevelopmentExpenses": 0,
    "generalAndAdministrativeExpenses": 0,
    "sellingAndMarketingExpenses": 0,
    "sellingGeneralAndAdministrativeExpenses": 15026000000,
    "otherExpenses": 63000000,
    "operatingExpenses": 15089000000,
    "costAndExpenses": 35188000000,
    "interestIncome": 67000000,
    "interestExpense": 397000000,
    "depreciationAndAmortization": 1635000000,
    "ebitda": 10111000000,
    "ebitdaratio": 0.2338776832,
    "operatingIncome": 8044000000,
    "operatingIncomeRatio": 0.1860658771,
    "totalOtherIncomeExpensesNet": 35000000,
    "incomeBeforeTax": 8079000000,
    "incomeBeforeTaxRatio": 0.1868754626,
    "incomeTaxExpense": 2100000000,
    "netIncome": 5946000000,
    "netIncomeRatio": 0.1375370096,
    "eps": 3.8,
    "epsdiluted": 3.77,
    "weightedAverageShsOut": 1557000000,
    "weightedAverageShsOutDil": 1577000000,
    "link": "https://www.sec.gov/Archives/edgar/data/77476/000119312510036385/0001193125-10-036385-index.htm",
    "finalLink": "https://www.sec.gov/Archives/edgar/data/77476/000119312510036385/d10k.htm"
  },
  {
    "date": "2008-12-27",
    "symbol": "PEP",
    "reportedCurrency": "USD",
    "cik": "0000077476",
    "fillingDate": "2009-02-19",
    "acceptedDate": "2009-02-19 16:40:23",
    "calendarYear": "2008",
    "period": "FY",
    "revenue": 43251000000,
    "costOfRevenue": 20351000000,
    "grossProfit": 22900000000,
    "grossProfitRatio": 0.5294675268,
    "researchAndDevelopmentExpenses": 0,
    "generalAndAdministrativeExpenses": 0,
    "sellingAndMarketingExpenses": 0,
    "sellingGeneralAndAdministrativeExpenses": 15877000000,
    "otherExpenses": 64000000,
    "operatingExpenses": 15941000000,
    "costAndExpenses": 36292000000,
    "interestIncome": 41000000,
    "interestExpense": 329000000,
    "depreciationAndAmortization": 1543000000,
    "ebitda": 8917000000,
    "ebitdaratio": 0.2061686435,
    "operatingIncome": 6959000000,
    "operatingIncomeRatio": 0.1608980139,
    "totalOtherIncomeExpensesNet": 86000000,
    "incomeBeforeTax": 7045000000,
    "incomeBeforeTaxRatio": 0.1628864073,
    "incomeTaxExpense": 1879000000,
    "netIncome": 5142000000,
    "netIncomeRatio": 0.1188874246,
    "eps": 3.26,
    "epsdiluted": 3.21,
    "weightedAverageShsOut": 1582000000,
    "weightedAverageShsOutDil": 1602000000,
    "link": "https://www.sec.gov/Archives/edgar/data/77476/000119312509033126/0001193125-09-033126-index.htm",
    "finalLink": "https://www.sec.gov/Archives/edgar/data/77476/000119312509033126/d10k.htm"
  },
  {
    "date": "2007-12-29",
    "symbol": "PEP",
    "reportedCurrency": "USD",
    "cik": "0000077476",
    "fillingDate": "2008-02-15",
    "acceptedDate": "2008-02-15 15:27:59",
    "calendarYear": "2007",
    "period": "FY",
    "revenue": 39474000000,
    "costOfRevenue": 18038000000,
    "grossProfit": 21436000000,
    "grossProfitRatio": 0.543040989,
    "researchAndDevelopmentExpenses": 0,
    "generalAndAdministrativeExpenses": 0,
    "sellingAndMarketingExpenses": 0,
    "sellingGeneralAndAdministrativeExpenses": 14208000000,
    "otherExpenses": 58000000,
    "operatingExpenses": 14266000000,
    "costAndExpenses": 32304000000,
    "interestIncome": 125000000,
    "interestExpense": 224000000,
    "depreciationAndAmortization": 1426000000,
    "ebitda": 9281000000,
    "ebitdaratio": 0.2351167857,
    "operatingIncome": 7170000000,
    "operatingIncomeRatio": 0.1816385469,
    "totalOtherIncomeExpensesNet": 461000000,
    "incomeBeforeTax": 7631000000,
    "incomeBeforeTaxRatio": 0.1933171201,
    "incomeTaxExpense": 1973000000,
    "netIncome": 5658000000,
    "netIncomeRatio": 0.1433348533,
    "eps": 3.48,
    "epsdiluted": 3.41,
    "weightedAverageShsOut": 1621000000,
    "weightedAverageShsOutDil": 1658000000,
    "link": "https://www.sec.gov/Archives/edgar/data/77476/000119312508032441/0001193125-08-032441-index.htm",
    "finalLink": "https://www.sec.gov/Archives/edgar/data/77476/000119312508032441/d10k.htm"
  },
  {
    "date": "2006-12-30",
    "symbol": "PEP",
    "reportedCurrency": "USD",
    "cik": "0000077476",
    "fillingDate": "2007-02-20",
    "acceptedDate": "2007-02-20 16:57:17",
    "calendarYear": "2006",
    "period": "FY",
    "revenue": 35137000000,
    "costOfRevenue": 15762000000,
    "grossProfit": 19375000000,
    "grossProfitRatio": 0.5514130404,
    "researchAndDevelopmentExpenses": 0,
    "generalAndAdministrativeExpenses": 0,
    "sellingAndMarketingExpenses": 0,
    "sellingGeneralAndAdministrativeExpenses": 12711000000,
    "otherExpenses": 162000000,
    "operatingExpenses": 12873000000,
    "costAndExpenses": 28635000000,
    "interestIncome": 173000000,
    "interestExpense": 239000000,
    "depreciationAndAmortization": 1406000000,
    "ebitda": 8634000000,
    "ebitdaratio": 0.2457238808,
    "operatingIncome": 6502000000,
    "operatingIncomeRatio": 0.1850471013,
    "totalOtherIncomeExpensesNet": 487000000,
    "incomeBeforeTax": 6989000000,
    "incomeBeforeTaxRatio": 0.1989071349,
    "incomeTaxExpense": 1347000000,
    "netIncome": 5642000000,
    "netIncomeRatio": 0.1605714774,
    "eps": 3.42,
    "epsdiluted": 3.34,
    "weightedAverageShsOut": 1649000000,
    "weightedAverageShsOutDil": 1687000000,
    "link": "https://www.sec.gov/Archives/edgar/data/77476/000119312507035201/0001193125-07-035201-index.htm",
    "finalLink": "https://www.sec.gov/Archives/edgar/data/77476/000119312507035201/d10k.htm"
  },
  {
    "date": "2005-12-31",
    "symbol": "PEP",
    "reportedCurrency": "USD",
    "cik": "0000077476",
    "fillingDate": "2006-02-27",
    "acceptedDate": "2006-02-27 15:59:51",
    "calendarYear": "2005",
    "period": "FY",
    "revenue": 32562000000,
    "costOfRevenue": 14176000000,
    "grossProfit": 18386000000,
    "grossProfitRatio": 0.5646459063,
    "researchAndDevelopmentExpenses": 0,
    "generalAndAdministrativeExpenses": 0,
    "sellingAndMarketingExpenses": 0,
    "sellingGeneralAndAdministrativeExpenses": 12314000000,
    "otherExpenses": 150000000,
    "operatingExpenses": 12464000000,
    "costAndExpenses": 26640000000,
    "interestIncome": 0,
    "interestExpense": 0,
    "depreciationAndAmortization": 1308000000,
    "ebitda": 7230000000,
    "ebitdaratio": 0.2220379584,
    "operatingIncome": 5922000000,
    "operatingIncomeRatio": 0.1818684356,
    "totalOtherIncomeExpensesNet": 460000000,
    "incomeBeforeTax": 6382000000,
    "incomeBeforeTaxRatio": 0.195995332,
    "incomeTaxExpense": 2304000000,
    "netIncome": 4078000000,
    "netIncomeRatio": 0.1252380075,
    "eps": 2.43,
    "epsdiluted": 2.39,
    "weightedAverageShsOut": 1677366000,
    "weightedAverageShsOutDil": 1705439000,
    "link": "https://www.sec.gov/Archives/edgar/data/77476/000119312506039968/0001193125-06-039968-index.htm",
    "finalLink": "https://www.sec.gov/Archives/edgar/data/77476/000119312506039968/d10k.htm"
  },
  {
    "date": "2004-12-25",
    "symbol": "PEP",
    "reportedCurrency": "USD",
    "cik": "0000077476",
    "fillingDate": "2005-02-28",
    "acceptedDate": "2005-02-28 06:56:22",
    "calendarYear": "2004",
    "period": "FY",
    "revenue": 29261000000,
    "costOfRevenue": 12674000000,
    "grossProfit": 16587000000,
    "grossProfitRatio": 0.5668637435,
    "researchAndDevelopmentExpenses": 0,
    "generalAndAdministrativeExpenses": 0,
    "sellingAndMarketingExpenses": 0,
    "sellingGeneralAndAdministrativeExpenses": 11031000000,
    "otherExpenses": 297000000,
    "operatingExpenses": 11328000000,
    "costAndExpenses": 24002000000,
    "interestIncome": 0,
    "interestExpense": 0,
    "depreciationAndAmortization": 1264000000,
    "ebitda": 6673000000,
    "ebitdaratio": 0.2280509894,
    "operatingIncome": 5259000000,
    "operatingIncomeRatio": 0.179727282,
    "totalOtherIncomeExpensesNet": 287000000,
    "incomeBeforeTax": 5546000000,
    "incomeBeforeTaxRatio": 0.1895355593,
    "incomeTaxExpense": 1372000000,
    "netIncome": 4212000000,
    "netIncomeRatio": 0.1439458665,
    "eps": 2.47,
    "epsdiluted": 2.44,
    "weightedAverageShsOut": 1696000000,
    "weightedAverageShsOutDil": 1725000000,
    "link": "https://www.sec.gov/Archives/edgar/data/77476/000119312505037811/0001193125-05-037811-index.htm",
    "finalLink": "https://www.sec.gov/Archives/edgar/data/77476/000119312505037811/d10k.htm"
  },
  {
    "date": "2003-12-27",
    "symbol": "PEP",
    "reportedCurrency": "USD",
    "cik": "0000077476",
    "fillingDate": "2004-03-04",
    "acceptedDate": "2004-03-03 21:48:04",
    "calendarYear": "2003",
    "period": "FY",
    "revenue": 26971000000,
    "costOfRevenue": 12379000000,
    "grossProfit": 14592000000,
    "grossProfitRatio": 0.541025546,
    "researchAndDevelopmentExpenses": 0,
    "generalAndAdministrativeExpenses": 0,
    "sellingAndMarketingExpenses": 0,
    "sellingGeneralAndAdministrativeExpenses": 9460000000,
    "otherExpenses": 351000000,
    "operatingExpenses": 9811000000,
    "costAndExpenses": 22190000000,
    "interestIncome": 0,
    "interestExpense": 0,
    "depreciationAndAmortization": 1221000000,
    "ebitda": 6208000000,
    "ebitdaratio": 0.2301731489,
    "operatingIncome": 4781000000,
    "operatingIncomeRatio": 0.1772644692,
    "totalOtherIncomeExpensesNet": 211000000,
    "incomeBeforeTax": 4992000000,
    "incomeBeforeTaxRatio": 0.1850876868,
    "incomeTaxExpense": 1424000000,
    "netIncome": 3568000000,
    "netIncomeRatio": 0.1322902377,
    "eps": 2.07,
    "epsdiluted": 2.05,
    "weightedAverageShsOut": 1718000000,
    "weightedAverageShsOutDil": 1739000000,
    "link": "https://www.sec.gov/Archives/edgar/data/77476/000119312504034074/0001193125-04-034074-index.htm",
    "finalLink": "https://www.sec.gov/Archives/edgar/data/77476/000119312504034074/d10k.htm"
  },
  {
    "date": "2002-12-28",
    "symbol": "PEP",
    "reportedCurrency": "USD",
    "cik": "0000077476",
    "fillingDate": "2003-03-07",
    "acceptedDate": "2003-03-07 08:20:26",
    "calendarYear": "2002",
    "period": "FY",
    "revenue": 25112000000,
    "costOfRevenue": 11497000000,
    "grossProfit": 13615000000,
    "grossProfitRatio": 0.5421710736,
    "researchAndDevelopmentExpenses": 0,
    "generalAndAdministrativeExpenses": 0,
    "sellingAndMarketingExpenses": 0,
    "sellingGeneralAndAdministrativeExpenses": 8958000000,
    "otherExpenses": 362000000,
    "operatingExpenses": 9320000000,
    "costAndExpenses": 20817000000,
    "interestIncome": 0,
    "interestExpense": 0,
    "depreciationAndAmortization": 1112000000,
    "ebitda": 5631000000,
    "ebitdaratio": 0.2242354253,
    "operatingIncome": 4295000000,
    "operatingIncomeRatio": 0.1710337687,
    "totalOtherIncomeExpensesNet": 138000000,
    "incomeBeforeTax": 4433000000,
    "incomeBeforeTaxRatio": 0.1765291494,
    "incomeTaxExpense": 1433000000,
    "netIncome": 3000000000,
    "netIncomeRatio": 0.1194647977,
    "eps": 1.69,
    "epsdiluted": 1.68,
    "weightedAverageShsOut": 1772781000,
    "weightedAverageShsOutDil": 1783333000,
    "link": "https://www.sec.gov/Archives/edgar/data/77476/000095013003001850/0000950130-03-001850-index.htm",
    "finalLink": "https://www.sec.gov/Archives/edgar/data/77476/000095013003001850/d10k.htm"
  },
  {
    "date": "2001-12-29",
    "symbol": "PEP",
    "reportedCurrency": "USD",
    "cik": "0000077476",
    "fillingDate": "2002-03-20",
    "acceptedDate": "2002-03-20 00:00:00",
    "calendarYear": "2001",
    "period": "FY",
    "revenue": 23512000000,
    "costOfRevenue": 10750000000,
    "grossProfit": 12762000000,
    "grossProfitRatio": 0.5427866621,
    "researchAndDevelopmentExpenses": 0,
    "generalAndAdministrativeExpenses": 0,
    "sellingAndMarketingExpenses": 0,
    "sellingGeneralAndAdministrativeExpenses": 8574000000,
    "otherExpenses": 552000000,
    "operatingExpenses": 9126000000,
    "costAndExpenses": 19876000000,
    "interestIncome": 0,
    "interestExpense": 0,
    "depreciationAndAmortization": 1082000000,
    "ebitda": 5105000000,
    "ebitdaratio": 0.2171231711,
    "operatingIncome": 3636000000,
    "operatingIncomeRatio": 0.1546444369,
    "totalOtherIncomeExpensesNet": 8000000,
    "incomeBeforeTax": 3644000000,
    "incomeBeforeTaxRatio": 0.1549846887,
    "incomeTaxExpense": 1244000000,
    "netIncome": 2400000000,
    "netIncomeRatio": 0.1020755359,
    "eps": 1.35,
    "epsdiluted": 1.33,
    "weightedAverageShsOut": 1775556000,
    "weightedAverageShsOutDil": 1802256000,
    "link": "https://www.sec.gov/Archives/edgar/data/77476/000007747602000024/0000077476-02-000024-index.htm",
    "finalLink": "https://www.sec.gov/Archives/edgar/data/77476/000007747602000024/k01b.htm"
  },
  {
    "date": "2000-12-30",
    "symbol": "PEP",
    "reportedCurrency": "USD",
    "cik": "0000077476",
    "fillingDate": "2001-03-15",
    "acceptedDate": "2001-03-15 00:00:00",
    "calendarYear": "2000",
    "period": "FY",
    "revenue": 25479000000,
    "costOfRevenue": 10226000000,
    "grossProfit": 15253000000,
    "grossProfitRatio": 0.5986498685,
    "researchAndDevelopmentExpenses": 0,
    "generalAndAdministrativeExpenses": 0,
    "sellingAndMarketingExpenses": 0,
    "sellingGeneralAndAdministrativeExpenses": 11104000000,
    "otherExpenses": 331000000,
    "operatingExpenses": 11435000000,
    "costAndExpenses": 21661000000,
    "interestIncome": 0,
    "interestExpense": 0,
    "depreciationAndAmortization": 1093000000,
    "ebitda": 5095000000,
    "ebitdaratio": 0.1999686016,
    "operatingIncome": 3818000000,
    "operatingIncomeRatio": 0.1498488952,
    "totalOtherIncomeExpensesNet": -57000000,
    "incomeBeforeTax": 3761000000,
    "incomeBeforeTaxRatio": 0.1476117587,
    "incomeTaxExpense": 1218000000,
    "netIncome": 2543000000,
    "netIncomeRatio": 0.0998076848,
    "eps": 1.45,
    "epsdiluted": 1.42,
    "weightedAverageShsOut": 1748000000,
    "weightedAverageShsOutDil": 1791000000,
    "link": "https://www.sec.gov/Archives/edgar/data/77476/000007747601500016/0000077476-01-500016-index.htm",
    "finalLink": "https://www.sec.gov/Archives/edgar/data/77476/000007747601500016/k2000.htm"
  },
  {
    "date": "1999-12-25",
    "symbol": "PEP",
    "reportedCurrency": "USD",
    "cik": "0000077476",
    "fillingDate": "2000-03-21",
    "acceptedDate": "2000-03-21 00:00:00",
    "calendarYear": "1999",
    "period": "FY",
    "revenue": 25093000000,
    "costOfRevenue": 10326000000,
    "grossProfit": 14767000000,
    "grossProfitRatio": 0.5884908142,
    "researchAndDevelopmentExpenses": 0,
    "generalAndAdministrativeExpenses": 0,
    "sellingAndMarketingExpenses": 0,
    "sellingGeneralAndAdministrativeExpenses": 11018000000,
    "otherExpenses": 266000000,
    "operatingExpenses": 11284000000,
    "costAndExpenses": 21610000000,
    "interestIncome": 0,
    "interestExpense": 0,
    "depreciationAndAmortization": 1156000000,
    "ebitda": 4712000000,
    "ebitdaratio": 0.187781453,
    "operatingIncome": 3483000000,
    "operatingIncomeRatio": 0.1388036504,
    "totalOtherIncomeExpensesNet": 792000000,
    "incomeBeforeTax": 4275000000,
    "incomeBeforeTaxRatio": 0.1703662376,
    "incomeTaxExpense": 1770000000,
    "netIncome": 2505000000,
    "netIncomeRatio": 0.0998286375,
    "eps": 1.4,
    "epsdiluted": 1.37,
    "weightedAverageShsOut": 1466000000,
    "weightedAverageShsOutDil": 1496000000,
    "link": "https://www.sec.gov/Archives/edgar/data/77476/000007747600000006/0000077476-00-000006-index.html",
    "finalLink": "https://www.sec.gov/Archives/edgar/data/77476/000007747600000006/"
  },
  {
    "date": "1998-12-26",
    "symbol": "PEP",
    "reportedCurrency": "USD",
    "cik": "0000077476",
    "fillingDate": "1999-03-24",
    "acceptedDate": "1999-03-24 00:00:00",
    "calendarYear": "1998",
    "period": "FY",
    "revenue": 22348000000,
    "costOfRevenue": 8318000000,
    "grossProfit": 14030000000,
    "grossProfitRatio": 0.6277966708,
    "researchAndDevelopmentExpenses": 0,
    "generalAndAdministrativeExpenses": 0,
    "sellingAndMarketingExpenses": 0,
    "sellingGeneralAndAdministrativeExpenses": 9924000000,
    "otherExpenses": 1234000000,
    "operatingExpenses": 11158000000,
    "costAndExpenses": 19476000000,
    "interestIncome": 0,
    "interestExpense": 0,
    "depreciationAndAmortization": 1234000000,
    "ebitda": 4106000000,
    "ebitdaratio": 0.1837300877,
    "operatingIncome": 2872000000,
    "operatingIncomeRatio": 0.1285126186,
    "totalOtherIncomeExpensesNet": -609000000,
    "incomeBeforeTax": 2263000000,
    "incomeBeforeTaxRatio": 0.1012618579,
    "incomeTaxExpense": 270000000,
    "netIncome": 1993000000,
    "netIncomeRatio": 0.0891802398,
    "eps": 1.35,
    "epsdiluted": 1.31,
    "weightedAverageShsOut": 1480000000,
    "weightedAverageShsOutDil": 1519000000,
    "link": "https://www.sec.gov/Archives/edgar/data/77476/000007747699000013/0000077476-99-000013-index.html",
    "finalLink": "https://www.sec.gov/Archives/edgar/data/77476/"
  },
  {
    "date": "1997-12-27",
    "symbol": "PEP",
    "reportedCurrency": "USD",
    "cik": "0000077476",
    "fillingDate": "1998-03-24",
    "acceptedDate": "1998-03-24 00:00:00",
    "calendarYear": "1997",
    "period": "FY",
    "revenue": 20917000000,
    "costOfRevenue": 7618000000,
    "grossProfit": 13299000000,
    "grossProfitRatio": 0.6357986327,
    "researchAndDevelopmentExpenses": 0,
    "generalAndAdministrativeExpenses": 0,
    "sellingAndMarketingExpenses": 0,
    "sellingGeneralAndAdministrativeExpenses": 9241000000,
    "otherExpenses": 1106000000,
    "operatingExpenses": 10347000000,
    "costAndExpenses": 17965000000,
    "interestIncome": 0,
    "interestExpense": 0,
    "depreciationAndAmortization": 1106000000,
    "ebitda": 4058000000,
    "ebitdaratio": 0.1940048764,
    "operatingIncome": 2952000000,
    "operatingIncomeRatio": 0.141129225,
    "totalOtherIncomeExpensesNet": -643000000,
    "incomeBeforeTax": 2309000000,
    "incomeBeforeTaxRatio": 0.1103886791,
    "incomeTaxExpense": 818000000,
    "netIncome": 2142000000,
    "netIncomeRatio": 0.1024047426,
    "eps": 1.4,
    "epsdiluted": 1.36,
    "weightedAverageShsOut": 1528000000,
    "weightedAverageShsOutDil": 1570000000,
    "link": "https://www.sec.gov/Archives/edgar/data/77476/000007747698000014/0000077476-98-000014-index.html",
    "finalLink": "https://www.sec.gov/Archives/edgar/data/77476/"
  },
  {
    "date": "1996-12-28",
    "symbol": "PEP",
    "reportedCurrency": "USD",
    "cik": "0000077476",
    "fillingDate": "1997-03-25",
    "acceptedDate": "1997-03-25 00:00:00",
    "calendarYear": "1996",
    "period": "FY",
    "revenue": 20337000000,
    "costOfRevenue": 7585000000,
    "grossProfit": 12752000000,
    "grossProfitRatio": 0.6270344692,
    "researchAndDevelopmentExpenses": 0,
    "generalAndAdministrativeExpenses": 0,
    "sellingAndMarketingExpenses": 0,
    "sellingGeneralAndAdministrativeExpenses": 9063000000,
    "otherExpenses": 1073000000,
    "operatingExpenses": 10136000000,
    "costAndExpenses": 17721000000,
    "interestIncome": 0,
    "interestExpense": 0,
    "depreciationAndAmortization": 1073000000,
    "ebitda": 3689000000,
    "ebitdaratio": 0.1813935192,
    "operatingIncome": 2616000000,
    "operatingIncomeRatio": 0.1286325417,
    "totalOtherIncomeExpensesNet": -1050000000,
    "incomeBeforeTax": 1566000000,
    "incomeBeforeTaxRatio": 0.0770025077,
    "incomeTaxExpense": 624000000,
    "netIncome": 1149000000,
    "netIncomeRatio": 0.0564980086,
    "eps": 0.73,
    "epsdiluted": 0.72,
    "weightedAverageShsOut": 1564000000,
    "weightedAverageShsOutDil": 1606000000,
    "link": "https://www.sec.gov/Archives/edgar/data/77476/000007747697000007/0000077476-97-000007-index.html",
    "finalLink": "https://www.sec.gov/Archives/edgar/data/77476/"
  },
  {
    "date": "1995-12-30",
    "symbol": "PEP",
    "reportedCurrency": "USD",
    "cik": "0000077476",
    "fillingDate": "1996-03-26",
    "acceptedDate": "1996-03-26 00:00:00",
    "calendarYear": "1995",
    "period": "FY",
    "revenue": 19067000000,
    "costOfRevenue": 7216000000,
    "grossProfit": 11851000000,
    "grossProfitRatio": 0.6215450779,
    "researchAndDevelopmentExpenses": 0,
    "generalAndAdministrativeExpenses": 0,
    "sellingAndMarketingExpenses": 0,
    "sellingGeneralAndAdministrativeExpenses": 8133000000,
    "otherExpenses": 1046000000,
    "operatingExpenses": 9179000000,
    "costAndExpenses": 16395000000,
    "interestIncome": 0,
    "interestExpense": 0,
    "depreciationAndAmortization": 1046000000,
    "ebitda": 3718000000,
    "ebitdaratio": 0.194996591,
    "operatingIncome": 2672000000,
    "operatingIncomeRatio": 0.1401374102,
    "totalOtherIncomeExpensesNet": -581000000,
    "incomeBeforeTax": 2091000000,
    "incomeBeforeTaxRatio": 0.1096659149,
    "incomeTaxExpense": 669000000,
    "netIncome": 1606000000,
    "netIncomeRatio": 0.0842292967,
    "eps": 1,
    "epsdiluted": 1,
    "weightedAverageShsOut": 1608000000,
    "weightedAverageShsOutDil": 1608000000,
    "link": "https://www.sec.gov/Archives/edgar/data/77476/000007747696000023/0000077476-96-000023-index.html",
    "finalLink": "https://www.sec.gov/Archives/edgar/data/77476/"
  },
  {
    "date": "1994-12-31",
    "symbol": "PEP",
    "reportedCurrency": "USD",
    "cik": "0000077476",
    "fillingDate": "1995-03-28",
    "acceptedDate": "1995-03-28 00:00:00",
    "calendarYear": "1994",
    "period": "FY",
    "revenue": 28472400000,
    "costOfRevenue": 12451100000,
    "grossProfit": 16021300000,
    "grossProfitRatio": 0.5626958037,
    "researchAndDevelopmentExpenses": 0,
    "generalAndAdministrativeExpenses": 0,
    "sellingAndMarketingExpenses": 0,
    "sellingGeneralAndAdministrativeExpenses": 11243600000,
    "otherExpenses": 1576500000,
    "operatingExpenses": 12820100000,
    "costAndExpenses": 25271200000,
    "interestIncome": 0,
    "interestExpense": 0,
    "depreciationAndAmortization": 1576500000,
    "ebitda": 4777700000,
    "ebitdaratio": 0.1678010986,
    "operatingIncome": 3201200000,
    "operatingIncomeRatio": 0.1124316882,
    "totalOtherIncomeExpensesNet": -536800000,
    "incomeBeforeTax": 2664400000,
    "incomeBeforeTaxRatio": 0.0935783425,
    "incomeTaxExpense": 880400000,
    "netIncome": 1752000000,
    "netIncomeRatio": 0.0615332743,
    "eps": 1.09,
    "epsdiluted": 1.09,
    "weightedAverageShsOut": 1607200000,
    "weightedAverageShsOutDil": 1608701000,
    "link": "https://www.sec.gov/Archives/edgar/data/77476/000007747695000017/0000077476-95-000017-index.html",
    "finalLink": "https://www.sec.gov/Archives/edgar/data/77476/"
  },
  {
    "date": "1993-12-31",
    "symbol": "PEP",
    "reportedCurrency": "USD",
    "cik": "0000077476",
    "fillingDate": "1993-12-31",
    "acceptedDate": "1993-12-31 00:00:00",
    "calendarYear": "1993",
    "period": "FY",
    "revenue": 25020700000,
    "costOfRevenue": 10805600000,
    "grossProfit": 14215100000,
    "grossProfitRatio": 0.5681335854,
    "researchAndDevelopmentExpenses": 0,
    "generalAndAdministrativeExpenses": 0,
    "sellingAndMarketingExpenses": 0,
    "sellingGeneralAndAdministrativeExpenses": 9864400000,
    "otherExpenses": 1444200000,
    "operatingExpenses": 11308600000,
    "costAndExpenses": 22114200000,
    "interestIncome": 0,
    "interestExpense": 0,
    "depreciationAndAmortization": 1444200000,
    "ebitda": 4350700000,
    "ebitdaratio": 0.173884024,
    "operatingIncome": 2906500000,
    "operatingIncomeRatio": 0.1161638164,
    "totalOtherIncomeExpensesNet": -484000000,
    "incomeBeforeTax": 2422500000,
    "incomeBeforeTaxRatio": 0.0968198332,
    "incomeTaxExpense": 834600000,
    "netIncome": 1587900000,
    "netIncomeRatio": 0.0634634523,
    "eps": 0.71,
    "epsdiluted": 0.71,
    "weightedAverageShsOut": 1613239000,
    "weightedAverageShsOutDil": 1613239000,
    "link": null,
    "finalLink": null
  },
  {
    "date": "1992-12-31",
    "symbol": "PEP",
    "reportedCurrency": "USD",
    "cik": "0000077476",
    "fillingDate": "1992-12-31",
    "acceptedDate": "1992-12-31 00:00:00",
    "calendarYear": "1992",
    "period": "FY",
    "revenue": 21970000000,
    "costOfRevenue": 9277700000,
    "grossProfit": 12692300000,
    "grossProfitRatio": 0.5777105143,
    "researchAndDevelopmentExpenses": 0,
    "generalAndAdministrativeExpenses": 0,
    "sellingAndMarketingExpenses": 0,
    "sellingGeneralAndAdministrativeExpenses": 8840300000,
    "otherExpenses": 1214900000,
    "operatingExpenses": 10055200000,
    "costAndExpenses": 19332900000,
    "interestIncome": 0,
    "interestExpense": 0,
    "depreciationAndAmortization": 1214900000,
    "ebitda": 3852000000,
    "ebitdaratio": 0.1753299954,
    "operatingIncome": 2637100000,
    "operatingIncomeRatio": 0.1200318616,
    "totalOtherIncomeExpensesNet": -738300000,
    "incomeBeforeTax": 1898800000,
    "incomeBeforeTaxRatio": 0.0864269458,
    "incomeTaxExpense": 597100000,
    "netIncome": 374300000,
    "netIncomeRatio": 0.0170368685,
    "eps": 0.23,
    "epsdiluted": 0.23,
    "weightedAverageShsOut": 1627391000,
    "weightedAverageShsOutDil": 1627391000,
    "link": null,
    "finalLink": null
  },
  {
    "date": "1991-12-31",
    "symbol": "PEP",
    "reportedCurrency": "USD",
    "cik": "0000077476",
    "fillingDate": "1991-12-31",
    "acceptedDate": "1991-12-31 00:00:00",
    "calendarYear": "1991",
    "period": "FY",
    "revenue": 19607900000,
    "costOfRevenue": 8361000000,
    "grossProfit": 11246900000,
    "grossProfitRatio": 0.5735902366,
    "researchAndDevelopmentExpenses": 0,
    "generalAndAdministrativeExpenses": 0,
    "sellingAndMarketingExpenses": 0,
    "sellingGeneralAndAdministrativeExpenses": 7880800000,
    "otherExpenses": 1034500000,
    "operatingExpenses": 8915300000,
    "costAndExpenses": 17276300000,
    "interestIncome": 0,
    "interestExpense": 0,
    "depreciationAndAmortization": 1034500000,
    "ebitda": 3366100000,
    "ebitdaratio": 0.1716706022,
    "operatingIncome": 2331600000,
    "operatingIncomeRatio": 0.1189112552,
    "totalOtherIncomeExpensesNet": -661300000,
    "incomeBeforeTax": 1670300000,
    "incomeBeforeTaxRatio": 0.085185053,
    "incomeTaxExpense": 590100000,
    "netIncome": 1080200000,
    "netIncomeRatio": 0.0550900402,
    "eps": 0.68,
    "epsdiluted": 0.68,
    "weightedAverageShsOut": 1588529000,
    "weightedAverageShsOutDil": 1588529000,
    "link": null,
    "finalLink": null
  },
  {
    "date": "1990-12-31",
    "symbol": "PEP",
    "reportedCurrency": "USD",
    "cik": "0000077476",
    "fillingDate": "1990-12-31",
    "acceptedDate": "1990-12-31 00:00:00",
    "calendarYear": "1990",
    "period": "FY",
    "revenue": 17802700000,
    "costOfRevenue": 7725900000,
    "grossProfit": 10076800000,
    "grossProfitRatio": 0.5660265016,
    "researchAndDevelopmentExpenses": 0,
    "generalAndAdministrativeExpenses": 0,
    "sellingAndMarketingExpenses": 0,
    "sellingGeneralAndAdministrativeExpenses": 6948100000,
    "otherExpenses": 884000000,
    "operatingExpenses": 7832100000,
    "costAndExpenses": 15558000000,
    "interestIncome": 0,
    "interestExpense": 0,
    "depreciationAndAmortization": 884000000,
    "ebitda": 3128700000,
    "ebitdaratio": 0.1757430053,
    "operatingIncome": 2244700000,
    "operatingIncomeRatio": 0.1260876159,
    "totalOtherIncomeExpensesNet": -577300000,
    "incomeBeforeTax": 1667400000,
    "incomeBeforeTaxRatio": 0.0936599505,
    "incomeTaxExpense": 576800000,
    "netIncome": 1076900000,
    "netIncomeRatio": 0.0604908244,
    "eps": 0.68,
    "epsdiluted": 0.68,
    "weightedAverageShsOut": 1583676000,
    "weightedAverageShsOutDil": 1583676000,
    "link": null,
    "finalLink": null
  },
  {
    "date": "1989-12-31",
    "symbol": "PEP",
    "reportedCurrency": "USD",
    "cik": "0000077476",
    "fillingDate": "1989-12-31",
    "acceptedDate": "1989-12-31 00:00:00",
    "calendarYear": "1989",
    "period": "FY",
    "revenue": 15242400000,
    "costOfRevenue": 6695700000,
    "grossProfit": 8546700000,
    "grossProfitRatio": 0.5607187844,
    "researchAndDevelopmentExpenses": 0,
    "generalAndAdministrativeExpenses": 0,
    "sellingAndMarketingExpenses": 0,
    "sellingGeneralAndAdministrativeExpenses": 5991800000,
    "otherExpenses": 772000000,
    "operatingExpenses": 6763800000,
    "costAndExpenses": 13459500000,
    "interestIncome": 0,
    "interestExpense": 0,
    "depreciationAndAmortization": 772000000,
    "ebitda": 2554900000,
    "ebitdaratio": 0.1676179604,
    "operatingIncome": 1782900000,
    "operatingIncomeRatio": 0.1169697685,
    "totalOtherIncomeExpensesNet": -432400000,
    "incomeBeforeTax": 1350500000,
    "incomeBeforeTaxRatio": 0.0886015326,
    "incomeTaxExpense": 449100000,
    "netIncome": 901400000,
    "netIncomeRatio": 0.0591376686,
    "eps": 0.57,
    "epsdiluted": 0.57,
    "weightedAverageShsOut": 1581403509,
    "weightedAverageShsOutDil": 1581403509,
    "link": null,
    "finalLink": null
  },
  {
    "date": "1988-12-31",
    "symbol": "PEP",
    "reportedCurrency": "USD",
    "cik": "0000077476",
    "fillingDate": "1988-12-31",
    "acceptedDate": "1988-12-30 19:00:00",
    "calendarYear": "1988",
    "period": "FY",
    "revenue": 13007000000,
    "costOfRevenue": 5626500000,
    "grossProfit": 7380500000,
    "grossProfitRatio": 0.5674252326,
    "researchAndDevelopmentExpenses": 0,
    "generalAndAdministrativeExpenses": 0,
    "sellingAndMarketingExpenses": 0,
    "sellingGeneralAndAdministrativeExpenses": 5391200000,
    "otherExpenses": 629300000,
    "operatingExpenses": 6020500000,
    "costAndExpenses": 11647000000,
    "interestIncome": 0,
    "interestExpense": 0,
    "depreciationAndAmortization": 629300000,
    "ebitda": 1989300000,
    "ebitdaratio": 0.1529407242,
    "operatingIncome": 1360000000,
    "operatingIncomeRatio": 0.1045590836,
    "totalOtherIncomeExpensesNet": -222400000,
    "incomeBeforeTax": 1137600000,
    "incomeBeforeTaxRatio": 0.0874605981,
    "incomeTaxExpense": 375400000,
    "netIncome": 762200000,
    "netIncomeRatio": 0.0585992158,
    "eps": 0.49,
    "epsdiluted": 0.49,
    "weightedAverageShsOut": 1555510204,
    "weightedAverageShsOutDil": 1555510204,
    "link": "",
    "finalLink": ""
  },
  {
    "date": "1987-12-31",
    "symbol": "PEP",
    "reportedCurrency": "USD",
    "cik": "0000077476",
    "fillingDate": "1987-12-31",
    "acceptedDate": "1987-12-30 19:00:00",
    "calendarYear": "1987",
    "period": "FY",
    "revenue": 11485200000,
    "costOfRevenue": 3896200000,
    "grossProfit": 7589000000,
    "grossProfitRatio": 0.6607634173,
    "researchAndDevelopmentExpenses": 0,
    "generalAndAdministrativeExpenses": 0,
    "sellingAndMarketingExpenses": 0,
    "sellingGeneralAndAdministrativeExpenses": 5882700000,
    "otherExpenses": 563000000,
    "operatingExpenses": 6445700000,
    "costAndExpenses": 10341900000,
    "interestIncome": 0,
    "interestExpense": 0,
    "depreciationAndAmortization": 563000000,
    "ebitda": 1706300000,
    "ebitdaratio": 0.1485651099,
    "operatingIncome": 1143300000,
    "operatingIncomeRatio": 0.099545502,
    "totalOtherIncomeExpensesNet": -182900000,
    "incomeBeforeTax": 960400000,
    "incomeBeforeTaxRatio": 0.0836206596,
    "incomeTaxExpense": 355300000,
    "netIncome": 594800000,
    "netIncomeRatio": 0.0517883885,
    "eps": 0.38,
    "epsdiluted": 0.38,
    "weightedAverageShsOut": 1565263158,
    "weightedAverageShsOutDil": 1565263158,
    "link": "",
    "finalLink": ""
  },
  {
    "date": "1986-12-31",
    "symbol": "PEP",
    "reportedCurrency": "USD",
    "cik": "0000077476",
    "fillingDate": "1986-12-31",
    "acceptedDate": "1986-12-30 19:00:00",
    "calendarYear": "1986",
    "period": "FY",
    "revenue": 9290800000,
    "costOfRevenue": 3331100000,
    "grossProfit": 5959700000,
    "grossProfitRatio": 0.6414625221,
    "researchAndDevelopmentExpenses": 0,
    "generalAndAdministrativeExpenses": 0,
    "sellingAndMarketingExpenses": 0,
    "sellingGeneralAndAdministrativeExpenses": 4738400000,
    "otherExpenses": 400700000,
    "operatingExpenses": 5139100000,
    "costAndExpenses": 8470200000,
    "interestIncome": 0,
    "interestExpense": 0,
    "depreciationAndAmortization": 400700000,
    "ebitda": 1221300000,
    "ebitdaratio": 0.1314526198,
    "operatingIncome": 820600000,
    "operatingIncomeRatio": 0.0883239334,
    "totalOtherIncomeExpensesNet": -140300000,
    "incomeBeforeTax": 680300000,
    "incomeBeforeTaxRatio": 0.0732229733,
    "incomeTaxExpense": 222500000,
    "netIncome": 457800000,
    "netIncomeRatio": 0.0492745512,
    "eps": 0.29,
    "epsdiluted": 0.29,
    "weightedAverageShsOut": 1578620690,
    "weightedAverageShsOutDil": 1578620690,
    "link": "",
    "finalLink": ""
  },
  {
    "date": "1985-12-31",
    "symbol": "PEP",
    "reportedCurrency": "USD",
    "cik": "0000077476",
    "fillingDate": "1985-12-31",
    "acceptedDate": "1985-12-30 19:00:00",
    "calendarYear": "1985",
    "period": "FY",
    "revenue": 8056700000,
    "costOfRevenue": 2857500000,
    "grossProfit": 5199200000,
    "grossProfitRatio": 0.6453262502,
    "researchAndDevelopmentExpenses": 0,
    "generalAndAdministrativeExpenses": 0,
    "sellingAndMarketingExpenses": 0,
    "sellingGeneralAndAdministrativeExpenses": 4171300000,
    "otherExpenses": 290800000,
    "operatingExpenses": 4462100000,
    "costAndExpenses": 7319600000,
    "interestIncome": 0,
    "interestExpense": 0,
    "depreciationAndAmortization": 290800000,
    "ebitda": 1027900000,
    "ebitdaratio": 0.1275832537,
    "operatingIncome": 737100000,
    "operatingIncomeRatio": 0.0914890712,
    "totalOtherIncomeExpensesNet": -73100000,
    "incomeBeforeTax": 664000000,
    "incomeBeforeTaxRatio": 0.0824158775,
    "incomeTaxExpense": 243900000,
    "netIncome": 543700000,
    "netIncomeRatio": 0.0674842057,
    "eps": 0.33,
    "epsdiluted": 0.33,
    "weightedAverageShsOut": 1647575758,
    "weightedAverageShsOutDil": 1647575758,
    "link": "",
    "finalLink": ""
  }
]