[
  {
    "date": "2025-06-29",
    "symbol": "PFE",
    "reportedCurrency": "USD",
    "cik": "0000078003",
    "fillingDate": "2025-08-05",
    "acceptedDate": "2025-08-05 07:16:27",
    "calendarYear": "2025",
    "period": "Q2",
    "revenue": 14653000000,
    "costOfRevenue": 5233000000,
    "grossProfit": 9420000000,
    "grossProfitRatio": 0.6428717669,
    "researchAndDevelopmentExpenses": 2443000000,
    "generalAndAdministrativeExpenses": 0,
    "sellingAndMarketingExpenses": 0,
    "sellingGeneralAndAdministrativeExpenses": 3402000000,
    "otherExpenses": 0,
    "operatingExpenses": 5845000000,
    "costAndExpenses": 11078000000,
    "interestIncome": 156000000,
    "interestExpense": 654000000,
    "depreciationAndAmortization": 1625000000,
    "ebitda": 5323000000,
    "ebitdaratio": 0.3632703201,
    "operatingIncome": 3575000000,
    "operatingIncomeRatio": 0.2439773425,
    "totalOtherIncomeExpensesNet": -531000000,
    "incomeBeforeTax": 3044000000,
    "incomeBeforeTaxRatio": 0.2077390296,
    "incomeTaxExpense": 141000000,
    "netIncome": 2910000000,
    "netIncomeRatio": 0.1985941445,
    "eps": 0.51,
    "epsdiluted": 0.51,
    "weightedAverageShsOut": 5685000000,
    "weightedAverageShsOutDil": 5706000000,
    "link": "https://www.sec.gov/Archives/edgar/data/78003/000007800325000138/0000078003-25-000138-index.htm",
    "finalLink": "https://www.sec.gov/Archives/edgar/data/78003/000007800325000138/pfe-20250629.htm"
  },
  {
    "date": "2025-03-29",
    "symbol": "PFE",
    "reportedCurrency": "USD",
    "cik": "0000078003",
    "fillingDate": "2025-03-29",
    "acceptedDate": "2025-03-29 18:00:00",
    "calendarYear": "2025",
    "period": "Q1",
    "revenue": 13715000000,
    "costOfRevenue": 3888000000,
    "grossProfit": 9827000000,
    "grossProfitRatio": 0.7165147649,
    "researchAndDevelopmentExpenses": 2179000000,
    "generalAndAdministrativeExpenses": 0,
    "sellingAndMarketingExpenses": 0,
    "sellingGeneralAndAdministrativeExpenses": 3024000000,
    "otherExpenses": 0,
    "operatingExpenses": 5203000000,
    "costAndExpenses": 9091000000,
    "interestIncome": 143000000,
    "interestExpense": 654000000,
    "depreciationAndAmortization": 1618000000,
    "ebitda": 5056000000,
    "ebitdaratio": 0.3686474663,
    "operatingIncome": 4624000000,
    "operatingIncomeRatio": 0.3371491068,
    "totalOtherIncomeExpensesNet": -1840000000,
    "incomeBeforeTax": 2784000000,
    "incomeBeforeTaxRatio": 0.2029894276,
    "incomeTaxExpense": -189000000,
    "netIncome": 2967000000,
    "netIncomeRatio": 0.2163324827,
    "eps": 0.5228,
    "epsdiluted": 0.5196,
    "weightedAverageShsOut": 5675000000,
    "weightedAverageShsOutDil": 5710000000,
    "link": null,
    "finalLink": null
  },
  {
    "date": "2024-12-31",
    "symbol": "PFE",
    "reportedCurrency": "USD",
    "cik": "0000078003",
    "fillingDate": "2025-02-27",
    "acceptedDate": "2025-02-27 16:27:18",
    "calendarYear": "2024",
    "period": "Q4",
    "revenue": 17763000000,
    "costOfRevenue": 4795000000,
    "grossProfit": 12968000000,
    "grossProfitRatio": 0.7300568598,
    "researchAndDevelopmentExpenses": 3017000000,
    "generalAndAdministrativeExpenses": 0,
    "sellingAndMarketingExpenses": 0,
    "sellingGeneralAndAdministrativeExpenses": 4226000000,
    "otherExpenses": 0,
    "operatingExpenses": 7243000000,
    "costAndExpenses": 12038000000,
    "interestIncome": 170000000,
    "interestExpense": 739000000,
    "depreciationAndAmortization": 1791000000,
    "ebitda": 5143000000,
    "ebitdaratio": 0.2895344255,
    "operatingIncome": 5725000000,
    "operatingIncomeRatio": 0.3222991612,
    "totalOtherIncomeExpensesNet": -5735000000,
    "incomeBeforeTax": -10000000,
    "incomeBeforeTaxRatio": -0.000562968,
    "incomeTaxExpense": -421000000,
    "netIncome": 403000000,
    "netIncomeRatio": 0.0226876091,
    "eps": 0.0724,
    "epsdiluted": 0.0719,
    "weightedAverageShsOut": 5667000000,
    "weightedAverageShsOutDil": 5703000000,
    "link": "https://www.sec.gov/Archives/edgar/data/78003/000007800325000054/0000078003-25-000054-index.htm",
    "finalLink": "https://www.sec.gov/Archives/edgar/data/78003/000007800325000054/pfe-20241231.htm"
  },
  {
    "date": "2024-09-29",
    "symbol": "PFE",
    "reportedCurrency": "USD",
    "cik": "0000078003",
    "fillingDate": "2024-11-04",
    "acceptedDate": "2024-11-04 16:06:08",
    "calendarYear": "2024",
    "period": "Q3",
    "revenue": 17702000000,
    "costOfRevenue": 6931000000,
    "grossProfit": 10771000000,
    "grossProfitRatio": 0.6084623206,
    "researchAndDevelopmentExpenses": 2565000000,
    "generalAndAdministrativeExpenses": 0,
    "sellingAndMarketingExpenses": 0,
    "sellingGeneralAndAdministrativeExpenses": 3238000000,
    "otherExpenses": 0,
    "operatingExpenses": 5803000000,
    "costAndExpenses": 12734000000,
    "interestIncome": 116000000,
    "interestExpense": 783000000,
    "depreciationAndAmortization": 1755000000,
    "ebitda": 7253000000,
    "ebitdaratio": 0.4097277144,
    "operatingIncome": 4968000000,
    "operatingIncomeRatio": 0.2806462547,
    "totalOtherIncomeExpensesNet": -253000000,
    "incomeBeforeTax": 4715000000,
    "incomeBeforeTaxRatio": 0.2663540843,
    "incomeTaxExpense": 234000000,
    "netIncome": 4473000000,
    "netIncomeRatio": 0.2526833126,
    "eps": 0.7893,
    "epsdiluted": 0.784,
    "weightedAverageShsOut": 5667000000,
    "weightedAverageShsOutDil": 5705000000,
    "link": "https://www.sec.gov/Archives/edgar/data/78003/000007800324000191/0000078003-24-000191-index.htm",
    "finalLink": "https://www.sec.gov/Archives/edgar/data/78003/000007800324000191/pfe-20240929.htm"
  },
  {
    "date": "2024-06-30",
    "symbol": "PFE",
    "reportedCurrency": "USD",
    "cik": "0000078003",
    "fillingDate": "2024-08-05",
    "acceptedDate": "2024-08-05 15:54:43",
    "calendarYear": "2024",
    "period": "Q2",
    "revenue": 13283000000,
    "costOfRevenue": 5040000000,
    "grossProfit": 8243000000,
    "grossProfitRatio": 0.6205676429,
    "researchAndDevelopmentExpenses": 2676000000,
    "generalAndAdministrativeExpenses": 0,
    "sellingAndMarketingExpenses": 0,
    "sellingGeneralAndAdministrativeExpenses": 3688000000,
    "otherExpenses": 0,
    "operatingExpenses": 6364000000,
    "costAndExpenses": 11404000000,
    "interestIncome": 130000000,
    "interestExpense": 778000000,
    "depreciationAndAmortization": 1731000000,
    "ebitda": 2405000000,
    "ebitdaratio": 0.1810584958,
    "operatingIncome": 1879000000,
    "operatingIncomeRatio": 0.1414590078,
    "totalOtherIncomeExpensesNet": -1982000000,
    "incomeBeforeTax": -103000000,
    "incomeBeforeTaxRatio": -0.0077542724,
    "incomeTaxExpense": -134000000,
    "netIncome": 24000000,
    "netIncomeRatio": 0.0018068207,
    "eps": 0.0042,
    "epsdiluted": 0.0042,
    "weightedAverageShsOut": 5666000000,
    "weightedAverageShsOutDil": 5696000000,
    "link": "https://www.sec.gov/Archives/edgar/data/78003/000007800324000166/0000078003-24-000166-index.htm",
    "finalLink": "https://www.sec.gov/Archives/edgar/data/78003/000007800324000166/pfe-20240630.htm"
  },
  {
    "date": "2024-03-31",
    "symbol": "PFE",
    "reportedCurrency": "USD",
    "cik": "0000078003",
    "fillingDate": "2024-05-08",
    "acceptedDate": "2024-05-08 15:56:17",
    "calendarYear": "2024",
    "period": "Q1",
    "revenue": 14879000000,
    "costOfRevenue": 4381000000,
    "grossProfit": 10498000000,
    "grossProfitRatio": 0.7055581692,
    "researchAndDevelopmentExpenses": 2480000000,
    "generalAndAdministrativeExpenses": 0,
    "sellingAndMarketingExpenses": 0,
    "sellingGeneralAndAdministrativeExpenses": 3459000000,
    "otherExpenses": 0,
    "operatingExpenses": 5939000000,
    "costAndExpenses": 10320000000,
    "interestIncome": 129000000,
    "interestExpense": 790000000,
    "depreciationAndAmortization": 1736000000,
    "ebitda": 5948000000,
    "ebitdaratio": 0.3997580483,
    "operatingIncome": 4559000000,
    "operatingIncomeRatio": 0.3064050003,
    "totalOtherIncomeExpensesNet": -1138000000,
    "incomeBeforeTax": 3421000000,
    "incomeBeforeTaxRatio": 0.2299213657,
    "incomeTaxExpense": 293000000,
    "netIncome": 3120000000,
    "netIncomeRatio": 0.2096915115,
    "eps": 0.5515,
    "epsdiluted": 0.5477,
    "weightedAverageShsOut": 5657000000,
    "weightedAverageShsOutDil": 5697000000,
    "link": "https://www.sec.gov/Archives/edgar/data/78003/000007800324000107/0000078003-24-000107-index.htm",
    "finalLink": "https://www.sec.gov/Archives/edgar/data/78003/000007800324000107/pfe-20240331.htm"
  },
  {
    "date": "2023-12-31",
    "symbol": "PFE",
    "reportedCurrency": "USD",
    "cik": "0000078003",
    "fillingDate": "2024-02-22",
    "acceptedDate": "2024-02-22 13:17:37",
    "calendarYear": "2023",
    "period": "Q4",
    "revenue": 14570000000,
    "costOfRevenue": 8590000000,
    "grossProfit": 5980000000,
    "grossProfitRatio": 0.4104323953,
    "researchAndDevelopmentExpenses": 2773000000,
    "generalAndAdministrativeExpenses": 0,
    "sellingAndMarketingExpenses": 0,
    "sellingGeneralAndAdministrativeExpenses": 4470000000,
    "otherExpenses": 0,
    "operatingExpenses": 7243000000,
    "costAndExpenses": 15833000000,
    "interestIncome": 609000000,
    "interestExpense": 689000000,
    "depreciationAndAmortization": 1670000000,
    "ebitda": -1770000000,
    "ebitdaratio": -0.1214824983,
    "operatingIncome": -1263000000,
    "operatingIncomeRatio": -0.0866849691,
    "totalOtherIncomeExpensesNet": -2866000000,
    "incomeBeforeTax": -4129000000,
    "incomeBeforeTaxRatio": -0.2833905285,
    "incomeTaxExpense": -794000000,
    "netIncome": -3343000000,
    "netIncomeRatio": -0.2294440631,
    "eps": -0.5966,
    "epsdiluted": -0.5966,
    "weightedAverageShsOut": 5647000000,
    "weightedAverageShsOutDil": 5647000000,
    "link": "https://www.sec.gov/Archives/edgar/data/78003/000007800324000039/0000078003-24-000039-index.htm",
    "finalLink": "https://www.sec.gov/Archives/edgar/data/78003/000007800324000039/pfe-20231231.htm"
  },
  {
    "date": "2023-10-01",
    "symbol": "PFE",
    "reportedCurrency": "USD",
    "cik": "0000078003",
    "fillingDate": "2023-11-08",
    "acceptedDate": "2023-11-08 16:00:02",
    "calendarYear": "2023",
    "period": "Q3",
    "revenue": 13491000000,
    "costOfRevenue": 10603000000,
    "grossProfit": 2888000000,
    "grossProfitRatio": 0.2140686384,
    "researchAndDevelopmentExpenses": 2682000000,
    "generalAndAdministrativeExpenses": 0,
    "sellingAndMarketingExpenses": 0,
    "sellingGeneralAndAdministrativeExpenses": 3212000000,
    "otherExpenses": 0,
    "operatingExpenses": 5894000000,
    "costAndExpenses": 16497000000,
    "interestIncome": 523000000,
    "interestExpense": 695000000,
    "depreciationAndAmortization": 1560000000,
    "ebitda": -1097000000,
    "ebitdaratio": -0.0813134682,
    "operatingIncome": -3006000000,
    "operatingIncomeRatio": -0.2228152101,
    "totalOtherIncomeExpensesNet": -346000000,
    "incomeBeforeTax": -3352000000,
    "incomeBeforeTaxRatio": -0.2484619376,
    "incomeTaxExpense": -964000000,
    "netIncome": -2394000000,
    "netIncomeRatio": -0.1774516344,
    "eps": -0.424,
    "epsdiluted": -0.424,
    "weightedAverageShsOut": 5646000000,
    "weightedAverageShsOutDil": 5646000000,
    "link": "https://www.sec.gov/Archives/edgar/data/78003/000007800323000115/0000078003-23-000115-index.htm",
    "finalLink": "https://www.sec.gov/Archives/edgar/data/78003/000007800323000115/pfe-20231001.htm"
  },
  {
    "date": "2023-07-02",
    "symbol": "PFE",
    "reportedCurrency": "USD",
    "cik": "0000078003",
    "fillingDate": "2023-08-09",
    "acceptedDate": "2023-08-09 16:11:52",
    "calendarYear": "2023",
    "period": "Q2",
    "revenue": 13007000000,
    "costOfRevenue": 4595000000,
    "grossProfit": 8412000000,
    "grossProfitRatio": 0.6467286846,
    "researchAndDevelopmentExpenses": 2629000000,
    "generalAndAdministrativeExpenses": 0,
    "sellingAndMarketingExpenses": 0,
    "sellingGeneralAndAdministrativeExpenses": 3432000000,
    "otherExpenses": 0,
    "operatingExpenses": 6061000000,
    "costAndExpenses": 10656000000,
    "interestIncome": 316000000,
    "interestExpense": 508000000,
    "depreciationAndAmortization": 1573000000,
    "ebitda": 4351000000,
    "ebitdaratio": 0.3345121857,
    "operatingIncome": 2351000000,
    "operatingIncomeRatio": 0.1807488276,
    "totalOtherIncomeExpensesNet": -82000000,
    "incomeBeforeTax": 2269000000,
    "incomeBeforeTaxRatio": 0.1744445299,
    "incomeTaxExpense": -71000000,
    "netIncome": 2329000000,
    "netIncomeRatio": 0.1790574306,
    "eps": 0.4125,
    "epsdiluted": 0.4077,
    "weightedAverageShsOut": 5646000000,
    "weightedAverageShsOutDil": 5713000000,
    "link": "https://www.sec.gov/Archives/edgar/data/78003/000007800323000088/0000078003-23-000088-index.htm",
    "finalLink": "https://www.sec.gov/Archives/edgar/data/78003/000007800323000088/pfe-20230702.htm"
  },
  {
    "date": "2023-04-02",
    "symbol": "PFE",
    "reportedCurrency": "USD",
    "cik": "0000078003",
    "fillingDate": "2023-05-10",
    "acceptedDate": "2023-05-10 15:53:31",
    "calendarYear": "2023",
    "period": "Q1",
    "revenue": 18486000000,
    "costOfRevenue": 5950000000,
    "grossProfit": 12536000000,
    "grossProfitRatio": 0.6781348047,
    "researchAndDevelopmentExpenses": 2494000000,
    "generalAndAdministrativeExpenses": 0,
    "sellingAndMarketingExpenses": 0,
    "sellingGeneralAndAdministrativeExpenses": 3357000000,
    "otherExpenses": 0,
    "operatingExpenses": 5851000000,
    "costAndExpenses": 11801000000,
    "interestIncome": 177000000,
    "interestExpense": 318000000,
    "depreciationAndAmortization": 1487000000,
    "ebitda": 8076000000,
    "ebitdaratio": 0.4368711457,
    "operatingIncome": 6685000000,
    "operatingIncomeRatio": 0.3616250135,
    "totalOtherIncomeExpensesNet": -415000000,
    "incomeBeforeTax": 6270000000,
    "incomeBeforeTaxRatio": 0.3391755923,
    "incomeTaxExpense": 715000000,
    "netIncome": 5542000000,
    "netIncomeRatio": 0.299794439,
    "eps": 0.9837,
    "epsdiluted": 0.9677,
    "weightedAverageShsOut": 5634000000,
    "weightedAverageShsOutDil": 5727000000,
    "link": "https://www.sec.gov/Archives/edgar/data/78003/000162828023017196/0001628280-23-017196-index.htm",
    "finalLink": "https://www.sec.gov/Archives/edgar/data/78003/000162828023017196/pfe-20230402.htm"
  },
  {
    "date": "2022-12-31",
    "symbol": "PFE",
    "reportedCurrency": "USD",
    "cik": "0000078003",
    "fillingDate": "2023-02-23",
    "acceptedDate": "2023-02-23 14:12:53",
    "calendarYear": "2022",
    "period": "Q4",
    "revenue": 24290000000,
    "costOfRevenue": 10900000000,
    "grossProfit": 13390000000,
    "grossProfitRatio": 0.5512556608,
    "researchAndDevelopmentExpenses": 3615000000,
    "generalAndAdministrativeExpenses": 0,
    "sellingAndMarketingExpenses": 0,
    "sellingGeneralAndAdministrativeExpenses": 4427000000,
    "otherExpenses": 0,
    "operatingExpenses": 8042000000,
    "costAndExpenses": 18942000000,
    "interestIncome": 137000000,
    "interestExpense": 313000000,
    "depreciationAndAmortization": 1519000000,
    "ebitda": 7064000000,
    "ebitdaratio": 0.2908192672,
    "operatingIncome": 5348000000,
    "operatingIncomeRatio": 0.2201729107,
    "totalOtherIncomeExpensesNet": -117000000,
    "incomeBeforeTax": 5231000000,
    "incomeBeforeTaxRatio": 0.2153561136,
    "incomeTaxExpense": 230000000,
    "netIncome": 4993000000,
    "netIncomeRatio": 0.2055578427,
    "eps": 0.889,
    "epsdiluted": 0.8692,
    "weightedAverageShsOut": 5615000000,
    "weightedAverageShsOutDil": 5743000000,
    "link": "https://www.sec.gov/Archives/edgar/data/78003/000007800323000024/0000078003-23-000024-index.htm",
    "finalLink": "https://www.sec.gov/Archives/edgar/data/78003/000007800323000024/pfe-20221231.htm"
  },
  {
    "date": "2022-10-02",
    "symbol": "PFE",
    "reportedCurrency": "USD",
    "cik": "0000078003",
    "fillingDate": "2022-11-09",
    "acceptedDate": "2022-11-09 16:05:15",
    "calendarYear": "2022",
    "period": "Q3",
    "revenue": 22638000000,
    "costOfRevenue": 6989000000,
    "grossProfit": 15649000000,
    "grossProfitRatio": 0.6912713137,
    "researchAndDevelopmentExpenses": 2696000000,
    "generalAndAdministrativeExpenses": 0,
    "sellingAndMarketingExpenses": 0,
    "sellingGeneralAndAdministrativeExpenses": 3254000000,
    "otherExpenses": 0,
    "operatingExpenses": 5950000000,
    "costAndExpenses": 12939000000,
    "interestIncome": 70000000,
    "interestExpense": 311000000,
    "depreciationAndAmortization": 1183000000,
    "ebitda": 10495000000,
    "ebitdaratio": 0.4636010248,
    "operatingIncome": 9699000000,
    "operatingIncomeRatio": 0.428438908,
    "totalOtherIncomeExpensesNet": -698000000,
    "incomeBeforeTax": 9001000000,
    "incomeBeforeTaxRatio": 0.3976057956,
    "incomeTaxExpense": 356000000,
    "netIncome": 8630000000,
    "netIncomeRatio": 0.381217422,
    "eps": 1.539,
    "epsdiluted": 1.5091,
    "weightedAverageShsOut": 5607000000,
    "weightedAverageShsOutDil": 5718000000,
    "link": "https://www.sec.gov/Archives/edgar/data/78003/000007800322000101/0000078003-22-000101-index.htm",
    "finalLink": "https://www.sec.gov/Archives/edgar/data/78003/000007800322000101/pfe-20221002.htm"
  },
  {
    "date": "2022-07-03",
    "symbol": "PFE",
    "reportedCurrency": "USD",
    "cik": "0000078003",
    "fillingDate": "2022-08-10",
    "acceptedDate": "2022-08-10 16:26:18",
    "calendarYear": "2022",
    "period": "Q2",
    "revenue": 27742000000,
    "costOfRevenue": 9066000000,
    "grossProfit": 18676000000,
    "grossProfitRatio": 0.6732030856,
    "researchAndDevelopmentExpenses": 2815000000,
    "generalAndAdministrativeExpenses": 0,
    "sellingAndMarketingExpenses": 0,
    "sellingGeneralAndAdministrativeExpenses": 2914000000,
    "otherExpenses": 0,
    "operatingExpenses": 5729000000,
    "costAndExpenses": 14795000000,
    "interestIncome": 30000000,
    "interestExpense": 293000000,
    "depreciationAndAmortization": 1175000000,
    "ebitda": 12914000000,
    "ebitdaratio": 0.4655035686,
    "operatingIncome": 12947000000,
    "operatingIncomeRatio": 0.4666931007,
    "totalOtherIncomeExpensesNet": -1500000000,
    "incomeBeforeTax": 11447000000,
    "incomeBeforeTaxRatio": 0.412623459,
    "incomeTaxExpense": 1570000000,
    "netIncome": 9871000000,
    "netIncomeRatio": 0.3558142888,
    "eps": 1.7651,
    "epsdiluted": 1.7283,
    "weightedAverageShsOut": 5593000000,
    "weightedAverageShsOutDil": 5712000000,
    "link": "https://www.sec.gov/Archives/edgar/data/78003/000007800322000094/0000078003-22-000094-index.htm",
    "finalLink": "https://www.sec.gov/Archives/edgar/data/78003/000007800322000094/pfe-20220703.htm"
  },
  {
    "date": "2022-04-03",
    "symbol": "PFE",
    "reportedCurrency": "USD",
    "cik": "0000078003",
    "fillingDate": "2022-05-11",
    "acceptedDate": "2022-05-11 16:19:49",
    "calendarYear": "2022",
    "period": "Q1",
    "revenue": 25661000000,
    "costOfRevenue": 10798000000,
    "grossProfit": 14863000000,
    "grossProfitRatio": 0.5792057987,
    "researchAndDevelopmentExpenses": 2301000000,
    "generalAndAdministrativeExpenses": 0,
    "sellingAndMarketingExpenses": 0,
    "sellingGeneralAndAdministrativeExpenses": 2519000000,
    "otherExpenses": 0,
    "operatingExpenses": 4820000000,
    "costAndExpenses": 15618000000,
    "interestIncome": 14000000,
    "interestExpense": 322000000,
    "depreciationAndAmortization": 1187000000,
    "ebitda": 10560000000,
    "ebitdaratio": 0.4115194264,
    "operatingIncome": 10043000000,
    "operatingIncomeRatio": 0.3913721211,
    "totalOtherIncomeExpensesNet": -993000000,
    "incomeBeforeTax": 9050000000,
    "incomeBeforeTaxRatio": 0.352675266,
    "incomeTaxExpense": 1172000000,
    "netIncome": 7873000000,
    "netIncomeRatio": 0.3068079966,
    "eps": 1.4016,
    "epsdiluted": 1.3673,
    "weightedAverageShsOut": 5617000000,
    "weightedAverageShsOutDil": 5758000000,
    "link": "https://www.sec.gov/Archives/edgar/data/78003/000007800322000071/0000078003-22-000071-index.htm",
    "finalLink": "https://www.sec.gov/Archives/edgar/data/78003/000007800322000071/pfe-20220403.htm"
  },
  {
    "date": "2021-12-31",
    "symbol": "PFE",
    "reportedCurrency": "USD",
    "cik": "0000078003",
    "fillingDate": "2022-02-24",
    "acceptedDate": "2022-02-24 14:25:01",
    "calendarYear": "2021",
    "period": "Q4",
    "revenue": 23838000000,
    "costOfRevenue": 10678000000,
    "grossProfit": 13160000000,
    "grossProfitRatio": 0.5520597366,
    "researchAndDevelopmentExpenses": 5915000000,
    "generalAndAdministrativeExpenses": 0,
    "sellingAndMarketingExpenses": 0,
    "sellingGeneralAndAdministrativeExpenses": 3965000000,
    "otherExpenses": 0,
    "operatingExpenses": 9880000000,
    "costAndExpenses": 20558000000,
    "interestIncome": 14000000,
    "interestExpense": 315000000,
    "depreciationAndAmortization": 1277000000,
    "ebitda": 5418000000,
    "ebitdaratio": 0.2272841681,
    "operatingIncome": 3280000000,
    "operatingIncomeRatio": 0.1375954359,
    "totalOtherIncomeExpensesNet": 547000000,
    "incomeBeforeTax": 3827000000,
    "incomeBeforeTaxRatio": 0.1605419918,
    "incomeTaxExpense": 249000000,
    "netIncome": 3393000000,
    "netIncomeRatio": 0.1423357664,
    "eps": 0.6042,
    "epsdiluted": 0.5883,
    "weightedAverageShsOut": 5616000000,
    "weightedAverageShsOutDil": 5768000000,
    "link": "https://www.sec.gov/Archives/edgar/data/78003/000007800322000027/0000078003-22-000027-index.htm",
    "finalLink": "https://www.sec.gov/Archives/edgar/data/78003/000007800322000027/pfe-20211231.htm"
  },
  {
    "date": "2021-10-03",
    "symbol": "PFE",
    "reportedCurrency": "USD",
    "cik": "0000078003",
    "fillingDate": "2021-11-12",
    "acceptedDate": "2021-11-12 06:06:57",
    "calendarYear": "2021",
    "period": "Q3",
    "revenue": 24035000000,
    "costOfRevenue": 10855000000,
    "grossProfit": 13180000000,
    "grossProfitRatio": 0.5483669648,
    "researchAndDevelopmentExpenses": 2681000000,
    "generalAndAdministrativeExpenses": 0,
    "sellingAndMarketingExpenses": 0,
    "sellingGeneralAndAdministrativeExpenses": 2749000000,
    "otherExpenses": 0,
    "operatingExpenses": 5430000000,
    "costAndExpenses": 16285000000,
    "interestIncome": 10000000,
    "interestExpense": 325000000,
    "depreciationAndAmortization": 1341000000,
    "ebitda": 9509000000,
    "ebitdaratio": 0.3956313709,
    "operatingIncome": 7750000000,
    "operatingIncomeRatio": 0.3224464323,
    "totalOtherIncomeExpensesNet": 93000000,
    "incomeBeforeTax": 7843000000,
    "incomeBeforeTaxRatio": 0.3263157895,
    "incomeTaxExpense": -328000000,
    "netIncome": 8159000000,
    "netIncomeRatio": 0.3394632827,
    "eps": 1.4546,
    "epsdiluted": 1.4252,
    "weightedAverageShsOut": 5609000000,
    "weightedAverageShsOutDil": 5725000000,
    "link": "https://www.sec.gov/Archives/edgar/data/78003/000007800321000107/0000078003-21-000107-index.htm",
    "finalLink": "https://www.sec.gov/Archives/edgar/data/78003/000007800321000107/pfe-20211003.htm"
  },
  {
    "date": "2021-07-04",
    "symbol": "PFE",
    "reportedCurrency": "USD",
    "cik": "0000078003",
    "fillingDate": "2021-08-12",
    "acceptedDate": "2021-08-12 16:01:31",
    "calendarYear": "2021",
    "period": "Q2",
    "revenue": 18899000000,
    "costOfRevenue": 7845000000,
    "grossProfit": 11054000000,
    "grossProfitRatio": 0.5848986719,
    "researchAndDevelopmentExpenses": 2239000000,
    "generalAndAdministrativeExpenses": 0,
    "sellingAndMarketingExpenses": 0,
    "sellingGeneralAndAdministrativeExpenses": 2827000000,
    "otherExpenses": 0,
    "operatingExpenses": 5066000000,
    "costAndExpenses": 12911000000,
    "interestIncome": 13000000,
    "interestExpense": 316000000,
    "depreciationAndAmortization": 1308000000,
    "ebitda": 8572000000,
    "ebitdaratio": 0.4535689719,
    "operatingIncome": 5988000000,
    "operatingIncomeRatio": 0.316842161,
    "totalOtherIncomeExpensesNet": 961000000,
    "incomeBeforeTax": 6949000000,
    "incomeBeforeTaxRatio": 0.3676914122,
    "incomeTaxExpense": 1123000000,
    "netIncome": 5799000000,
    "netIncomeRatio": 0.3068416318,
    "eps": 1.0359,
    "epsdiluted": 1.0213,
    "weightedAverageShsOut": 5598000000,
    "weightedAverageShsOutDil": 5678000000,
    "link": "https://www.sec.gov/Archives/edgar/data/78003/000007800321000093/0000078003-21-000093-index.htm",
    "finalLink": "https://www.sec.gov/Archives/edgar/data/78003/000007800321000093/pfe-20210704.htm"
  },
  {
    "date": "2021-04-04",
    "symbol": "PFE",
    "reportedCurrency": "USD",
    "cik": "0000078003",
    "fillingDate": "2021-05-13",
    "acceptedDate": "2021-05-13 11:32:26",
    "calendarYear": "2021",
    "period": "Q1",
    "revenue": 14516000000,
    "costOfRevenue": 4998000000,
    "grossProfit": 9518000000,
    "grossProfitRatio": 0.6556902728,
    "researchAndDevelopmentExpenses": 1994000000,
    "generalAndAdministrativeExpenses": 0,
    "sellingAndMarketingExpenses": 0,
    "sellingGeneralAndAdministrativeExpenses": 2713000000,
    "otherExpenses": 0,
    "operatingExpenses": 4707000000,
    "costAndExpenses": 9705000000,
    "interestIncome": 0,
    "interestExpense": 336000000,
    "depreciationAndAmortization": 1207000000,
    "ebitda": 7236000000,
    "ebitdaratio": 0.498484431,
    "operatingIncome": 4811000000,
    "operatingIncomeRatio": 0.3314273905,
    "totalOtherIncomeExpensesNet": 881000000,
    "incomeBeforeTax": 5692000000,
    "incomeBeforeTaxRatio": 0.3921190411,
    "incomeTaxExpense": 808000000,
    "netIncome": 4877000000,
    "netIncomeRatio": 0.3359740975,
    "eps": 0.8734,
    "epsdiluted": 0.8614,
    "weightedAverageShsOut": 5584000000,
    "weightedAverageShsOutDil": 5662000000,
    "link": "https://www.sec.gov/Archives/edgar/data/78003/000007800321000065/0000078003-21-000065-index.htm",
    "finalLink": "https://www.sec.gov/Archives/edgar/data/78003/000007800321000065/pfe-20210404.htm"
  },
  {
    "date": "2020-12-31",
    "symbol": "PFE",
    "reportedCurrency": "USD",
    "cik": "0000078003",
    "fillingDate": "2021-02-25",
    "acceptedDate": "2021-02-25 13:59:00",
    "calendarYear": "2020",
    "period": "Q4",
    "revenue": 11634000000,
    "costOfRevenue": 3691000000,
    "grossProfit": 7943000000,
    "grossProfitRatio": 0.6827402441,
    "researchAndDevelopmentExpenses": 3352000000,
    "generalAndAdministrativeExpenses": 0,
    "sellingAndMarketingExpenses": 0,
    "sellingGeneralAndAdministrativeExpenses": 3670000000,
    "otherExpenses": 0,
    "operatingExpenses": 7022000000,
    "costAndExpenses": 10713000000,
    "interestIncome": 4000000,
    "interestExpense": 347000000,
    "depreciationAndAmortization": 1108000000,
    "ebitda": 2007000000,
    "ebitdaratio": 0.1725116039,
    "operatingIncome": 921000000,
    "operatingIncomeRatio": 0.0791645178,
    "totalOtherIncomeExpensesNet": -367000000,
    "incomeBeforeTax": 554000000,
    "incomeBeforeTaxRatio": 0.0476190476,
    "incomeTaxExpense": -80000000,
    "netIncome": 847000000,
    "netIncomeRatio": 0.0728038508,
    "eps": 0.1523,
    "epsdiluted": 0.1496,
    "weightedAverageShsOut": 5562000000,
    "weightedAverageShsOutDil": 5662000000,
    "link": "https://www.sec.gov/Archives/edgar/data/78003/000007800321000038/0000078003-21-000038-index.htm",
    "finalLink": "https://www.sec.gov/Archives/edgar/data/78003/000007800321000038/pfe-20201231.htm"
  },
  {
    "date": "2020-09-27",
    "symbol": "PFE",
    "reportedCurrency": "USD",
    "cik": "0000078003",
    "fillingDate": "2020-11-05",
    "acceptedDate": "2020-11-05 16:57:23",
    "calendarYear": "2020",
    "period": "Q3",
    "revenue": 10277000000,
    "costOfRevenue": 2856000000,
    "grossProfit": 7421000000,
    "grossProfitRatio": 0.7220978885,
    "researchAndDevelopmentExpenses": 2299000000,
    "generalAndAdministrativeExpenses": 0,
    "sellingAndMarketingExpenses": 0,
    "sellingGeneralAndAdministrativeExpenses": 2622000000,
    "otherExpenses": 0,
    "operatingExpenses": 4921000000,
    "costAndExpenses": 7777000000,
    "interestIncome": 15000000,
    "interestExpense": 345000000,
    "depreciationAndAmortization": 1208000000,
    "ebitda": 2122000000,
    "ebitdaratio": 0.2064804904,
    "operatingIncome": 2500000000,
    "operatingIncomeRatio": 0.2432616522,
    "totalOtherIncomeExpensesNet": -1930000000,
    "incomeBeforeTax": 570000000,
    "incomeBeforeTaxRatio": 0.0554636567,
    "incomeTaxExpense": -347000000,
    "netIncome": 1469000000,
    "netIncomeRatio": 0.1429405469,
    "eps": 0.2643,
    "epsdiluted": 0.2608,
    "weightedAverageShsOut": 5557000000,
    "weightedAverageShsOutDil": 5633000000,
    "link": "https://www.sec.gov/Archives/edgar/data/78003/000007800320000070/0000078003-20-000070-index.htm",
    "finalLink": "https://www.sec.gov/Archives/edgar/data/78003/000007800320000070/pfe-20200927.htm"
  },
  {
    "date": "2020-06-28",
    "symbol": "PFE",
    "reportedCurrency": "USD",
    "cik": "0000078003",
    "fillingDate": "2020-08-06",
    "acceptedDate": "2020-08-06 16:10:38",
    "calendarYear": "2020",
    "period": "Q2",
    "revenue": 9864000000,
    "costOfRevenue": 2682000000,
    "grossProfit": 7182000000,
    "grossProfitRatio": 0.7281021898,
    "researchAndDevelopmentExpenses": 2075000000,
    "generalAndAdministrativeExpenses": 0,
    "sellingAndMarketingExpenses": 0,
    "sellingGeneralAndAdministrativeExpenses": 2596000000,
    "otherExpenses": 0,
    "operatingExpenses": 4671000000,
    "costAndExpenses": 7353000000,
    "interestIncome": 19000000,
    "interestExpense": 367000000,
    "depreciationAndAmortization": 1199000000,
    "ebitda": 4593000000,
    "ebitdaratio": 0.4656326034,
    "operatingIncome": 2511000000,
    "operatingIncomeRatio": 0.2545620438,
    "totalOtherIncomeExpensesNet": 515000000,
    "incomeBeforeTax": 3026000000,
    "incomeBeforeTaxRatio": 0.3067721006,
    "incomeTaxExpense": 422000000,
    "netIncome": 3489000000,
    "netIncomeRatio": 0.3537104623,
    "eps": 0.6282,
    "epsdiluted": 0.6209,
    "weightedAverageShsOut": 5554000000,
    "weightedAverageShsOutDil": 5619000000,
    "link": "https://www.sec.gov/Archives/edgar/data/78003/000007800320000060/0000078003-20-000060-index.htm",
    "finalLink": "https://www.sec.gov/Archives/edgar/data/78003/000007800320000060/pfe-06282020x10q.htm"
  },
  {
    "date": "2020-03-29",
    "symbol": "PFE",
    "reportedCurrency": "USD",
    "cik": "0000078003",
    "fillingDate": "2020-05-07",
    "acceptedDate": "2020-05-07 10:42:57",
    "calendarYear": "2020",
    "period": "Q1",
    "revenue": 10083000000,
    "costOfRevenue": 2776000000,
    "grossProfit": 7307000000,
    "grossProfitRatio": 0.7246851136,
    "researchAndDevelopmentExpenses": 1677000000,
    "generalAndAdministrativeExpenses": 0,
    "sellingAndMarketingExpenses": 0,
    "sellingGeneralAndAdministrativeExpenses": 2526000000,
    "otherExpenses": 0,
    "operatingExpenses": 4203000000,
    "costAndExpenses": 6979000000,
    "interestIncome": 34000000,
    "interestExpense": 390000000,
    "depreciationAndAmortization": 1166000000,
    "ebitda": 4398000000,
    "ebitdaratio": 0.4361797084,
    "operatingIncome": 3104000000,
    "operatingIncomeRatio": 0.3078448874,
    "totalOtherIncomeExpensesNet": -262000000,
    "incomeBeforeTax": 2842000000,
    "incomeBeforeTaxRatio": 0.2818605574,
    "incomeTaxExpense": 359000000,
    "netIncome": 3355000000,
    "netIncomeRatio": 0.3327382723,
    "eps": 0.6049,
    "epsdiluted": 0.5975,
    "weightedAverageShsOut": 5545000000,
    "weightedAverageShsOutDil": 5613000000,
    "link": "https://www.sec.gov/Archives/edgar/data/78003/000007800320000037/0000078003-20-000037-index.htm",
    "finalLink": "https://www.sec.gov/Archives/edgar/data/78003/000007800320000037/pfe-03292020x10q.htm"
  },
  {
    "date": "2019-12-31",
    "symbol": "PFE",
    "reportedCurrency": "USD",
    "cik": "0000078003",
    "fillingDate": "2020-02-27",
    "acceptedDate": "2020-02-27 14:15:12",
    "calendarYear": "2019",
    "period": "Q4",
    "revenue": 12688000000,
    "costOfRevenue": 3616000000,
    "grossProfit": 9072000000,
    "grossProfitRatio": 0.7150063052,
    "researchAndDevelopmentExpenses": 2814000000,
    "generalAndAdministrativeExpenses": 0,
    "sellingAndMarketingExpenses": 0,
    "sellingGeneralAndAdministrativeExpenses": 4214000000,
    "otherExpenses": 0,
    "operatingExpenses": 7028000000,
    "costAndExpenses": 10644000000,
    "interestIncome": 41000000,
    "interestExpense": 415000000,
    "depreciationAndAmortization": 1384000000,
    "ebitda": 291000000,
    "ebitdaratio": 0.0229350567,
    "operatingIncome": 2044000000,
    "operatingIncomeRatio": 0.1610970996,
    "totalOtherIncomeExpensesNet": -3552000000,
    "incomeBeforeTax": -1508000000,
    "incomeBeforeTaxRatio": -0.118852459,
    "incomeTaxExpense": -1181000000,
    "netIncome": -337000000,
    "netIncomeRatio": -0.0265605296,
    "eps": -0.0609,
    "epsdiluted": -0.0609,
    "weightedAverageShsOut": 5535000000,
    "weightedAverageShsOutDil": 5631000000,
    "link": "https://www.sec.gov/Archives/edgar/data/78003/000007800320000014/0000078003-20-000014-index.htm",
    "finalLink": "https://www.sec.gov/Archives/edgar/data/78003/000007800320000014/pfe-12312019x10kshell.htm"
  },
  {
    "date": "2019-09-29",
    "symbol": "PFE",
    "reportedCurrency": "USD",
    "cik": "0000078003",
    "fillingDate": "2019-11-07",
    "acceptedDate": "2019-11-07 15:55:42",
    "calendarYear": "2019",
    "period": "Q3",
    "revenue": 12680000000,
    "costOfRevenue": 3794000000,
    "grossProfit": 8886000000,
    "grossProfitRatio": 0.7007886435,
    "researchAndDevelopmentExpenses": 2280000000,
    "generalAndAdministrativeExpenses": 0,
    "sellingAndMarketingExpenses": 0,
    "sellingGeneralAndAdministrativeExpenses": 3237000000,
    "otherExpenses": 0,
    "operatingExpenses": 5517000000,
    "costAndExpenses": 9311000000,
    "interestIncome": 60000000,
    "interestExpense": 409000000,
    "depreciationAndAmortization": 1553000000,
    "ebitda": 12689000000,
    "ebitdaratio": 1.0007097792,
    "operatingIncome": 3369000000,
    "operatingIncomeRatio": 0.2656940063,
    "totalOtherIncomeExpensesNet": 7358000000,
    "incomeBeforeTax": 10727000000,
    "incomeBeforeTaxRatio": 0.845977918,
    "incomeTaxExpense": 3047000000,
    "netIncome": 7680000000,
    "netIncomeRatio": 0.6056782334,
    "eps": 1.38,
    "epsdiluted": 1.36,
    "weightedAverageShsOut": 5545000000,
    "weightedAverageShsOutDil": 5649000000,
    "link": "https://www.sec.gov/Archives/edgar/data/78003/000007800319000082/0000078003-19-000082-index.htm",
    "finalLink": "https://www.sec.gov/Archives/edgar/data/78003/000007800319000082/pfe-09292019x10q.htm"
  },
  {
    "date": "2019-06-30",
    "symbol": "PFE",
    "reportedCurrency": "USD",
    "cik": "0000078003",
    "fillingDate": "2019-08-08",
    "acceptedDate": "2019-08-08 16:23:48",
    "calendarYear": "2019",
    "period": "Q2",
    "revenue": 13264000000,
    "costOfRevenue": 3736000000,
    "grossProfit": 9528000000,
    "grossProfitRatio": 0.7183353438,
    "researchAndDevelopmentExpenses": 1831000000,
    "generalAndAdministrativeExpenses": 0,
    "sellingAndMarketingExpenses": 0,
    "sellingGeneralAndAdministrativeExpenses": 3494000000,
    "otherExpenses": 0,
    "operatingExpenses": 5325000000,
    "costAndExpenses": 9061000000,
    "interestIncome": 59000000,
    "interestExpense": 389000000,
    "depreciationAndAmortization": 1528000000,
    "ebitda": 6058000000,
    "ebitdaratio": 0.4567249698,
    "operatingIncome": 4203000000,
    "operatingIncomeRatio": 0.3168727382,
    "totalOtherIncomeExpensesNet": -62000000,
    "incomeBeforeTax": 4141000000,
    "incomeBeforeTaxRatio": 0.3121984318,
    "incomeTaxExpense": -915000000,
    "netIncome": 5046000000,
    "netIncomeRatio": 0.3804282268,
    "eps": 0.91,
    "epsdiluted": 0.89,
    "weightedAverageShsOut": 5562000000,
    "weightedAverageShsOutDil": 5672000000,
    "link": "https://www.sec.gov/Archives/edgar/data/78003/000007800319000064/0000078003-19-000064-index.htm",
    "finalLink": "https://www.sec.gov/Archives/edgar/data/78003/000007800319000064/pfe-06302019x10q.htm"
  },
  {
    "date": "2019-03-31",
    "symbol": "PFE",
    "reportedCurrency": "USD",
    "cik": "0000078003",
    "fillingDate": "2019-05-09",
    "acceptedDate": "2019-05-09 16:09:55",
    "calendarYear": "2019",
    "period": "Q1",
    "revenue": 13118000000,
    "costOfRevenue": 3594000000,
    "grossProfit": 9524000000,
    "grossProfitRatio": 0.7260253087,
    "researchAndDevelopmentExpenses": 1696000000,
    "generalAndAdministrativeExpenses": 0,
    "sellingAndMarketingExpenses": 0,
    "sellingGeneralAndAdministrativeExpenses": 3329000000,
    "otherExpenses": 0,
    "operatingExpenses": 5025000000,
    "costAndExpenses": 8619000000,
    "interestIncome": 66000000,
    "interestExpense": 361000000,
    "depreciationAndAmortization": 1545000000,
    "ebitda": 6229000000,
    "ebitdaratio": 0.4748437262,
    "operatingIncome": 4499000000,
    "operatingIncomeRatio": 0.3429638664,
    "totalOtherIncomeExpensesNet": -176000000,
    "incomeBeforeTax": 4323000000,
    "incomeBeforeTaxRatio": 0.3295471871,
    "incomeTaxExpense": 433000000,
    "netIncome": 3883000000,
    "netIncomeRatio": 0.2960054886,
    "eps": 0.69,
    "epsdiluted": 0.68,
    "weightedAverageShsOut": 5635000000,
    "weightedAverageShsOutDil": 5750000000,
    "link": "https://www.sec.gov/Archives/edgar/data/78003/000007800319000026/0000078003-19-000026-index.htm",
    "finalLink": "https://www.sec.gov/Archives/edgar/data/78003/000007800319000026/pfe-03312019x10q.htm"
  },
  {
    "date": "2018-12-31",
    "symbol": "PFE",
    "reportedCurrency": "USD",
    "cik": "0000078003",
    "fillingDate": "2019-02-28",
    "acceptedDate": "2019-02-28 14:35:32",
    "calendarYear": "2018",
    "period": "Q4",
    "revenue": 13976000000,
    "costOfRevenue": 4295000000,
    "grossProfit": 9681000000,
    "grossProfitRatio": 0.6926874642,
    "researchAndDevelopmentExpenses": 2440000000,
    "generalAndAdministrativeExpenses": 0,
    "sellingAndMarketingExpenses": 0,
    "sellingGeneralAndAdministrativeExpenses": 3986000000,
    "otherExpenses": 0,
    "operatingExpenses": 6426000000,
    "costAndExpenses": 10721000000,
    "interestIncome": 93000000,
    "interestExpense": 370000000,
    "depreciationAndAmortization": 1641000000,
    "ebitda": 1065000000,
    "ebitdaratio": 0.0762020607,
    "operatingIncome": 3255000000,
    "operatingIncomeRatio": 0.2328992559,
    "totalOtherIncomeExpensesNet": -4201000000,
    "incomeBeforeTax": -946000000,
    "incomeBeforeTaxRatio": -0.0676874642,
    "incomeTaxExpense": -563000000,
    "netIncome": -394000000,
    "netIncomeRatio": -0.0281911849,
    "eps": -0.07,
    "epsdiluted": -0.07,
    "weightedAverageShsOut": 5788000000,
    "weightedAverageShsOutDil": 5788000000,
    "link": "https://www.sec.gov/Archives/edgar/data/78003/000007800319000015/0000078003-19-000015-index.htm",
    "finalLink": "https://www.sec.gov/Archives/edgar/data/78003/000007800319000015/pfe-12312018x10kshell.htm"
  },
  {
    "date": "2018-09-30",
    "symbol": "PFE",
    "reportedCurrency": "USD",
    "cik": "0000078003",
    "fillingDate": "2018-11-08",
    "acceptedDate": "2018-11-08 16:42:41",
    "calendarYear": "2018",
    "period": "Q3",
    "revenue": 13298000000,
    "costOfRevenue": 3926000000,
    "grossProfit": 9372000000,
    "grossProfitRatio": 0.7047676342,
    "researchAndDevelopmentExpenses": 1999000000,
    "generalAndAdministrativeExpenses": 0,
    "sellingAndMarketingExpenses": 0,
    "sellingGeneralAndAdministrativeExpenses": 3477000000,
    "otherExpenses": 0,
    "operatingExpenses": 5476000000,
    "costAndExpenses": 9402000000,
    "interestIncome": 82000000,
    "interestExpense": 310000000,
    "depreciationAndAmortization": 1614000000,
    "ebitda": 6101000000,
    "ebitdaratio": 0.4587907956,
    "operatingIncome": 3896000000,
    "operatingIncomeRatio": 0.2929763874,
    "totalOtherIncomeExpensesNet": 281000000,
    "incomeBeforeTax": 4177000000,
    "incomeBeforeTaxRatio": 0.3141073846,
    "incomeTaxExpense": 66000000,
    "netIncome": 4114000000,
    "netIncomeRatio": 0.30936983,
    "eps": 0.7,
    "epsdiluted": 0.69,
    "weightedAverageShsOut": 5875000000,
    "weightedAverageShsOutDil": 5986000000,
    "link": "https://www.sec.gov/Archives/edgar/data/78003/000007800318000091/0000078003-18-000091-index.htm",
    "finalLink": "https://www.sec.gov/Archives/edgar/data/78003/000007800318000091/pfe-09302018x10q.htm"
  },
  {
    "date": "2018-07-01",
    "symbol": "PFE",
    "reportedCurrency": "USD",
    "cik": "0000078003",
    "fillingDate": "2018-08-09",
    "acceptedDate": "2018-08-09 16:29:29",
    "calendarYear": "2018",
    "period": "Q2",
    "revenue": 13466000000,
    "costOfRevenue": 4087000000,
    "grossProfit": 9379000000,
    "grossProfitRatio": 0.696494876,
    "researchAndDevelopmentExpenses": 1790000000,
    "generalAndAdministrativeExpenses": 0,
    "sellingAndMarketingExpenses": 0,
    "sellingGeneralAndAdministrativeExpenses": 3526000000,
    "otherExpenses": 0,
    "operatingExpenses": 5316000000,
    "costAndExpenses": 9403000000,
    "interestIncome": 80000000,
    "interestExpense": 326000000,
    "depreciationAndAmortization": 1562000000,
    "ebitda": 6415000000,
    "ebitdaratio": 0.4763849696,
    "operatingIncome": 4063000000,
    "operatingIncomeRatio": 0.3017228576,
    "totalOtherIncomeExpensesNet": 464000000,
    "incomeBeforeTax": 4527000000,
    "incomeBeforeTaxRatio": 0.3361800089,
    "incomeTaxExpense": 648000000,
    "netIncome": 3872000000,
    "netIncomeRatio": 0.2875389871,
    "eps": 0.66,
    "epsdiluted": 0.65,
    "weightedAverageShsOut": 5866000000,
    "weightedAverageShsOutDil": 5952000000,
    "link": "https://www.sec.gov/Archives/edgar/data/78003/000007800318000070/0000078003-18-000070-index.htm",
    "finalLink": "https://www.sec.gov/Archives/edgar/data/78003/000007800318000070/pfe-07012018x10q.htm"
  },
  {
    "date": "2018-04-01",
    "symbol": "PFE",
    "reportedCurrency": "USD",
    "cik": "0000078003",
    "fillingDate": "2018-05-10",
    "acceptedDate": "2018-05-10 13:32:01",
    "calendarYear": "2018",
    "period": "Q1",
    "revenue": 12906000000,
    "costOfRevenue": 3726000000,
    "grossProfit": 9180000000,
    "grossProfitRatio": 0.7112970711,
    "researchAndDevelopmentExpenses": 1737000000,
    "generalAndAdministrativeExpenses": 0,
    "sellingAndMarketingExpenses": 0,
    "sellingGeneralAndAdministrativeExpenses": 3395000000,
    "otherExpenses": 0,
    "operatingExpenses": 5132000000,
    "costAndExpenses": 8858000000,
    "interestIncome": 77000000,
    "interestExpense": 310000000,
    "depreciationAndAmortization": 1567000000,
    "ebitda": 6004000000,
    "ebitdaratio": 0.4652099799,
    "operatingIncome": 4048000000,
    "operatingIncomeRatio": 0.3136525647,
    "totalOtherIncomeExpensesNet": 79000000,
    "incomeBeforeTax": 4127000000,
    "incomeBeforeTaxRatio": 0.3197737486,
    "incomeTaxExpense": 556000000,
    "netIncome": 3560000000,
    "netIncomeRatio": 0.2758406943,
    "eps": 0.6,
    "epsdiluted": 0.59,
    "weightedAverageShsOut": 5957000000,
    "weightedAverageShsOutDil": 6057000000,
    "link": "https://www.sec.gov/Archives/edgar/data/78003/000007800318000045/0000078003-18-000045-index.htm",
    "finalLink": "https://www.sec.gov/Archives/edgar/data/78003/000007800318000045/pfe-04012018x10q.htm"
  },
  {
    "date": "2017-12-31",
    "symbol": "PFE",
    "reportedCurrency": "USD",
    "cik": "0000078003",
    "fillingDate": "2018-02-22",
    "acceptedDate": "2018-02-22 15:42:15",
    "calendarYear": "2017",
    "period": "Q4",
    "revenue": 13703000000,
    "costOfRevenue": 4385000000,
    "grossProfit": 9318000000,
    "grossProfitRatio": 0.6799970809,
    "researchAndDevelopmentExpenses": 2304000000,
    "generalAndAdministrativeExpenses": 0,
    "sellingAndMarketingExpenses": 0,
    "sellingGeneralAndAdministrativeExpenses": 4530000000,
    "otherExpenses": 0,
    "operatingExpenses": 6834000000,
    "costAndExpenses": 11219000000,
    "interestIncome": 117000000,
    "interestExpense": 329000000,
    "depreciationAndAmortization": 1574000000,
    "ebitda": 2856000000,
    "ebitdaratio": 0.2084215135,
    "operatingIncome": 2484000000,
    "operatingIncomeRatio": 0.1812741735,
    "totalOtherIncomeExpensesNet": -1531000000,
    "incomeBeforeTax": 953000000,
    "incomeBeforeTaxRatio": 0.0695468146,
    "incomeTaxExpense": -11335000000,
    "netIncome": 12274000000,
    "netIncomeRatio": 0.8957162665,
    "eps": 2.06,
    "epsdiluted": 2.02,
    "weightedAverageShsOut": 5963000000,
    "weightedAverageShsOutDil": 6064000000,
    "link": "https://www.sec.gov/Archives/edgar/data/78003/000007800318000027/0000078003-18-000027-index.htm",
    "finalLink": "https://www.sec.gov/Archives/edgar/data/78003/000007800318000027/pfe-12312017x10kshell.htm"
  },
  {
    "date": "2017-10-01",
    "symbol": "PFE",
    "reportedCurrency": "USD",
    "cik": "0000078003",
    "fillingDate": "2017-11-09",
    "acceptedDate": "2017-11-09 16:04:36",
    "calendarYear": "2017",
    "period": "Q3",
    "revenue": 13168000000,
    "costOfRevenue": 3959000000,
    "grossProfit": 9209000000,
    "grossProfitRatio": 0.6993469016,
    "researchAndDevelopmentExpenses": 1850000000,
    "generalAndAdministrativeExpenses": 0,
    "sellingAndMarketingExpenses": 0,
    "sellingGeneralAndAdministrativeExpenses": 3478000000,
    "otherExpenses": 0,
    "operatingExpenses": 5328000000,
    "costAndExpenses": 9287000000,
    "interestIncome": 99000000,
    "interestExpense": 320000000,
    "depreciationAndAmortization": 1566000000,
    "ebitda": 5470000000,
    "ebitdaratio": 0.4154009721,
    "operatingIncome": 3881000000,
    "operatingIncomeRatio": 0.2947296476,
    "totalOtherIncomeExpensesNet": -296000000,
    "incomeBeforeTax": 3585000000,
    "incomeBeforeTaxRatio": 0.2722509113,
    "incomeTaxExpense": 727000000,
    "netIncome": 2840000000,
    "netIncomeRatio": 0.2156743621,
    "eps": 0.48,
    "epsdiluted": 0.47,
    "weightedAverageShsOut": 5951000000,
    "weightedAverageShsOutDil": 6041000000,
    "link": "https://www.sec.gov/Archives/edgar/data/78003/000007800317000049/0000078003-17-000049-index.htm",
    "finalLink": "https://www.sec.gov/Archives/edgar/data/78003/000007800317000049/pfe-10012017x10q.htm"
  },
  {
    "date": "2017-07-02",
    "symbol": "PFE",
    "reportedCurrency": "USD",
    "cik": "0000078003",
    "fillingDate": "2017-08-10",
    "acceptedDate": "2017-08-10 16:09:11",
    "calendarYear": "2017",
    "period": "Q2",
    "revenue": 12896000000,
    "costOfRevenue": 3832000000,
    "grossProfit": 9064000000,
    "grossProfitRatio": 0.702853598,
    "researchAndDevelopmentExpenses": 1776000000,
    "generalAndAdministrativeExpenses": 0,
    "sellingAndMarketingExpenses": 0,
    "sellingGeneralAndAdministrativeExpenses": 3415000000,
    "otherExpenses": 0,
    "operatingExpenses": 5191000000,
    "costAndExpenses": 9023000000,
    "interestIncome": 94000000,
    "interestExpense": 312000000,
    "depreciationAndAmortization": 1574000000,
    "ebitda": 5701000000,
    "ebitdaratio": 0.442075062,
    "operatingIncome": 3873000000,
    "operatingIncomeRatio": 0.3003256824,
    "totalOtherIncomeExpensesNet": -58000000,
    "incomeBeforeTax": 3815000000,
    "incomeBeforeTaxRatio": 0.2958281638,
    "incomeTaxExpense": 739000000,
    "netIncome": 3074000000,
    "netIncomeRatio": 0.2383684864,
    "eps": 0.52,
    "epsdiluted": 0.51,
    "weightedAverageShsOut": 5958000000,
    "weightedAverageShsOutDil": 6037000000,
    "link": "https://www.sec.gov/Archives/edgar/data/78003/000007800317000039/0000078003-17-000039-index.htm",
    "finalLink": "https://www.sec.gov/Archives/edgar/data/78003/000007800317000039/pfe-07022017x10q.htm"
  },
  {
    "date": "2017-04-02",
    "symbol": "PFE",
    "reportedCurrency": "USD",
    "cik": "0000078003",
    "fillingDate": "2017-05-11",
    "acceptedDate": "2017-05-11 16:20:31",
    "calendarYear": "2017",
    "period": "Q1",
    "revenue": 12779000000,
    "costOfRevenue": 3627000000,
    "grossProfit": 9152000000,
    "grossProfitRatio": 0.7161749746,
    "researchAndDevelopmentExpenses": 1701000000,
    "generalAndAdministrativeExpenses": 0,
    "sellingAndMarketingExpenses": 0,
    "sellingGeneralAndAdministrativeExpenses": 3299000000,
    "otherExpenses": 0,
    "operatingExpenses": 5000000000,
    "costAndExpenses": 8627000000,
    "interestIncome": 81000000,
    "interestExpense": 309000000,
    "depreciationAndAmortization": 1555000000,
    "ebitda": 5816000000,
    "ebitdaratio": 0.455121684,
    "operatingIncome": 4152000000,
    "operatingIncomeRatio": 0.3249080523,
    "totalOtherIncomeExpensesNet": -201000000,
    "incomeBeforeTax": 3951000000,
    "incomeBeforeTaxRatio": 0.309179122,
    "incomeTaxExpense": 821000000,
    "netIncome": 3121000000,
    "netIncomeRatio": 0.2442288129,
    "eps": 0.52,
    "epsdiluted": 0.51,
    "weightedAverageShsOut": 6006000000,
    "weightedAverageShsOutDil": 6092000000,
    "link": "https://www.sec.gov/Archives/edgar/data/78003/000007800317000024/0000078003-17-000024-index.htm",
    "finalLink": "https://www.sec.gov/Archives/edgar/data/78003/000007800317000024/pfe-04022017x10q.htm"
  },
  {
    "date": "2016-12-31",
    "symbol": "PFE",
    "reportedCurrency": "USD",
    "cik": "0000078003",
    "fillingDate": "2017-02-23",
    "acceptedDate": "2017-02-23 16:30:32",
    "calendarYear": "2016",
    "period": "Q4",
    "revenue": 13627000000,
    "costOfRevenue": 4180000000,
    "grossProfit": 9447000000,
    "grossProfitRatio": 0.6932560358,
    "researchAndDevelopmentExpenses": 2502000000,
    "generalAndAdministrativeExpenses": 0,
    "sellingAndMarketingExpenses": 0,
    "sellingGeneralAndAdministrativeExpenses": 4398000000,
    "otherExpenses": 0,
    "operatingExpenses": 6900000000,
    "costAndExpenses": 11080000000,
    "interestIncome": 113000000,
    "interestExpense": 297000000,
    "depreciationAndAmortization": 1549000000,
    "ebitda": 2623000000,
    "ebitdaratio": 0.1924855067,
    "operatingIncome": 2547000000,
    "operatingIncomeRatio": 0.1869083437,
    "totalOtherIncomeExpensesNet": -1770000000,
    "incomeBeforeTax": 777000000,
    "incomeBeforeTaxRatio": 0.0570191532,
    "incomeTaxExpense": 14000000,
    "netIncome": 774000000,
    "netIncomeRatio": 0.056799002,
    "eps": 0.13,
    "epsdiluted": 0.13,
    "weightedAverageShsOut": 6070000000,
    "weightedAverageShsOutDil": 6144000000,
    "link": "https://www.sec.gov/Archives/edgar/data/78003/000007800317000014/0000078003-17-000014-index.htm",
    "finalLink": "https://www.sec.gov/Archives/edgar/data/78003/000007800317000014/pfe-12312016x10kshell.htm"
  },
  {
    "date": "2016-10-02",
    "symbol": "PFE",
    "reportedCurrency": "USD",
    "cik": "0000078003",
    "fillingDate": "2016-11-10",
    "acceptedDate": "2016-11-10 17:15:16",
    "calendarYear": "2016",
    "period": "Q3",
    "revenue": 13045000000,
    "costOfRevenue": 3961000000,
    "grossProfit": 9084000000,
    "grossProfitRatio": 0.6963587581,
    "researchAndDevelopmentExpenses": 1872000000,
    "generalAndAdministrativeExpenses": 0,
    "sellingAndMarketingExpenses": 0,
    "sellingGeneralAndAdministrativeExpenses": 3536000000,
    "otherExpenses": 0,
    "operatingExpenses": 5408000000,
    "costAndExpenses": 9369000000,
    "interestIncome": 123000000,
    "interestExpense": 291000000,
    "depreciationAndAmortization": 1396000000,
    "ebitda": 3291000000,
    "ebitdaratio": 0.2522805673,
    "operatingIncome": 3676000000,
    "operatingIncomeRatio": 0.2817937907,
    "totalOtherIncomeExpensesNet": -2072000000,
    "incomeBeforeTax": 1604000000,
    "incomeBeforeTaxRatio": 0.1229589881,
    "incomeTaxExpense": 284000000,
    "netIncome": 1320000000,
    "netIncomeRatio": 0.1011881947,
    "eps": 0.22,
    "epsdiluted": 0.215,
    "weightedAverageShsOut": 6066000000,
    "weightedAverageShsOutDil": 6138000000,
    "link": "https://www.sec.gov/Archives/edgar/data/78003/000007800316000113/0000078003-16-000113-index.htm",
    "finalLink": "https://www.sec.gov/Archives/edgar/data/78003/000007800316000113/pfe-10022016x10q.htm"
  },
  {
    "date": "2016-07-03",
    "symbol": "PFE",
    "reportedCurrency": "USD",
    "cik": "0000078003",
    "fillingDate": "2016-08-11",
    "acceptedDate": "2016-08-11 16:59:40",
    "calendarYear": "2016",
    "period": "Q2",
    "revenue": 13147000000,
    "costOfRevenue": 3174000000,
    "grossProfit": 9973000000,
    "grossProfitRatio": 0.758576101,
    "researchAndDevelopmentExpenses": 1748000000,
    "generalAndAdministrativeExpenses": 0,
    "sellingAndMarketingExpenses": 3471000000,
    "sellingGeneralAndAdministrativeExpenses": 3471000000,
    "otherExpenses": 208000000,
    "operatingExpenses": 6180000000,
    "costAndExpenses": 9354000000,
    "interestIncome": 122000000,
    "interestExpense": 292000000,
    "depreciationAndAmortization": 961000000,
    "ebitda": 4089000000,
    "ebitdaratio": 0.3110215258,
    "operatingIncome": 3793000000,
    "operatingIncomeRatio": 0.2885068837,
    "totalOtherIncomeExpensesNet": -1383000000,
    "incomeBeforeTax": 2410000000,
    "incomeBeforeTaxRatio": 0.1833117822,
    "incomeTaxExpense": 375000000,
    "netIncome": 2047000000,
    "netIncomeRatio": 0.1557009204,
    "eps": 0.33,
    "epsdiluted": 0.33,
    "weightedAverageShsOut": 6068000000,
    "weightedAverageShsOutDil": 6137000000,
    "link": "https://www.sec.gov/Archives/edgar/data/78003/000007800316000105/0000078003-16-000105-index.htm",
    "finalLink": "https://www.sec.gov/Archives/edgar/data/78003/000007800316000105/pfe-7032016x10q.htm"
  },
  {
    "date": "2016-04-03",
    "symbol": "PFE",
    "reportedCurrency": "USD",
    "cik": "0000078003",
    "fillingDate": "2016-05-12",
    "acceptedDate": "2016-05-12 16:53:45",
    "calendarYear": "2016",
    "period": "Q1",
    "revenue": 13005000000,
    "costOfRevenue": 2851000000,
    "grossProfit": 10154000000,
    "grossProfitRatio": 0.7807766244,
    "researchAndDevelopmentExpenses": 1731000000,
    "generalAndAdministrativeExpenses": 0,
    "sellingAndMarketingExpenses": 3385000000,
    "sellingGeneralAndAdministrativeExpenses": 3385000000,
    "otherExpenses": 309000000,
    "operatingExpenses": 6122000000,
    "costAndExpenses": 8973000000,
    "interestIncome": 113000000,
    "interestExpense": 306000000,
    "depreciationAndAmortization": 1006000000,
    "ebitda": 5292000000,
    "ebitdaratio": 0.4069204152,
    "operatingIncome": 4032000000,
    "operatingIncomeRatio": 0.3100346021,
    "totalOtherIncomeExpensesNet": -471000000,
    "incomeBeforeTax": 3561000000,
    "incomeBeforeTaxRatio": 0.2738177624,
    "incomeTaxExpense": 535000000,
    "netIncome": 3038000000,
    "netIncomeRatio": 0.2336024606,
    "eps": 0.49,
    "epsdiluted": 0.49,
    "weightedAverageShsOut": 6150000000,
    "weightedAverageShsOutDil": 6214000000,
    "link": "https://www.sec.gov/Archives/edgar/data/78003/000007800316000096/0000078003-16-000096-index.htm",
    "finalLink": "https://www.sec.gov/Archives/edgar/data/78003/000007800316000096/pfe-4032016x10q.htm"
  },
  {
    "date": "2015-12-31",
    "symbol": "PFE",
    "reportedCurrency": "USD",
    "cik": "0000078003",
    "fillingDate": "2016-02-29",
    "acceptedDate": "2016-02-29 17:26:35",
    "calendarYear": "2015",
    "period": "Q4",
    "revenue": 14047000000,
    "costOfRevenue": 3410000000,
    "grossProfit": 10637000000,
    "grossProfitRatio": 0.7572435395,
    "researchAndDevelopmentExpenses": 2348000000,
    "generalAndAdministrativeExpenses": 0,
    "sellingAndMarketingExpenses": 0,
    "sellingGeneralAndAdministrativeExpenses": 5048000000,
    "otherExpenses": -95000000,
    "operatingExpenses": 8376000000,
    "costAndExpenses": 11786000000,
    "interestIncome": 139000000,
    "interestExpense": 335000000,
    "depreciationAndAmortization": 980000000,
    "ebitda": 3285000000,
    "ebitdaratio": 0.2338577632,
    "operatingIncome": 2261000000,
    "operatingIncomeRatio": 0.1609596355,
    "totalOtherIncomeExpensesNet": -2615000000,
    "incomeBeforeTax": -354000000,
    "incomeBeforeTaxRatio": -0.0252011106,
    "incomeTaxExpense": -188000000,
    "netIncome": -172000000,
    "netIncomeRatio": -0.0122446074,
    "eps": -0.0279,
    "epsdiluted": -0.0279,
    "weightedAverageShsOut": 6174000000,
    "weightedAverageShsOutDil": 6174000000,
    "link": "https://www.sec.gov/Archives/edgar/data/78003/000007800316000077/0000078003-16-000077-index.htm",
    "finalLink": "https://www.sec.gov/Archives/edgar/data/78003/000007800316000077/pfe-12312015x10kshell.htm"
  },
  {
    "date": "2015-09-27",
    "symbol": "PFE",
    "reportedCurrency": "USD",
    "cik": "0000078003",
    "fillingDate": "2015-11-05",
    "acceptedDate": "2015-11-05 17:15:15",
    "calendarYear": "2015",
    "period": "Q3",
    "revenue": 12087000000,
    "costOfRevenue": 2219000000,
    "grossProfit": 9868000000,
    "grossProfitRatio": 0.8164143294,
    "researchAndDevelopmentExpenses": 1722000000,
    "generalAndAdministrativeExpenses": 0,
    "sellingAndMarketingExpenses": 3270000000,
    "sellingGeneralAndAdministrativeExpenses": 3270000000,
    "otherExpenses": 154000000,
    "operatingExpenses": 5929000000,
    "costAndExpenses": 8148000000,
    "interestIncome": 121000000,
    "interestExpense": 278000000,
    "depreciationAndAmortization": 937000000,
    "ebitda": 5151000000,
    "ebitdaratio": 0.4261603376,
    "operatingIncome": 3939000000,
    "operatingIncomeRatio": 0.325887317,
    "totalOtherIncomeExpensesNet": -1242000000,
    "incomeBeforeTax": 2697000000,
    "incomeBeforeTaxRatio": 0.2231322909,
    "incomeTaxExpense": 567000000,
    "netIncome": 2130000000,
    "netIncomeRatio": 0.1762223877,
    "eps": 0.35,
    "epsdiluted": 0.34,
    "weightedAverageShsOut": 6168000000,
    "weightedAverageShsOutDil": 6243000000,
    "link": "https://www.sec.gov/Archives/edgar/data/78003/000007800315000051/0000078003-15-000051-index.htm",
    "finalLink": "https://www.sec.gov/Archives/edgar/data/78003/000007800315000051/pfe-9272015x10q.htm"
  },
  {
    "date": "2015-06-28",
    "symbol": "PFE",
    "reportedCurrency": "USD",
    "cik": "0000078003",
    "fillingDate": "2015-08-06",
    "acceptedDate": "2015-08-06 16:29:04",
    "calendarYear": "2015",
    "period": "Q2",
    "revenue": 11853000000,
    "costOfRevenue": 2180000000,
    "grossProfit": 9673000000,
    "grossProfitRatio": 0.8160803172,
    "researchAndDevelopmentExpenses": 1734000000,
    "generalAndAdministrativeExpenses": -1000000,
    "sellingAndMarketingExpenses": 3387000000,
    "sellingGeneralAndAdministrativeExpenses": 3386000000,
    "otherExpenses": 272000000,
    "operatingExpenses": 5992000000,
    "costAndExpenses": 8172000000,
    "interestIncome": 119000000,
    "interestExpense": 278000000,
    "depreciationAndAmortization": 872000000,
    "ebitda": 5018000000,
    "ebitdaratio": 0.4233527377,
    "operatingIncome": 3681000000,
    "operatingIncomeRatio": 0.3105542901,
    "totalOtherIncomeExpensesNet": -142000000,
    "incomeBeforeTax": 3539000000,
    "incomeBeforeTaxRatio": 0.2985742006,
    "incomeTaxExpense": 905000000,
    "netIncome": 2626000000,
    "netIncomeRatio": 0.2215472876,
    "eps": 0.43,
    "epsdiluted": 0.42,
    "weightedAverageShsOut": 6159000000,
    "weightedAverageShsOutDil": 6243000000,
    "link": "https://www.sec.gov/Archives/edgar/data/78003/000007800315000034/0000078003-15-000034-index.htm",
    "finalLink": "https://www.sec.gov/Archives/edgar/data/78003/000007800315000034/pfe-6282015x10q.htm"
  },
  {
    "date": "2015-03-29",
    "symbol": "PFE",
    "reportedCurrency": "USD",
    "cik": "0000078003",
    "fillingDate": "2015-05-07",
    "acceptedDate": "2015-05-07 15:26:29",
    "calendarYear": "2015",
    "period": "Q1",
    "revenue": 10864000000,
    "costOfRevenue": 1838000000,
    "grossProfit": 9026000000,
    "grossProfitRatio": 0.8308173785,
    "researchAndDevelopmentExpenses": 1885000000,
    "generalAndAdministrativeExpenses": 0,
    "sellingAndMarketingExpenses": 3104000000,
    "sellingGeneralAndAdministrativeExpenses": 3104000000,
    "otherExpenses": 188000000,
    "operatingExpenses": 5929000000,
    "costAndExpenses": 7767000000,
    "interestIncome": 93000000,
    "interestExpense": 309000000,
    "depreciationAndAmortization": 940000000,
    "ebitda": 4317000000,
    "ebitdaratio": 0.3973674521,
    "operatingIncome": 2947000000,
    "operatingIncomeRatio": 0.2712628866,
    "totalOtherIncomeExpensesNet": -15000000,
    "incomeBeforeTax": 3082000000,
    "incomeBeforeTaxRatio": 0.2836892489,
    "incomeTaxExpense": 706000000,
    "netIncome": 2375000000,
    "netIncomeRatio": 0.2186119293,
    "eps": 0.38,
    "epsdiluted": 0.38,
    "weightedAverageShsOut": 6203000000,
    "weightedAverageShsOutDil": 6292000000,
    "link": "https://www.sec.gov/Archives/edgar/data/78003/000007800315000026/0000078003-15-000026-index.htm",
    "finalLink": "https://www.sec.gov/Archives/edgar/data/78003/000007800315000026/pfe-3292015x10q.htm"
  },
  {
    "date": "2014-12-31",
    "symbol": "PFE",
    "reportedCurrency": "USD",
    "cik": "0000078003",
    "fillingDate": "2015-02-27",
    "acceptedDate": "2015-02-27 16:38:16",
    "calendarYear": "2014",
    "period": "Q4",
    "revenue": 13118000000,
    "costOfRevenue": 2701000000,
    "grossProfit": 10417000000,
    "grossProfitRatio": 0.7940997103,
    "researchAndDevelopmentExpenses": 3209000000,
    "generalAndAdministrativeExpenses": 882000000,
    "sellingAndMarketingExpenses": 3100000000,
    "sellingGeneralAndAdministrativeExpenses": 3982000000,
    "otherExpenses": 303000000,
    "operatingExpenses": 8139000000,
    "costAndExpenses": 10840000000,
    "interestIncome": 122000000,
    "interestExpense": 353000000,
    "depreciationAndAmortization": 948000000,
    "ebitda": 3487000000,
    "ebitdaratio": 0.2658179601,
    "operatingIncome": 2277000000,
    "operatingIncomeRatio": 0.1735782894,
    "totalOtherIncomeExpensesNet": -474000000,
    "incomeBeforeTax": 1803000000,
    "incomeBeforeTaxRatio": 0.1374447324,
    "incomeTaxExpense": 545000000,
    "netIncome": 1228000000,
    "netIncomeRatio": 0.0936118311,
    "eps": 0.2,
    "epsdiluted": 0.19,
    "weightedAverageShsOut": 6296000000,
    "weightedAverageShsOutDil": 6374000000,
    "link": "https://www.sec.gov/Archives/edgar/data/78003/000007800315000014/0000078003-15-000014-index.htm",
    "finalLink": "https://www.sec.gov/Archives/edgar/data/78003/000007800315000014/pfe-12312014x10kshell.htm"
  },
  {
    "date": "2014-09-28",
    "symbol": "PFE",
    "reportedCurrency": "USD",
    "cik": "0000078003",
    "fillingDate": "2014-11-06",
    "acceptedDate": "2014-11-06 17:03:56",
    "calendarYear": "2014",
    "period": "Q3",
    "revenue": 12361000000,
    "costOfRevenue": 2368000000,
    "grossProfit": 9993000000,
    "grossProfitRatio": 0.8084297387,
    "researchAndDevelopmentExpenses": 1802000000,
    "generalAndAdministrativeExpenses": 0,
    "sellingAndMarketingExpenses": 3556000000,
    "sellingGeneralAndAdministrativeExpenses": 3556000000,
    "otherExpenses": 359000000,
    "operatingExpenses": 6330000000,
    "costAndExpenses": 8698000000,
    "interestIncome": 108000000,
    "interestExpense": 343000000,
    "depreciationAndAmortization": 972000000,
    "ebitda": 5256000000,
    "ebitdaratio": 0.4252083165,
    "operatingIncome": 3663000000,
    "operatingIncomeRatio": 0.296335248,
    "totalOtherIncomeExpensesNet": -76000000,
    "incomeBeforeTax": 3587000000,
    "incomeBeforeTaxRatio": 0.2901868781,
    "incomeTaxExpense": 911000000,
    "netIncome": 2666000000,
    "netIncomeRatio": 0.2156783432,
    "eps": 0.42,
    "epsdiluted": 0.42,
    "weightedAverageShsOut": 6330000000,
    "weightedAverageShsOutDil": 6403000000,
    "link": "https://www.sec.gov/Archives/edgar/data/78003/000007800314000046/0000078003-14-000046-index.htm",
    "finalLink": "https://www.sec.gov/Archives/edgar/data/78003/000007800314000046/pfe-9282014x10q.htm"
  },
  {
    "date": "2014-06-29",
    "symbol": "PFE",
    "reportedCurrency": "USD",
    "cik": "0000078003",
    "fillingDate": "2014-08-07",
    "acceptedDate": "2014-08-07 16:56:04",
    "calendarYear": "2014",
    "period": "Q2",
    "revenue": 12773000000,
    "costOfRevenue": 2462000000,
    "grossProfit": 10311000000,
    "grossProfitRatio": 0.8072496673,
    "researchAndDevelopmentExpenses": 1759000000,
    "generalAndAdministrativeExpenses": 0,
    "sellingAndMarketingExpenses": 3520000000,
    "sellingGeneralAndAdministrativeExpenses": 3520000000,
    "otherExpenses": 257000000,
    "operatingExpenses": 6280000000,
    "costAndExpenses": 8742000000,
    "interestIncome": 104000000,
    "interestExpense": 343000000,
    "depreciationAndAmortization": 1001000000,
    "ebitda": 5393000000,
    "ebitdaratio": 0.4222187427,
    "operatingIncome": 4031000000,
    "operatingIncomeRatio": 0.3155875675,
    "totalOtherIncomeExpensesNet": -28000000,
    "incomeBeforeTax": 4003000000,
    "incomeBeforeTaxRatio": 0.3133954435,
    "incomeTaxExpense": 1082000000,
    "netIncome": 2911000000,
    "netIncomeRatio": 0.2279026071,
    "eps": 0.46,
    "epsdiluted": 0.45,
    "weightedAverageShsOut": 6368000000,
    "weightedAverageShsOutDil": 6444000000,
    "link": "https://www.sec.gov/Archives/edgar/data/78003/000007800314000039/0000078003-14-000039-index.htm",
    "finalLink": "https://www.sec.gov/Archives/edgar/data/78003/000007800314000039/pfe-6292014x10q.htm"
  },
  {
    "date": "2014-03-30",
    "symbol": "PFE",
    "reportedCurrency": "USD",
    "cik": "0000078003",
    "fillingDate": "2014-05-08",
    "acceptedDate": "2014-05-08 17:17:01",
    "calendarYear": "2014",
    "period": "Q1",
    "revenue": 11353000000,
    "costOfRevenue": 2045000000,
    "grossProfit": 9308000000,
    "grossProfitRatio": 0.8198713996,
    "researchAndDevelopmentExpenses": 1623000000,
    "generalAndAdministrativeExpenses": 0,
    "sellingAndMarketingExpenses": 3040000000,
    "sellingGeneralAndAdministrativeExpenses": 3040000000,
    "otherExpenses": 234000000,
    "operatingExpenses": 5780000000,
    "costAndExpenses": 7825000000,
    "interestIncome": 92000000,
    "interestExpense": 321000000,
    "depreciationAndAmortization": 1117000000,
    "ebitda": 4624000000,
    "ebitdaratio": 0.4072932265,
    "operatingIncome": 2684000000,
    "operatingIncomeRatio": 0.2364132828,
    "totalOtherIncomeExpensesNet": -681000000,
    "incomeBeforeTax": 2847000000,
    "incomeBeforeTaxRatio": 0.2507707214,
    "incomeTaxExpense": 582000000,
    "netIncome": 2329000000,
    "netIncomeRatio": 0.2051440148,
    "eps": 0.36,
    "epsdiluted": 0.36,
    "weightedAverageShsOut": 6389000000,
    "weightedAverageShsOutDil": 6476000000,
    "link": "https://www.sec.gov/Archives/edgar/data/78003/000007800314000030/0000078003-14-000030-index.htm",
    "finalLink": "https://www.sec.gov/Archives/edgar/data/78003/000007800314000030/pfe-3302014x10q.htm"
  },
  {
    "date": "2013-12-31",
    "symbol": "PFE",
    "reportedCurrency": "USD",
    "cik": "0000078003",
    "fillingDate": "2014-02-28",
    "acceptedDate": "2014-02-28 16:38:15",
    "calendarYear": "2013",
    "period": "Q4",
    "revenue": 13558000000,
    "costOfRevenue": 2794000000,
    "grossProfit": 10764000000,
    "grossProfitRatio": 0.7939224074,
    "researchAndDevelopmentExpenses": 1811000000,
    "generalAndAdministrativeExpenses": 1152000000,
    "sellingAndMarketingExpenses": 3000000000,
    "sellingGeneralAndAdministrativeExpenses": 4152000000,
    "otherExpenses": 295000000,
    "operatingExpenses": 7086000000,
    "costAndExpenses": 9880000000,
    "interestIncome": 112000000,
    "interestExpense": 347000000,
    "depreciationAndAmortization": 1123000000,
    "ebitda": 5208000000,
    "ebitdaratio": 0.3841274524,
    "operatingIncome": 3678000000,
    "operatingIncomeRatio": 0.2712789497,
    "totalOtherIncomeExpensesNet": -617000000,
    "incomeBeforeTax": 3061000000,
    "incomeBeforeTaxRatio": 0.2257707626,
    "incomeTaxExpense": 430000000,
    "netIncome": 2567000000,
    "netIncomeRatio": 0.1893347101,
    "eps": 0.4,
    "epsdiluted": 0.39,
    "weightedAverageShsOut": 6443000000,
    "weightedAverageShsOutDil": 6533000000,
    "link": "https://www.sec.gov/Archives/edgar/data/78003/000007800314000018/0000078003-14-000018-index.htm",
    "finalLink": "https://www.sec.gov/Archives/edgar/data/78003/000007800314000018/pfe-12312013x10k.htm"
  },
  {
    "date": "2013-09-29",
    "symbol": "PFE",
    "reportedCurrency": "USD",
    "cik": "0000078003",
    "fillingDate": "2013-11-08",
    "acceptedDate": "2013-11-08 15:43:52",
    "calendarYear": "2013",
    "period": "Q3",
    "revenue": 12643000000,
    "costOfRevenue": 2287000000,
    "grossProfit": 10356000000,
    "grossProfitRatio": 0.8191093886,
    "researchAndDevelopmentExpenses": 1627000000,
    "generalAndAdministrativeExpenses": 0,
    "sellingAndMarketingExpenses": 3395000000,
    "sellingGeneralAndAdministrativeExpenses": 3395000000,
    "otherExpenses": 242000000,
    "operatingExpenses": 6139000000,
    "costAndExpenses": 8426000000,
    "interestIncome": 94000000,
    "interestExpense": 340000000,
    "depreciationAndAmortization": 1117000000,
    "ebitda": 5434000000,
    "ebitdaratio": 0.4298030531,
    "operatingIncome": 4217000000,
    "operatingIncomeRatio": 0.3335442537,
    "totalOtherIncomeExpensesNet": -644000000,
    "incomeBeforeTax": 3573000000,
    "incomeBeforeTaxRatio": 0.2826069762,
    "incomeTaxExpense": 985000000,
    "netIncome": 2593000000,
    "netIncomeRatio": 0.2050937278,
    "eps": 0.39,
    "epsdiluted": 0.39,
    "weightedAverageShsOut": 6581000000,
    "weightedAverageShsOutDil": 6656000000,
    "link": "https://www.sec.gov/Archives/edgar/data/78003/000007800313000029/0000078003-13-000029-index.htm",
    "finalLink": "https://www.sec.gov/Archives/edgar/data/78003/000007800313000029/pfe-9292013x10q.htm"
  },
  {
    "date": "2013-06-30",
    "symbol": "PFE",
    "reportedCurrency": "USD",
    "cik": "0000078003",
    "fillingDate": "2013-08-09",
    "acceptedDate": "2013-08-09 16:59:14",
    "calendarYear": "2013",
    "period": "Q2",
    "revenue": 12973000000,
    "costOfRevenue": 2242000000,
    "grossProfit": 10731000000,
    "grossProfitRatio": 0.8271795267,
    "researchAndDevelopmentExpenses": 1530000000,
    "generalAndAdministrativeExpenses": 0,
    "sellingAndMarketingExpenses": 0,
    "sellingGeneralAndAdministrativeExpenses": 3591000000,
    "otherExpenses": 91000000,
    "operatingExpenses": 6261000000,
    "costAndExpenses": 8503000000,
    "interestIncome": 102000000,
    "interestExpense": 356000000,
    "depreciationAndAmortization": 1140000000,
    "ebitda": 5803000000,
    "ebitdaratio": 0.4473136514,
    "operatingIncome": 4216000000,
    "operatingIncomeRatio": 0.3249826563,
    "totalOtherIncomeExpensesNet": 887000000,
    "incomeBeforeTax": 5357000000,
    "incomeBeforeTaxRatio": 0.4129345564,
    "incomeTaxExpense": 1782000000,
    "netIncome": 14099000000,
    "netIncomeRatio": 1.0867956525,
    "eps": 2,
    "epsdiluted": 1.98,
    "weightedAverageShsOut": 7042000000,
    "weightedAverageShsOutDil": 7117000000,
    "link": "https://www.sec.gov/Archives/edgar/data/78003/000007800313000017/0000078003-13-000017-index.htm",
    "finalLink": "https://www.sec.gov/Archives/edgar/data/78003/000007800313000017/pfe-6302013x10q.htm"
  },
  {
    "date": "2013-03-31",
    "symbol": "PFE",
    "reportedCurrency": "USD",
    "cik": "0000078003",
    "fillingDate": "2013-05-10",
    "acceptedDate": "2013-05-09 20:03:04",
    "calendarYear": "2013",
    "period": "Q1",
    "revenue": 13500000000,
    "costOfRevenue": 2652000000,
    "grossProfit": 10848000000,
    "grossProfitRatio": 0.8035555556,
    "researchAndDevelopmentExpenses": 1800000000,
    "generalAndAdministrativeExpenses": 0,
    "sellingAndMarketingExpenses": 0,
    "sellingGeneralAndAdministrativeExpenses": 3585000000,
    "otherExpenses": -74000000,
    "operatingExpenses": 6619000000,
    "costAndExpenses": 9271000000,
    "interestIncome": 95000000,
    "interestExpense": 391000000,
    "depreciationAndAmortization": 1234000000,
    "ebitda": 5870000000,
    "ebitdaratio": 0.4348148148,
    "operatingIncome": 4229000000,
    "operatingIncomeRatio": 0.3132592593,
    "totalOtherIncomeExpensesNet": -504000000,
    "incomeBeforeTax": 3921000000,
    "incomeBeforeTaxRatio": 0.2904444444,
    "incomeTaxExpense": 1160000000,
    "netIncome": 2750000000,
    "netIncomeRatio": 0.2037037037,
    "eps": 0.38,
    "epsdiluted": 0.38,
    "weightedAverageShsOut": 7187000000,
    "weightedAverageShsOutDil": 7269000000,
    "link": "https://www.sec.gov/Archives/edgar/data/78003/000007800313000013/0000078003-13-000013-index.htm",
    "finalLink": "https://www.sec.gov/Archives/edgar/data/78003/000007800313000013/pfe-3312013x10q.htm"
  },
  {
    "date": "2012-12-31",
    "symbol": "PFE",
    "reportedCurrency": "USD",
    "cik": "0000078003",
    "fillingDate": "2013-02-28",
    "acceptedDate": "2013-02-28 16:57:54",
    "calendarYear": "2012",
    "period": "Q4",
    "revenue": 15068000000,
    "costOfRevenue": 3172000000,
    "grossProfit": 11896000000,
    "grossProfitRatio": 0.789487656,
    "researchAndDevelopmentExpenses": 2136000000,
    "generalAndAdministrativeExpenses": 2015000000,
    "sellingAndMarketingExpenses": 2800000000,
    "sellingGeneralAndAdministrativeExpenses": 4815000000,
    "otherExpenses": -748000000,
    "operatingExpenses": 8187000000,
    "costAndExpenses": 11359000000,
    "interestIncome": 108000000,
    "interestExpense": 373000000,
    "depreciationAndAmortization": 1236000000,
    "ebitda": 5736000000,
    "ebitdaratio": 0.3806742766,
    "operatingIncome": 3709000000,
    "operatingIncomeRatio": 0.2461507831,
    "totalOtherIncomeExpensesNet": -1539000000,
    "incomeBeforeTax": 2170000000,
    "incomeBeforeTaxRatio": 0.1440138041,
    "incomeTaxExpense": 680000000,
    "netIncome": 6315000000,
    "netIncomeRatio": 0.4191000796,
    "eps": 0.86,
    "epsdiluted": 0.85,
    "weightedAverageShsOut": 7319000000,
    "weightedAverageShsOutDil": 7395000000,
    "link": "https://www.sec.gov/Archives/edgar/data/78003/000007800313000006/0000078003-13-000006-index.htm",
    "finalLink": "https://www.sec.gov/Archives/edgar/data/78003/000007800313000006/pfe-12312012x10k.htm"
  },
  {
    "date": "2012-09-30",
    "symbol": "PFE",
    "reportedCurrency": "USD",
    "cik": "0000078003",
    "fillingDate": "2012-11-09",
    "acceptedDate": "2012-11-09 13:39:54",
    "calendarYear": "2012",
    "period": "Q3",
    "revenue": 13976000000,
    "costOfRevenue": 2665000000,
    "grossProfit": 11311000000,
    "grossProfitRatio": 0.8093159702,
    "researchAndDevelopmentExpenses": 1981000000,
    "generalAndAdministrativeExpenses": 0,
    "sellingAndMarketingExpenses": 0,
    "sellingGeneralAndAdministrativeExpenses": 3847000000,
    "otherExpenses": 1228000000,
    "operatingExpenses": 7056000000,
    "costAndExpenses": 9721000000,
    "interestIncome": 108000000,
    "interestExpense": 382000000,
    "depreciationAndAmortization": 1228000000,
    "ebitda": 4843000000,
    "ebitdaratio": 0.3465226102,
    "operatingIncome": 4255000000,
    "operatingIncomeRatio": 0.3044504865,
    "totalOtherIncomeExpensesNet": -1449000000,
    "incomeBeforeTax": 2991000000,
    "incomeBeforeTaxRatio": 0.214009731,
    "incomeTaxExpense": -119000000,
    "netIncome": 3207000000,
    "netIncomeRatio": 0.2294647968,
    "eps": 0.43,
    "epsdiluted": 0.43,
    "weightedAverageShsOut": 7436000000,
    "weightedAverageShsOutDil": 7508000000,
    "link": "https://www.sec.gov/Archives/edgar/data/78003/000007800312000008/0000078003-12-000008-index.htm",
    "finalLink": "https://www.sec.gov/Archives/edgar/data/78003/000007800312000008/pfe-9302012x10q.htm"
  },
  {
    "date": "2012-07-01",
    "symbol": "PFE",
    "reportedCurrency": "USD",
    "cik": "0000078003",
    "fillingDate": "2012-08-09",
    "acceptedDate": "2012-08-09 17:26:18",
    "calendarYear": "2012",
    "period": "Q2",
    "revenue": 15057000000,
    "costOfRevenue": 2752000000,
    "grossProfit": 12305000000,
    "grossProfitRatio": 0.8172278674,
    "researchAndDevelopmentExpenses": 1699000000,
    "generalAndAdministrativeExpenses": 3640000000,
    "sellingAndMarketingExpenses": 6000000,
    "sellingGeneralAndAdministrativeExpenses": 3977000000,
    "otherExpenses": 1785000000,
    "operatingExpenses": 6967000000,
    "costAndExpenses": 9719000000,
    "interestIncome": 85000000,
    "interestExpense": 293000000,
    "depreciationAndAmortization": 1291000000,
    "ebitda": 6229000000,
    "ebitdaratio": 0.4136946271,
    "operatingIncome": 5338000000,
    "operatingIncomeRatio": 0.3545194926,
    "totalOtherIncomeExpensesNet": -872000000,
    "incomeBeforeTax": 4484000000,
    "incomeBeforeTaxRatio": 0.2978016869,
    "incomeTaxExpense": 1290000000,
    "netIncome": 3253000000,
    "netIncomeRatio": 0.216045693,
    "eps": 0.44,
    "epsdiluted": 0.43,
    "weightedAverageShsOut": 7476000000,
    "weightedAverageShsOutDil": 7537000000,
    "link": "https://www.sec.gov/Archives/edgar/data/78003/000115752312004450/0001157523-12-004450-index.htm",
    "finalLink": "https://www.sec.gov/Archives/edgar/data/78003/000115752312004450/a50368790.htm"
  },
  {
    "date": "2012-04-01",
    "symbol": "PFE",
    "reportedCurrency": "USD",
    "cik": "0000078003",
    "fillingDate": "2012-05-10",
    "acceptedDate": "2012-05-10 17:19:13",
    "calendarYear": "2012",
    "period": "Q1",
    "revenue": 15405000000,
    "costOfRevenue": 2974000000,
    "grossProfit": 12431000000,
    "grossProfitRatio": 0.8069457968,
    "researchAndDevelopmentExpenses": 2072000000,
    "generalAndAdministrativeExpenses": 3659000000,
    "sellingAndMarketingExpenses": 2000000,
    "sellingGeneralAndAdministrativeExpenses": 4133000000,
    "otherExpenses": 3871000000,
    "operatingExpenses": 7625000000,
    "costAndExpenses": 10599000000,
    "interestIncome": 81000000,
    "interestExpense": 390000000,
    "depreciationAndAmortization": 1420000000,
    "ebitda": 5046000000,
    "ebitdaratio": 0.3275559883,
    "operatingIncome": 4806000000,
    "operatingIncomeRatio": 0.311976631,
    "totalOtherIncomeExpensesNet": -2371000000,
    "incomeBeforeTax": 2553000000,
    "incomeBeforeTaxRatio": 0.1657254138,
    "incomeTaxExpense": 750000000,
    "netIncome": 1794000000,
    "netIncomeRatio": 0.1164556962,
    "eps": 0.24,
    "epsdiluted": 0.24,
    "weightedAverageShsOut": 7537000000,
    "weightedAverageShsOutDil": 7598000000,
    "link": "https://www.sec.gov/Archives/edgar/data/78003/000115752312002789/0001157523-12-002789-index.htm",
    "finalLink": "https://www.sec.gov/Archives/edgar/data/78003/000115752312002789/a50269079.htm"
  },
  {
    "date": "2011-12-31",
    "symbol": "PFE",
    "reportedCurrency": "USD",
    "cik": "0000078003",
    "fillingDate": "2012-02-28",
    "acceptedDate": "2012-02-28 17:07:08",
    "calendarYear": "2011",
    "period": "Q4",
    "revenue": 16746000000,
    "costOfRevenue": 3908000000,
    "grossProfit": 12838000000,
    "grossProfitRatio": 0.7666308372,
    "researchAndDevelopmentExpenses": 2596000000,
    "generalAndAdministrativeExpenses": 0,
    "sellingAndMarketingExpenses": 0,
    "sellingGeneralAndAdministrativeExpenses": 5371000000,
    "otherExpenses": 592000000,
    "operatingExpenses": 9384000000,
    "costAndExpenses": 13292000000,
    "interestIncome": 126000000,
    "interestExpense": 396000000,
    "depreciationAndAmortization": 1417000000,
    "ebitda": 6032000000,
    "ebitdaratio": 0.3602054222,
    "operatingIncome": 4279000000,
    "operatingIncomeRatio": 0.2555237072,
    "totalOtherIncomeExpensesNet": -1986000000,
    "incomeBeforeTax": 2293000000,
    "incomeBeforeTaxRatio": 0.1369282217,
    "incomeTaxExpense": 800000000,
    "netIncome": 1439000000,
    "netIncomeRatio": 0.0859309686,
    "eps": 0.19,
    "epsdiluted": 0.19,
    "weightedAverageShsOut": 7635000000,
    "weightedAverageShsOutDil": 7687000000,
    "link": "https://www.sec.gov/Archives/edgar/data/78003/000119312512085703/0001193125-12-085703-index.htm",
    "finalLink": "https://www.sec.gov/Archives/edgar/data/78003/000119312512085703/d278590d10k.htm"
  },
  {
    "date": "2011-10-02",
    "symbol": "PFE",
    "reportedCurrency": "USD",
    "cik": "0000078003",
    "fillingDate": "2011-11-10",
    "acceptedDate": "2011-11-10 16:50:30",
    "calendarYear": "2011",
    "period": "Q3",
    "revenue": 17193000000,
    "costOfRevenue": 3679000000,
    "grossProfit": 13514000000,
    "grossProfitRatio": 0.7860175653,
    "researchAndDevelopmentExpenses": 2188000000,
    "generalAndAdministrativeExpenses": 0,
    "sellingAndMarketingExpenses": 4621000000,
    "sellingGeneralAndAdministrativeExpenses": 4621000000,
    "otherExpenses": 3010000000,
    "operatingExpenses": 8206000000,
    "costAndExpenses": 11885000000,
    "interestIncome": 533000000,
    "interestExpense": 423000000,
    "depreciationAndAmortization": 1397000000,
    "ebitda": 6179000000,
    "ebitdaratio": 0.3593904496,
    "operatingIncome": 5083000000,
    "operatingIncomeRatio": 0.2956435759,
    "totalOtherIncomeExpensesNet": -1637000000,
    "incomeBeforeTax": 3669000000,
    "incomeBeforeTaxRatio": 0.2134008027,
    "incomeTaxExpense": 1235000000,
    "netIncome": 3738000000,
    "netIncomeRatio": 0.2174140639,
    "eps": 0.48,
    "epsdiluted": 0.48,
    "weightedAverageShsOut": 7770000000,
    "weightedAverageShsOutDil": 7810000000,
    "link": "https://www.sec.gov/Archives/edgar/data/78003/000115752311006714/0001157523-11-006714-index.htm",
    "finalLink": "https://www.sec.gov/Archives/edgar/data/78003/000115752311006714/a50063064.htm"
  },
  {
    "date": "2011-07-03",
    "symbol": "PFE",
    "reportedCurrency": "USD",
    "cik": "0000078003",
    "fillingDate": "2011-08-11",
    "acceptedDate": "2011-08-11 15:51:15",
    "calendarYear": "2011",
    "period": "Q2",
    "revenue": 16984000000,
    "costOfRevenue": 3805000000,
    "grossProfit": 13179000000,
    "grossProfitRatio": 0.7759656147,
    "researchAndDevelopmentExpenses": 2237000000,
    "generalAndAdministrativeExpenses": 0,
    "sellingAndMarketingExpenses": 4973000000,
    "sellingGeneralAndAdministrativeExpenses": 4973000000,
    "otherExpenses": 2371000000,
    "operatingExpenses": 8605000000,
    "costAndExpenses": 12410000000,
    "interestIncome": 117000000,
    "interestExpense": 404000000,
    "depreciationAndAmortization": 1395000000,
    "ebitda": 6134000000,
    "ebitdaratio": 0.361163448,
    "operatingIncome": 4448000000,
    "operatingIncomeRatio": 0.2618935469,
    "totalOtherIncomeExpensesNet": -901000000,
    "incomeBeforeTax": 3682000000,
    "incomeBeforeTaxRatio": 0.2167922751,
    "incomeTaxExpense": 1094000000,
    "netIncome": 2610000000,
    "netIncomeRatio": 0.1536740462,
    "eps": 0.33,
    "epsdiluted": 0.33,
    "weightedAverageShsOut": 7875000000,
    "weightedAverageShsOutDil": 7935000000,
    "link": "https://www.sec.gov/Archives/edgar/data/78003/000115752311004964/0001157523-11-004964-index.htm",
    "finalLink": "https://www.sec.gov/Archives/edgar/data/78003/000115752311004964/a6825454.htm"
  },
  {
    "date": "2011-04-03",
    "symbol": "PFE",
    "reportedCurrency": "USD",
    "cik": "0000078003",
    "fillingDate": "2011-05-12",
    "acceptedDate": "2011-05-12 15:48:27",
    "calendarYear": "2011",
    "period": "Q1",
    "revenue": 16502000000,
    "costOfRevenue": 3693000000,
    "grossProfit": 12809000000,
    "grossProfitRatio": 0.7762089444,
    "researchAndDevelopmentExpenses": 2091000000,
    "generalAndAdministrativeExpenses": 0,
    "sellingAndMarketingExpenses": 4503000000,
    "sellingGeneralAndAdministrativeExpenses": 4503000000,
    "otherExpenses": 3000000000,
    "operatingExpenses": 8797000000,
    "costAndExpenses": 12490000000,
    "interestIncome": 105000000,
    "interestExpense": 458000000,
    "depreciationAndAmortization": 1376000000,
    "ebitda": 5680000000,
    "ebitdaratio": 0.3442007029,
    "operatingIncome": 4365000000,
    "operatingIncomeRatio": 0.2645133923,
    "totalOtherIncomeExpensesNet": -1721000000,
    "incomeBeforeTax": 3118000000,
    "incomeBeforeTaxRatio": 0.1889467943,
    "incomeTaxExpense": 894000000,
    "netIncome": 2222000000,
    "netIncomeRatio": 0.1346503454,
    "eps": 0.28,
    "epsdiluted": 0.28,
    "weightedAverageShsOut": 7982000000,
    "weightedAverageShsOutDil": 8035000000,
    "link": "https://www.sec.gov/Archives/edgar/data/78003/000115752311003088/0001157523-11-003088-index.htm",
    "finalLink": "https://www.sec.gov/Archives/edgar/data/78003/000115752311003088/a6715256.htm"
  },
  {
    "date": "2010-12-31",
    "symbol": "PFE",
    "reportedCurrency": "USD",
    "cik": "0000078003",
    "fillingDate": "2011-02-28",
    "acceptedDate": "2011-02-28 10:00:55",
    "calendarYear": "2010",
    "period": "Q4",
    "revenue": 17561000000,
    "costOfRevenue": 4282000000,
    "grossProfit": 13279000000,
    "grossProfitRatio": 0.7561642275,
    "researchAndDevelopmentExpenses": 2806000000,
    "generalAndAdministrativeExpenses": 0,
    "sellingAndMarketingExpenses": 0,
    "sellingGeneralAndAdministrativeExpenses": 5738000000,
    "otherExpenses": 2377000000,
    "operatingExpenses": 10921000000,
    "costAndExpenses": 15203000000,
    "interestIncome": 105000000,
    "interestExpense": 460000000,
    "depreciationAndAmortization": 1994000000,
    "ebitda": 4457000000,
    "ebitdaratio": 0.2538010364,
    "operatingIncome": 2358000000,
    "operatingIncomeRatio": 0.1342748135,
    "totalOtherIncomeExpensesNet": -1529000000,
    "incomeBeforeTax": 829000000,
    "incomeBeforeTaxRatio": 0.0472068789,
    "incomeTaxExpense": -2074000000,
    "netIncome": 2890000000,
    "netIncomeRatio": 0.1645692159,
    "eps": 0.36,
    "epsdiluted": 0.36,
    "weightedAverageShsOut": 8009000000,
    "weightedAverageShsOutDil": 8057000000,
    "link": "https://www.sec.gov/Archives/edgar/data/78003/000119312511048877/0001193125-11-048877-index.htm",
    "finalLink": "https://www.sec.gov/Archives/edgar/data/78003/000119312511048877/d10k.htm"
  },
  {
    "date": "2010-10-03",
    "symbol": "PFE",
    "reportedCurrency": "USD",
    "cik": "0000078003",
    "fillingDate": "2010-11-12",
    "acceptedDate": "2010-11-12 10:11:48",
    "calendarYear": "2010",
    "period": "Q3",
    "revenue": 16171000000,
    "costOfRevenue": 3896000000,
    "grossProfit": 12275000000,
    "grossProfitRatio": 0.7590748871,
    "researchAndDevelopmentExpenses": 2194000000,
    "generalAndAdministrativeExpenses": -61000000,
    "sellingAndMarketingExpenses": 4633000000,
    "sellingGeneralAndAdministrativeExpenses": 6986000000,
    "otherExpenses": 4193000000,
    "operatingExpenses": 10336000000,
    "costAndExpenses": 14232000000,
    "interestIncome": 100000000,
    "interestExpense": 428000000,
    "depreciationAndAmortization": 1156000000,
    "ebitda": 4070000000,
    "ebitdaratio": 0.2516851153,
    "operatingIncome": 2267000000,
    "operatingIncomeRatio": 0.1401892276,
    "totalOtherIncomeExpensesNet": -826000000,
    "incomeBeforeTax": 1440000000,
    "incomeBeforeTaxRatio": 0.0890482963,
    "incomeTaxExpense": 564000000,
    "netIncome": 866000000,
    "netIncomeRatio": 0.053552656,
    "eps": 0.11,
    "epsdiluted": 0.11,
    "weightedAverageShsOut": 8027000000,
    "weightedAverageShsOutDil": 8057000000,
    "link": "https://www.sec.gov/Archives/edgar/data/78003/000115752310006832/0001157523-10-006832-index.htm",
    "finalLink": "https://www.sec.gov/Archives/edgar/data/78003/000115752310006832/a6505300.htm"
  },
  {
    "date": "2010-07-04",
    "symbol": "PFE",
    "reportedCurrency": "USD",
    "cik": "0000078003",
    "fillingDate": "2010-08-12",
    "acceptedDate": "2010-08-12 16:54:27",
    "calendarYear": "2010",
    "period": "Q2",
    "revenue": 17327000000,
    "costOfRevenue": 3795000000,
    "grossProfit": 13532000000,
    "grossProfitRatio": 0.7809776649,
    "researchAndDevelopmentExpenses": 2187000000,
    "generalAndAdministrativeExpenses": 0,
    "sellingAndMarketingExpenses": 4807000000,
    "sellingGeneralAndAdministrativeExpenses": 4807000000,
    "otherExpenses": 2653000000,
    "operatingExpenses": 8672000000,
    "costAndExpenses": 12467000000,
    "interestIncome": 85000000,
    "interestExpense": 389000000,
    "depreciationAndAmortization": 1407000000,
    "ebitda": 6528000000,
    "ebitdaratio": 0.3767530444,
    "operatingIncome": 5131000000,
    "operatingIncomeRatio": 0.2961274312,
    "totalOtherIncomeExpensesNet": -1205000000,
    "incomeBeforeTax": 3974000000,
    "incomeBeforeTaxRatio": 0.2293530328,
    "incomeTaxExpense": 1488000000,
    "netIncome": 2475000000,
    "netIncomeRatio": 0.1428406533,
    "eps": 0.31,
    "epsdiluted": 0.31,
    "weightedAverageShsOut": 8046000000,
    "weightedAverageShsOutDil": 8072000000,
    "link": "https://www.sec.gov/Archives/edgar/data/78003/000115752310005034/0001157523-10-005034-index.htm",
    "finalLink": "https://www.sec.gov/Archives/edgar/data/78003/000115752310005034/a6393130.htm"
  },
  {
    "date": "2010-04-04",
    "symbol": "PFE",
    "reportedCurrency": "USD",
    "cik": "0000078003",
    "fillingDate": "2010-05-13",
    "acceptedDate": "2010-05-13 16:44:46",
    "calendarYear": "2010",
    "period": "Q1",
    "revenue": 16750000000,
    "costOfRevenue": 4306000000,
    "grossProfit": 12444000000,
    "grossProfitRatio": 0.7429253731,
    "researchAndDevelopmentExpenses": 2226000000,
    "generalAndAdministrativeExpenses": 0,
    "sellingAndMarketingExpenses": 4436000000,
    "sellingGeneralAndAdministrativeExpenses": 4436000000,
    "otherExpenses": 2337000000,
    "operatingExpenses": 8485000000,
    "costAndExpenses": 12791000000,
    "interestIncome": 112000000,
    "interestExpense": 522000000,
    "depreciationAndAmortization": 1409000000,
    "ebitda": 5722000000,
    "ebitdaratio": 0.3416119403,
    "operatingIncome": 3959000000,
    "operatingIncomeRatio": 0.236358209,
    "totalOtherIncomeExpensesNet": -1190000000,
    "incomeBeforeTax": 3179000000,
    "incomeBeforeTaxRatio": 0.1897910448,
    "incomeTaxExpense": 1146000000,
    "netIncome": 2026000000,
    "netIncomeRatio": 0.1209552239,
    "eps": 0.25,
    "epsdiluted": 0.25,
    "weightedAverageShsOut": 8061000000,
    "weightedAverageShsOutDil": 8101000000,
    "link": "https://www.sec.gov/Archives/edgar/data/78003/000115752310003143/0001157523-10-003143-index.htm",
    "finalLink": "https://www.sec.gov/Archives/edgar/data/78003/000115752310003143/a6285704.htm"
  },
  {
    "date": "2009-12-31",
    "symbol": "PFE",
    "reportedCurrency": "USD",
    "cik": "0000078003",
    "fillingDate": "2010-02-26",
    "acceptedDate": "2010-02-26 13:43:14",
    "calendarYear": "2009",
    "period": "Q4",
    "revenue": 16537000000,
    "costOfRevenue": 3935000000,
    "grossProfit": 12602000000,
    "grossProfitRatio": 0.7620487392,
    "researchAndDevelopmentExpenses": 2881000000,
    "generalAndAdministrativeExpenses": 0,
    "sellingAndMarketingExpenses": 0,
    "sellingGeneralAndAdministrativeExpenses": 5367000000,
    "otherExpenses": 927000000,
    "operatingExpenses": 9175000000,
    "costAndExpenses": 13110000000,
    "interestIncome": 0,
    "interestExpense": 0,
    "depreciationAndAmortization": 1774000000,
    "ebitda": 1610000000,
    "ebitdaratio": 0.0973574409,
    "operatingIncome": 3427000000,
    "operatingIncomeRatio": 0.207232267,
    "totalOtherIncomeExpensesNet": -3423000000,
    "incomeBeforeTax": 4000000,
    "incomeBeforeTaxRatio": 0.0002418818,
    "incomeTaxExpense": -755000000,
    "netIncome": 767000000,
    "netIncomeRatio": 0.046380843,
    "eps": 0.11,
    "epsdiluted": 0.11,
    "weightedAverageShsOut": 6762000000,
    "weightedAverageShsOutDil": 6762000000,
    "link": "https://www.sec.gov/Archives/edgar/data/78003/000119312510042425/0001193125-10-042425-index.htm",
    "finalLink": "https://www.sec.gov/Archives/edgar/data/78003/000119312510042425/d10k.htm"
  },
  {
    "date": "2009-09-27",
    "symbol": "PFE",
    "reportedCurrency": "USD",
    "cik": "0000078003",
    "fillingDate": "2009-11-05",
    "acceptedDate": "2009-11-05 17:15:33",
    "calendarYear": "2009",
    "period": "Q3",
    "revenue": 11621000000,
    "costOfRevenue": 1789000000,
    "grossProfit": 9832000000,
    "grossProfitRatio": 0.8460545564,
    "researchAndDevelopmentExpenses": 1632000000,
    "generalAndAdministrativeExpenses": 0,
    "sellingAndMarketingExpenses": 3282000000,
    "sellingGeneralAndAdministrativeExpenses": 3282000000,
    "otherExpenses": 845000000,
    "operatingExpenses": 5668000000,
    "costAndExpenses": 7457000000,
    "interestIncome": 171000000,
    "interestExpense": 369000000,
    "depreciationAndAmortization": 594000000,
    "ebitda": 4951000000,
    "ebitdaratio": 0.4260390672,
    "operatingIncome": 4324000000,
    "operatingIncomeRatio": 0.3720850185,
    "totalOtherIncomeExpensesNet": -391000000,
    "incomeBeforeTax": 3971000000,
    "incomeBeforeTaxRatio": 0.3417089751,
    "incomeTaxExpense": 1092000000,
    "netIncome": 2878000000,
    "netIncomeRatio": 0.2476551071,
    "eps": 0.43,
    "epsdiluted": 0.43,
    "weightedAverageShsOut": 6730000000,
    "weightedAverageShsOutDil": 6762000000,
    "link": "https://www.sec.gov/Archives/edgar/data/78003/000115752309007794/0001157523-09-007794-index.htm",
    "finalLink": "https://www.sec.gov/Archives/edgar/data/78003/000115752309007794/a6090863.htm"
  },
  {
    "date": "2009-06-28",
    "symbol": "PFE",
    "reportedCurrency": "USD",
    "cik": "0000078003",
    "fillingDate": "2009-08-06",
    "acceptedDate": "2009-08-06 17:20:32",
    "calendarYear": "2009",
    "period": "Q2",
    "revenue": 10984000000,
    "costOfRevenue": 1756000000,
    "grossProfit": 9228000000,
    "grossProfitRatio": 0.8401310998,
    "researchAndDevelopmentExpenses": 1715000000,
    "generalAndAdministrativeExpenses": 0,
    "sellingAndMarketingExpenses": 3350000000,
    "sellingGeneralAndAdministrativeExpenses": 3350000000,
    "otherExpenses": 1287000000,
    "operatingExpenses": 5720000000,
    "costAndExpenses": 7476000000,
    "interestIncome": 0,
    "interestExpense": 0,
    "depreciationAndAmortization": 583000000,
    "ebitda": 4586000000,
    "ebitdaratio": 0.4175163875,
    "operatingIncome": 3580000000,
    "operatingIncomeRatio": 0.3259286235,
    "totalOtherIncomeExpensesNet": -531000000,
    "incomeBeforeTax": 3049000000,
    "incomeBeforeTaxRatio": 0.277585579,
    "incomeTaxExpense": 786000000,
    "netIncome": 2261000000,
    "netIncomeRatio": 0.2058448653,
    "eps": 0.34,
    "epsdiluted": 0.34,
    "weightedAverageShsOut": 6728000000,
    "weightedAverageShsOutDil": 6752000000,
    "link": "https://www.sec.gov/Archives/edgar/data/78003/000115752309005774/0001157523-09-005774-index.htm",
    "finalLink": "https://www.sec.gov/Archives/edgar/data/78003/000115752309005774/a6022539.htm"
  },
  {
    "date": "2009-03-29",
    "symbol": "PFE",
    "reportedCurrency": "USD",
    "cik": "0000078003",
    "fillingDate": "2009-05-08",
    "acceptedDate": "2009-05-08 14:50:28",
    "calendarYear": "2009",
    "period": "Q1",
    "revenue": 10867000000,
    "costOfRevenue": 1408000000,
    "grossProfit": 9459000000,
    "grossProfitRatio": 0.8704334223,
    "researchAndDevelopmentExpenses": 1705000000,
    "generalAndAdministrativeExpenses": 0,
    "sellingAndMarketingExpenses": 2876000000,
    "sellingGeneralAndAdministrativeExpenses": 2876000000,
    "otherExpenses": 1202000000,
    "operatingExpenses": 5102000000,
    "costAndExpenses": 6510000000,
    "interestIncome": 0,
    "interestExpense": 0,
    "depreciationAndAmortization": 578000000,
    "ebitda": 5365000000,
    "ebitdaratio": 0.4936965124,
    "operatingIncome": 4300000000,
    "operatingIncomeRatio": 0.3956933836,
    "totalOtherIncomeExpensesNet": -554000000,
    "incomeBeforeTax": 3803000000,
    "incomeBeforeTaxRatio": 0.3499585902,
    "incomeTaxExpense": 1074000000,
    "netIncome": 2729000000,
    "netIncomeRatio": 0.251127266,
    "eps": 0.41,
    "epsdiluted": 0.4,
    "weightedAverageShsOut": 6723000000,
    "weightedAverageShsOutDil": 6753000000,
    "link": "https://www.sec.gov/Archives/edgar/data/78003/000115752309003663/0001157523-09-003663-index.htm",
    "finalLink": "https://www.sec.gov/Archives/edgar/data/78003/000115752309003663/a5959163.htm"
  },
  {
    "date": "2008-12-31",
    "symbol": "PFE",
    "reportedCurrency": "USD",
    "cik": "0000078003",
    "fillingDate": "2009-02-27",
    "acceptedDate": "2009-02-27 12:59:38",
    "calendarYear": "2008",
    "period": "Q4",
    "revenue": 12346000000,
    "costOfRevenue": 1715000000,
    "grossProfit": 10631000000,
    "grossProfitRatio": 0.8610886117,
    "researchAndDevelopmentExpenses": 2303000000,
    "generalAndAdministrativeExpenses": 0,
    "sellingAndMarketingExpenses": 0,
    "sellingGeneralAndAdministrativeExpenses": 3659000000,
    "otherExpenses": 605000000,
    "operatingExpenses": 6567000000,
    "costAndExpenses": 8282000000,
    "interestIncome": 0,
    "interestExpense": 0,
    "depreciationAndAmortization": 1178000000,
    "ebitda": 5242000000,
    "ebitdaratio": 0.4245909606,
    "operatingIncome": 4064000000,
    "operatingIncomeRatio": 0.3291754414,
    "totalOtherIncomeExpensesNet": -3439000000,
    "incomeBeforeTax": 625000000,
    "incomeBeforeTaxRatio": 0.0506236838,
    "incomeTaxExpense": 394000000,
    "netIncome": 266000000,
    "netIncomeRatio": 0.0215454398,
    "eps": 0.0388,
    "epsdiluted": 0.0388,
    "weightedAverageShsOut": 6718000000,
    "weightedAverageShsOutDil": 6847000000,
    "link": "https://www.sec.gov/Archives/edgar/data/78003/000119312509040568/0001193125-09-040568-index.htm",
    "finalLink": "https://www.sec.gov/Archives/edgar/data/78003/000119312509040568/d10k.htm"
  },
  {
    "date": "2008-09-28",
    "symbol": "PFE",
    "reportedCurrency": "USD",
    "cik": "0000078003",
    "fillingDate": "2008-11-07",
    "acceptedDate": "2008-11-07 12:11:08",
    "calendarYear": "2008",
    "period": "Q3",
    "revenue": 11973000000,
    "costOfRevenue": 2122000000,
    "grossProfit": 9851000000,
    "grossProfitRatio": 0.8227678944,
    "researchAndDevelopmentExpenses": 1885000000,
    "generalAndAdministrativeExpenses": 0,
    "sellingAndMarketingExpenses": 3523000000,
    "sellingGeneralAndAdministrativeExpenses": 3523000000,
    "otherExpenses": 2115000000,
    "operatingExpenses": 6029000000,
    "costAndExpenses": 8151000000,
    "interestIncome": 0,
    "interestExpense": 0,
    "depreciationAndAmortization": 1196000000,
    "ebitda": 5018000000,
    "ebitdaratio": 0.4191096634,
    "operatingIncome": 2521000000,
    "operatingIncomeRatio": 0.2105570868,
    "totalOtherIncomeExpensesNet": -1100000000,
    "incomeBeforeTax": 2722000000,
    "incomeBeforeTaxRatio": 0.2273448593,
    "incomeTaxExpense": 463000000,
    "netIncome": 2278000000,
    "netIncomeRatio": 0.1902614215,
    "eps": 0.34,
    "epsdiluted": 0.34,
    "weightedAverageShsOut": 6718000000,
    "weightedAverageShsOutDil": 6736000000,
    "link": "https://www.sec.gov/Archives/edgar/data/78003/000007800308000285/0000078003-08-000285-index.htm",
    "finalLink": "https://www.sec.gov/Archives/edgar/data/78003/000007800308000285/q3-08pfe1.htm"
  },
  {
    "date": "2008-06-29",
    "symbol": "PFE",
    "reportedCurrency": "USD",
    "cik": "0000078003",
    "fillingDate": "2008-08-08",
    "acceptedDate": "2008-08-08 13:34:18",
    "calendarYear": "2008",
    "period": "Q2",
    "revenue": 12129000000,
    "costOfRevenue": 2289000000,
    "grossProfit": 9840000000,
    "grossProfitRatio": 0.8112787534,
    "researchAndDevelopmentExpenses": 1966000000,
    "generalAndAdministrativeExpenses": 0,
    "sellingAndMarketingExpenses": 3863000000,
    "sellingGeneralAndAdministrativeExpenses": 3863000000,
    "otherExpenses": 1506000000,
    "operatingExpenses": 6492000000,
    "costAndExpenses": 8781000000,
    "interestIncome": 0,
    "interestExpense": 0,
    "depreciationAndAmortization": 1229000000,
    "ebitda": 4421000000,
    "ebitdaratio": 0.3644983098,
    "operatingIncome": 2709000000,
    "operatingIncomeRatio": 0.2233489983,
    "totalOtherIncomeExpensesNet": -402000000,
    "incomeBeforeTax": 2790000000,
    "incomeBeforeTaxRatio": 0.2300272075,
    "incomeTaxExpense": 25000000,
    "netIncome": 2776000000,
    "netIncomeRatio": 0.2288729491,
    "eps": 0.41,
    "epsdiluted": 0.41,
    "weightedAverageShsOut": 6732000000,
    "weightedAverageShsOutDil": 6748000000,
    "link": "https://www.sec.gov/Archives/edgar/data/78003/000007800308000199/0000078003-08-000199-index.htm",
    "finalLink": "https://www.sec.gov/Archives/edgar/data/78003/000007800308000199/q208pfe1.htm"
  },
  {
    "date": "2008-03-30",
    "symbol": "PFE",
    "reportedCurrency": "USD",
    "cik": "0000078003",
    "fillingDate": "2008-05-02",
    "acceptedDate": "2008-05-02 14:24:41",
    "calendarYear": "2008",
    "period": "Q1",
    "revenue": 11848000000,
    "costOfRevenue": 1986000000,
    "grossProfit": 9862000000,
    "grossProfitRatio": 0.8323767725,
    "researchAndDevelopmentExpenses": 1791000000,
    "generalAndAdministrativeExpenses": 0,
    "sellingAndMarketingExpenses": 3492000000,
    "sellingGeneralAndAdministrativeExpenses": 3492000000,
    "otherExpenses": 1469000000,
    "operatingExpenses": 6062000000,
    "costAndExpenses": 8048000000,
    "interestIncome": 0,
    "interestExpense": 0,
    "depreciationAndAmortization": 1487000000,
    "ebitda": 5287000000,
    "ebitdaratio": 0.4462356516,
    "operatingIncome": 3331000000,
    "operatingIncomeRatio": 0.281144497,
    "totalOtherIncomeExpensesNet": -243000000,
    "incomeBeforeTax": 3557000000,
    "incomeBeforeTaxRatio": 0.3002194463,
    "incomeTaxExpense": 763000000,
    "netIncome": 2784000000,
    "netIncomeRatio": 0.2349763673,
    "eps": 0.41,
    "epsdiluted": 0.41,
    "weightedAverageShsOut": 6739000000,
    "weightedAverageShsOutDil": 6762000000,
    "link": "https://www.sec.gov/Archives/edgar/data/78003/000007800308000103/0000078003-08-000103-index.htm",
    "finalLink": "https://www.sec.gov/Archives/edgar/data/78003/000007800308000103/q1-08pfe1.htm"
  },
  {
    "date": "2007-12-31",
    "symbol": "PFE",
    "reportedCurrency": "USD",
    "cik": "0000078003",
    "fillingDate": "2008-02-29",
    "acceptedDate": "2008-02-29 15:05:57",
    "calendarYear": "2007",
    "period": "Q4",
    "revenue": 12870000000,
    "costOfRevenue": 2625000000,
    "grossProfit": 10245000000,
    "grossProfitRatio": 0.796037296,
    "researchAndDevelopmentExpenses": 2260000000,
    "generalAndAdministrativeExpenses": 11858000000,
    "sellingAndMarketingExpenses": -7205000000,
    "sellingGeneralAndAdministrativeExpenses": 4653000000,
    "otherExpenses": 756000000,
    "operatingExpenses": 7669000000,
    "costAndExpenses": 10294000000,
    "interestIncome": 0,
    "interestExpense": 0,
    "depreciationAndAmortization": 1116000000,
    "ebitda": 3692000000,
    "ebitdaratio": 0.2868686869,
    "operatingIncome": 2576000000,
    "operatingIncomeRatio": 0.2001554002,
    "totalOtherIncomeExpensesNet": 394000000,
    "incomeBeforeTax": 2970000000,
    "incomeBeforeTaxRatio": 0.2307692308,
    "incomeTaxExpense": 223000000,
    "netIncome": 2723000000,
    "netIncomeRatio": 0.2115773116,
    "eps": 0.4,
    "epsdiluted": 0.4,
    "weightedAverageShsOut": 6776000000,
    "weightedAverageShsOutDil": 6875000000,
    "link": "https://www.sec.gov/Archives/edgar/data/78003/000093041308001360/0000930413-08-001360-index.htm",
    "finalLink": "https://www.sec.gov/Archives/edgar/data/78003/000093041308001360/c52104_10-k.htm"
  },
  {
    "date": "2007-09-30",
    "symbol": "PFE",
    "reportedCurrency": "USD",
    "cik": "0000078003",
    "fillingDate": "2007-11-05",
    "acceptedDate": "2007-11-05 15:13:06",
    "calendarYear": "2007",
    "period": "Q3",
    "revenue": 11990000000,
    "costOfRevenue": 4618000000,
    "grossProfit": 7372000000,
    "grossProfitRatio": 0.6148457048,
    "researchAndDevelopmentExpenses": 1999000000,
    "generalAndAdministrativeExpenses": 0,
    "sellingAndMarketingExpenses": 0,
    "sellingGeneralAndAdministrativeExpenses": 3768000000,
    "otherExpenses": 774000000,
    "operatingExpenses": 6541000000,
    "costAndExpenses": 11159000000,
    "interestIncome": 0,
    "interestExpense": 0,
    "depreciationAndAmortization": 1372000000,
    "ebitda": 2203000000,
    "ebitdaratio": 0.183736447,
    "operatingIncome": 831000000,
    "operatingIncomeRatio": 0.0693077565,
    "totalOtherIncomeExpensesNet": -195000000,
    "incomeBeforeTax": 636000000,
    "incomeBeforeTaxRatio": 0.0530442035,
    "incomeTaxExpense": -161000000,
    "netIncome": 760000000,
    "netIncomeRatio": 0.0633861551,
    "eps": 0.11,
    "epsdiluted": 0.11,
    "weightedAverageShsOut": 6875000000,
    "weightedAverageShsOutDil": 6894000000,
    "link": "https://www.sec.gov/Archives/edgar/data/78003/000007800307000311/0000078003-07-000311-index.htm",
    "finalLink": "https://www.sec.gov/Archives/edgar/data/78003/000007800307000311/q3-07pfe1.htm"
  },
  {
    "date": "2007-07-01",
    "symbol": "PFE",
    "reportedCurrency": "USD",
    "cik": "0000078003",
    "fillingDate": "2007-08-06",
    "acceptedDate": "2007-08-06 15:54:12",
    "calendarYear": "2007",
    "period": "Q2",
    "revenue": 11084000000,
    "costOfRevenue": 2109000000,
    "grossProfit": 8975000000,
    "grossProfitRatio": 0.8097257308,
    "researchAndDevelopmentExpenses": 2165000000,
    "generalAndAdministrativeExpenses": 0,
    "sellingAndMarketingExpenses": 3844000000,
    "sellingGeneralAndAdministrativeExpenses": 3844000000,
    "otherExpenses": 1420000000,
    "operatingExpenses": 6792000000,
    "costAndExpenses": 8901000000,
    "interestIncome": 0,
    "interestExpense": 0,
    "depreciationAndAmortization": 1441000000,
    "ebitda": 3624000000,
    "ebitdaratio": 0.326957777,
    "operatingIncome": 2183000000,
    "operatingIncomeRatio": 0.1969505594,
    "totalOtherIncomeExpensesNet": -564000000,
    "incomeBeforeTax": 1619000000,
    "incomeBeforeTaxRatio": 0.146066402,
    "incomeTaxExpense": 272000000,
    "netIncome": 1266000000,
    "netIncomeRatio": 0.1142186936,
    "eps": 0.18,
    "epsdiluted": 0.18,
    "weightedAverageShsOut": 6966000000,
    "weightedAverageShsOutDil": 6990000000,
    "link": "https://www.sec.gov/Archives/edgar/data/78003/000007800307000195/0000078003-07-000195-index.htm",
    "finalLink": "https://www.sec.gov/Archives/edgar/data/78003/000007800307000195/q2-07pfe1.htm"
  },
  {
    "date": "2007-04-01",
    "symbol": "PFE",
    "reportedCurrency": "USD",
    "cik": "0000078003",
    "fillingDate": "2007-05-04",
    "acceptedDate": "2007-05-04 16:58:54",
    "calendarYear": "2007",
    "period": "Q1",
    "revenue": 12474000000,
    "costOfRevenue": 1887000000,
    "grossProfit": 10587000000,
    "grossProfitRatio": 0.8487253487,
    "researchAndDevelopmentExpenses": 1665000000,
    "generalAndAdministrativeExpenses": 0,
    "sellingAndMarketingExpenses": 3361000000,
    "sellingGeneralAndAdministrativeExpenses": 3361000000,
    "otherExpenses": 1515000000,
    "operatingExpenses": 5841000000,
    "costAndExpenses": 7728000000,
    "interestIncome": 0,
    "interestExpense": 0,
    "depreciationAndAmortization": 1271000000,
    "ebitda": 6017000000,
    "ebitdaratio": 0.4823633157,
    "operatingIncome": 4746000000,
    "operatingIncomeRatio": 0.3804713805,
    "totalOtherIncomeExpensesNet": -693000000,
    "incomeBeforeTax": 4053000000,
    "incomeBeforeTaxRatio": 0.3249158249,
    "incomeTaxExpense": 689000000,
    "netIncome": 3391000000,
    "netIncomeRatio": 0.2718454385,
    "eps": 0.48,
    "epsdiluted": 0.48,
    "weightedAverageShsOut": 7051000000,
    "weightedAverageShsOutDil": 7075000000,
    "link": "https://www.sec.gov/Archives/edgar/data/78003/000007800307000108/0000078003-07-000108-index.htm",
    "finalLink": "https://www.sec.gov/Archives/edgar/data/78003/000007800307000108/q1-07pfe1.htm"
  },
  {
    "date": "2006-12-31",
    "symbol": "PFE",
    "reportedCurrency": "USD",
    "cik": "0000078003",
    "fillingDate": "2007-03-01",
    "acceptedDate": "2007-02-28 18:17:54",
    "calendarYear": "2006",
    "period": "Q4",
    "revenue": 12603000000,
    "costOfRevenue": 2217000000,
    "grossProfit": 10386000000,
    "grossProfitRatio": 0.8240895025,
    "researchAndDevelopmentExpenses": 2412000000,
    "generalAndAdministrativeExpenses": 15589000000,
    "sellingAndMarketingExpenses": -11027000000,
    "sellingGeneralAndAdministrativeExpenses": 4562000000,
    "otherExpenses": 815000000,
    "operatingExpenses": 7789000000,
    "costAndExpenses": 10006000000,
    "interestIncome": 0,
    "interestExpense": 0,
    "depreciationAndAmortization": 1267000000,
    "ebitda": 3864000000,
    "ebitdaratio": 0.3065936682,
    "operatingIncome": 2597000000,
    "operatingIncomeRatio": 0.2060620487,
    "totalOtherIncomeExpensesNet": -883000000,
    "incomeBeforeTax": 1714000000,
    "incomeBeforeTaxRatio": 0.1359993652,
    "incomeTaxExpense": 223000000,
    "netIncome": 9448000000,
    "netIncomeRatio": 0.7496627787,
    "eps": 1.3,
    "epsdiluted": 1.3,
    "weightedAverageShsOut": 7143000000,
    "weightedAverageShsOutDil": 7251000000,
    "link": "https://www.sec.gov/Archives/edgar/data/78003/000093041307001807/0000930413-07-001807-index.htm",
    "finalLink": "https://www.sec.gov/Archives/edgar/data/78003/000093041307001807/c46660_10k.htm"
  },
  {
    "date": "2006-10-01",
    "symbol": "PFE",
    "reportedCurrency": "USD",
    "cik": "0000078003",
    "fillingDate": "2006-11-03",
    "acceptedDate": "2006-11-03 17:23:13",
    "calendarYear": "2006",
    "period": "Q3",
    "revenue": 12280000000,
    "costOfRevenue": 1962000000,
    "grossProfit": 10318000000,
    "grossProfitRatio": 0.840228013,
    "researchAndDevelopmentExpenses": 1902000000,
    "generalAndAdministrativeExpenses": 0,
    "sellingAndMarketingExpenses": 3751000000,
    "sellingGeneralAndAdministrativeExpenses": 3751000000,
    "otherExpenses": 704000000,
    "operatingExpenses": 6451000000,
    "costAndExpenses": 8413000000,
    "interestIncome": 0,
    "interestExpense": 0,
    "depreciationAndAmortization": 1332000000,
    "ebitda": 5199000000,
    "ebitdaratio": 0.4233713355,
    "operatingIncome": 3867000000,
    "operatingIncomeRatio": 0.3149022801,
    "totalOtherIncomeExpensesNet": 94000000,
    "incomeBeforeTax": 3961000000,
    "incomeBeforeTaxRatio": 0.3225570033,
    "incomeTaxExpense": 717000000,
    "netIncome": 3361000000,
    "netIncomeRatio": 0.2736970684,
    "eps": 0.47,
    "epsdiluted": 0.46,
    "weightedAverageShsOut": 7228000000,
    "weightedAverageShsOutDil": 7251000000,
    "link": "https://www.sec.gov/Archives/edgar/data/78003/000007800306000292/0000078003-06-000292-index.htm",
    "finalLink": "https://www.sec.gov/Archives/edgar/data/78003/000007800306000292/q3-06pfe_1.htm"
  },
  {
    "date": "2006-07-02",
    "symbol": "PFE",
    "reportedCurrency": "USD",
    "cik": "0000078003",
    "fillingDate": "2006-08-11",
    "acceptedDate": "2006-08-11 12:05:40",
    "calendarYear": "2006",
    "period": "Q2",
    "revenue": 11741000000,
    "costOfRevenue": 1790000000,
    "grossProfit": 9951000000,
    "grossProfitRatio": 0.8475427987,
    "researchAndDevelopmentExpenses": 1742000000,
    "generalAndAdministrativeExpenses": 415000000,
    "sellingAndMarketingExpenses": 3466000000,
    "sellingGeneralAndAdministrativeExpenses": 3881000000,
    "otherExpenses": 1245000000,
    "operatingExpenses": 6446000000,
    "costAndExpenses": 8236000000,
    "interestIncome": 0,
    "interestExpense": 0,
    "depreciationAndAmortization": 1343000000,
    "ebitda": 4848000000,
    "ebitdaratio": 0.4129120177,
    "operatingIncome": 3505000000,
    "operatingIncomeRatio": 0.298526531,
    "totalOtherIncomeExpensesNet": -422000000,
    "incomeBeforeTax": 3083000000,
    "incomeBeforeTaxRatio": 0.262584107,
    "incomeTaxExpense": 790000000,
    "netIncome": 2413000000,
    "netIncomeRatio": 0.205519121,
    "eps": 0.33,
    "epsdiluted": 0.33,
    "weightedAverageShsOut": 7282000000,
    "weightedAverageShsOutDil": 7305000000,
    "link": "https://www.sec.gov/Archives/edgar/data/78003/000007800306000203/0000078003-06-000203-index.htm",
    "finalLink": "https://www.sec.gov/Archives/edgar/data/78003/000007800306000203/q2-06pfe1.htm"
  },
  {
    "date": "2006-04-02",
    "symbol": "PFE",
    "reportedCurrency": "USD",
    "cik": "0000078003",
    "fillingDate": "2006-05-08",
    "acceptedDate": "2006-05-08 17:06:46",
    "calendarYear": "2006",
    "period": "Q1",
    "revenue": 12660000000,
    "costOfRevenue": 1973000000,
    "grossProfit": 10687000000,
    "grossProfitRatio": 0.8441548183,
    "researchAndDevelopmentExpenses": 1588000000,
    "generalAndAdministrativeExpenses": 0,
    "sellingAndMarketingExpenses": 3810000000,
    "sellingGeneralAndAdministrativeExpenses": 3810000000,
    "otherExpenses": 868000000,
    "operatingExpenses": 6226000000,
    "costAndExpenses": 8199000000,
    "interestIncome": 0,
    "interestExpense": 0,
    "depreciationAndAmortization": 1351000000,
    "ebitda": 5664000000,
    "ebitdaratio": 0.4473933649,
    "operatingIncome": 4461000000,
    "operatingIncomeRatio": 0.3523696682,
    "totalOtherIncomeExpensesNet": -43000000,
    "incomeBeforeTax": 4427000000,
    "incomeBeforeTaxRatio": 0.3496840442,
    "incomeTaxExpense": 315000000,
    "netIncome": 4111000000,
    "netIncomeRatio": 0.3247235387,
    "eps": 0.56,
    "epsdiluted": 0.56,
    "weightedAverageShsOut": 7314000000,
    "weightedAverageShsOutDil": 7348000000,
    "link": "https://www.sec.gov/Archives/edgar/data/78003/000007800306000116/0000078003-06-000116-index.htm",
    "finalLink": "https://www.sec.gov/Archives/edgar/data/78003/000007800306000116/q1-06pfe1.htm"
  },
  {
    "date": "2005-12-31",
    "symbol": "PFE",
    "reportedCurrency": "USD",
    "cik": "0000078003",
    "fillingDate": "2006-03-01",
    "acceptedDate": "2006-02-28 21:25:00",
    "calendarYear": "2005",
    "period": "Q4",
    "revenue": 13593000000,
    "costOfRevenue": 2345000000,
    "grossProfit": 11248000000,
    "grossProfitRatio": 0.8274847348,
    "researchAndDevelopmentExpenses": 2021000000,
    "generalAndAdministrativeExpenses": 0,
    "sellingAndMarketingExpenses": 0,
    "sellingGeneralAndAdministrativeExpenses": 4755000000,
    "otherExpenses": 833000000,
    "operatingExpenses": 7609000000,
    "costAndExpenses": 9954000000,
    "interestIncome": 0,
    "interestExpense": 0,
    "depreciationAndAmortization": 1433000000,
    "ebitda": 5072000000,
    "ebitdaratio": 0.3731332303,
    "operatingIncome": 3639000000,
    "operatingIncomeRatio": 0.267711322,
    "totalOtherIncomeExpensesNet": -274000000,
    "incomeBeforeTax": 3365000000,
    "incomeBeforeTaxRatio": 0.247553888,
    "incomeTaxExpense": 609000000,
    "netIncome": 2731000000,
    "netIncomeRatio": 0.2009122342,
    "eps": 0.37,
    "epsdiluted": 0.37,
    "weightedAverageShsOut": 7328000000,
    "weightedAverageShsOutDil": 7382000000,
    "link": "https://www.sec.gov/Archives/edgar/data/78003/000093041306001567/0000930413-06-001567-index.htm",
    "finalLink": "https://www.sec.gov/Archives/edgar/data/78003/000093041306001567/c40966_10k.htm"
  },
  {
    "date": "2005-10-02",
    "symbol": "PFE",
    "reportedCurrency": "USD",
    "cik": "0000078003",
    "fillingDate": "2005-11-09",
    "acceptedDate": "2005-11-09 16:19:49",
    "calendarYear": "2005",
    "period": "Q3",
    "revenue": 12189000000,
    "costOfRevenue": 1908000000,
    "grossProfit": 10281000000,
    "grossProfitRatio": 0.8434654196,
    "researchAndDevelopmentExpenses": 1783000000,
    "generalAndAdministrativeExpenses": 0,
    "sellingAndMarketingExpenses": 3931000000,
    "sellingGeneralAndAdministrativeExpenses": 3931000000,
    "otherExpenses": 2375000000,
    "operatingExpenses": 6550000000,
    "costAndExpenses": 8458000000,
    "interestIncome": 0,
    "interestExpense": 0,
    "depreciationAndAmortization": 1367000000,
    "ebitda": 4921000000,
    "ebitdaratio": 0.4037246698,
    "operatingIncome": 3731000000,
    "operatingIncomeRatio": 0.30609566,
    "totalOtherIncomeExpensesNet": -1719000000,
    "incomeBeforeTax": 2197000000,
    "incomeBeforeTaxRatio": 0.1802444827,
    "incomeTaxExpense": 591000000,
    "netIncome": 1588000000,
    "netIncomeRatio": 0.1302814013,
    "eps": 0.22,
    "epsdiluted": 0.22,
    "weightedAverageShsOut": 7333000000,
    "weightedAverageShsOutDil": 7382000000,
    "link": "https://www.sec.gov/Archives/edgar/data/78003/000007800305000277/0000078003-05-000277-index.htm",
    "finalLink": "https://www.sec.gov/Archives/edgar/data/78003/000007800305000277/q3-05pfe1.htm"
  },
  {
    "date": "2005-07-03",
    "symbol": "PFE",
    "reportedCurrency": "USD",
    "cik": "0000078003",
    "fillingDate": "2005-08-08",
    "acceptedDate": "2005-08-08 17:26:29",
    "calendarYear": "2005",
    "period": "Q2",
    "revenue": 12425000000,
    "costOfRevenue": 2081000000,
    "grossProfit": 10344000000,
    "grossProfitRatio": 0.8325150905,
    "researchAndDevelopmentExpenses": 1875000000,
    "generalAndAdministrativeExpenses": 0,
    "sellingAndMarketingExpenses": 4226000000,
    "sellingGeneralAndAdministrativeExpenses": 4226000000,
    "otherExpenses": 1182000000,
    "operatingExpenses": 6960000000,
    "costAndExpenses": 9041000000,
    "interestIncome": 0,
    "interestExpense": 0,
    "depreciationAndAmortization": 1410000000,
    "ebitda": 4648000000,
    "ebitdaratio": 0.374084507,
    "operatingIncome": 3384000000,
    "operatingIncomeRatio": 0.2723541247,
    "totalOtherIncomeExpensesNet": -472000000,
    "incomeBeforeTax": 3061000000,
    "incomeBeforeTaxRatio": 0.2463581489,
    "incomeTaxExpense": -413000000,
    "netIncome": 3461000000,
    "netIncomeRatio": 0.2785513078,
    "eps": 0.47,
    "epsdiluted": 0.47,
    "weightedAverageShsOut": 7366000000,
    "weightedAverageShsOutDil": 7418000000,
    "link": "https://www.sec.gov/Archives/edgar/data/78003/000007800305000213/0000078003-05-000213-index.htm",
    "finalLink": "https://www.sec.gov/Archives/edgar/data/78003/000007800305000213/q2-05pfe1.htm"
  },
  {
    "date": "2005-04-03",
    "symbol": "PFE",
    "reportedCurrency": "USD",
    "cik": "0000078003",
    "fillingDate": "2005-05-06",
    "acceptedDate": "2005-05-06 15:07:41",
    "calendarYear": "2005",
    "period": "Q1",
    "revenue": 13091000000,
    "costOfRevenue": 2191000000,
    "grossProfit": 10900000000,
    "grossProfitRatio": 0.8326331067,
    "researchAndDevelopmentExpenses": 1764000000,
    "generalAndAdministrativeExpenses": 0,
    "sellingAndMarketingExpenses": 4085000000,
    "sellingGeneralAndAdministrativeExpenses": 4085000000,
    "otherExpenses": 2150000000,
    "operatingExpenses": 6731000000,
    "costAndExpenses": 8922000000,
    "interestIncome": 0,
    "interestExpense": 0,
    "depreciationAndAmortization": 1366000000,
    "ebitda": 5535000000,
    "ebitdaratio": 0.4228095638,
    "operatingIncome": 4169000000,
    "operatingIncomeRatio": 0.3184630662,
    "totalOtherIncomeExpensesNet": -1259000000,
    "incomeBeforeTax": 2910000000,
    "incomeBeforeTaxRatio": 0.222290123,
    "incomeTaxExpense": 2635000000,
    "netIncome": 301000000,
    "netIncomeRatio": 0.0229928959,
    "eps": 0.04,
    "epsdiluted": 0.04,
    "weightedAverageShsOut": 7416000000,
    "weightedAverageShsOutDil": 7474000000,
    "link": "https://www.sec.gov/Archives/edgar/data/78003/000007800305000126/0000078003-05-000126-index.htm",
    "finalLink": "https://www.sec.gov/Archives/edgar/data/78003/000007800305000126/q1-05pfe1.htm"
  },
  {
    "date": "2004-12-31",
    "symbol": "PFE",
    "reportedCurrency": "USD",
    "cik": "0000078003",
    "fillingDate": "2005-02-28",
    "acceptedDate": "2005-02-28 14:29:40",
    "calendarYear": "2004",
    "period": "Q4",
    "revenue": 14923000000,
    "costOfRevenue": 2356000000,
    "grossProfit": 12567000000,
    "grossProfitRatio": 0.8421228975,
    "researchAndDevelopmentExpenses": 2328000000,
    "generalAndAdministrativeExpenses": 0,
    "sellingAndMarketingExpenses": 0,
    "sellingGeneralAndAdministrativeExpenses": 4676000000,
    "otherExpenses": 868000000,
    "operatingExpenses": 7872000000,
    "costAndExpenses": 10228000000,
    "interestIncome": 0,
    "interestExpense": 0,
    "depreciationAndAmortization": 1311000000,
    "ebitda": 6006000000,
    "ebitdaratio": 0.4024659921,
    "operatingIncome": 4695000000,
    "operatingIncomeRatio": 0.3146150238,
    "totalOtherIncomeExpensesNet": -1196000000,
    "incomeBeforeTax": 3499000000,
    "incomeBeforeTaxRatio": 0.2344702808,
    "incomeTaxExpense": 625000000,
    "netIncome": 2824000000,
    "netIncomeRatio": 0.1892380889,
    "eps": 0.37,
    "epsdiluted": 0.37,
    "weightedAverageShsOut": 7462000000,
    "weightedAverageShsOutDil": 7569000000,
    "link": "https://www.sec.gov/Archives/edgar/data/78003/000095012305002379/0000950123-05-002379-index.htm",
    "finalLink": "https://www.sec.gov/Archives/edgar/data/78003/000095012305002379/y06124e10vk.htm"
  },
  {
    "date": "2004-09-26",
    "symbol": "PFE",
    "reportedCurrency": "USD",
    "cik": "0000078003",
    "fillingDate": "2004-11-05",
    "acceptedDate": "2004-11-05 17:06:44",
    "calendarYear": "2004",
    "period": "Q3",
    "revenue": 12831000000,
    "costOfRevenue": 1640000000,
    "grossProfit": 11191000000,
    "grossProfitRatio": 0.872184553,
    "researchAndDevelopmentExpenses": 1888000000,
    "generalAndAdministrativeExpenses": 0,
    "sellingAndMarketingExpenses": 4036000000,
    "sellingGeneralAndAdministrativeExpenses": 4036000000,
    "otherExpenses": 1316000000,
    "operatingExpenses": 6767000000,
    "costAndExpenses": 8407000000,
    "interestIncome": 0,
    "interestExpense": 0,
    "depreciationAndAmortization": 1265000000,
    "ebitda": 5689000000,
    "ebitdaratio": 0.4433793157,
    "operatingIncome": 4424000000,
    "operatingIncomeRatio": 0.3447899618,
    "totalOtherIncomeExpensesNet": -473000000,
    "incomeBeforeTax": 3951000000,
    "incomeBeforeTaxRatio": 0.3079261164,
    "incomeTaxExpense": 650000000,
    "netIncome": 3340000000,
    "netIncomeRatio": 0.2603070688,
    "eps": 0.45,
    "epsdiluted": 0.44,
    "weightedAverageShsOut": 7501000000,
    "weightedAverageShsOutDil": 7569000000,
    "link": "https://www.sec.gov/Archives/edgar/data/78003/000007800304000338/0000078003-04-000338-index.htm",
    "finalLink": "https://www.sec.gov/Archives/edgar/data/78003/000007800304000338/q3-04pfe1.htm"
  },
  {
    "date": "2004-06-27",
    "symbol": "PFE",
    "reportedCurrency": "USD",
    "cik": "0000078003",
    "fillingDate": "2004-08-06",
    "acceptedDate": "2004-08-06 15:45:56",
    "calendarYear": "2004",
    "period": "Q2",
    "revenue": 12274000000,
    "costOfRevenue": 1752000000,
    "grossProfit": 10522000000,
    "grossProfitRatio": 0.8572592472,
    "researchAndDevelopmentExpenses": 1819000000,
    "generalAndAdministrativeExpenses": 0,
    "sellingAndMarketingExpenses": 4258000000,
    "sellingGeneralAndAdministrativeExpenses": 4258000000,
    "otherExpenses": 1017000000,
    "operatingExpenses": 6907000000,
    "costAndExpenses": 8659000000,
    "interestIncome": 0,
    "interestExpense": 0,
    "depreciationAndAmortization": 1256000000,
    "ebitda": 3615000000,
    "ebitdaratio": 0.2945250122,
    "operatingIncome": 3615000000,
    "operatingIncomeRatio": 0.2945250122,
    "totalOtherIncomeExpensesNet": -187000000,
    "incomeBeforeTax": 3428000000,
    "incomeBeforeTaxRatio": 0.2792895552,
    "incomeTaxExpense": 582000000,
    "netIncome": 2862000000,
    "netIncomeRatio": 0.2331758188,
    "eps": 0.38,
    "epsdiluted": 0.38,
    "weightedAverageShsOut": 7574100000,
    "weightedAverageShsOutDil": 7664000000,
    "link": "https://www.sec.gov/Archives/edgar/data/78003/000007800304000242/0000078003-04-000242-index.htm",
    "finalLink": "https://www.sec.gov/Archives/edgar/data/78003/000007800304000242/q2-04pfe1.htm"
  },
  {
    "date": "2004-03-28",
    "symbol": "PFE",
    "reportedCurrency": "USD",
    "cik": "0000078003",
    "fillingDate": "2004-05-07",
    "acceptedDate": "2004-05-07 15:36:03",
    "calendarYear": "2004",
    "period": "Q1",
    "revenue": 12487000000,
    "costOfRevenue": 1794000000,
    "grossProfit": 10693000000,
    "grossProfitRatio": 0.8563305838,
    "researchAndDevelopmentExpenses": 1649000000,
    "generalAndAdministrativeExpenses": 0,
    "sellingAndMarketingExpenses": 3933000000,
    "sellingGeneralAndAdministrativeExpenses": 3933000000,
    "otherExpenses": 0,
    "operatingExpenses": 5582000000,
    "costAndExpenses": 7376000000,
    "interestIncome": 0,
    "interestExpense": 0,
    "depreciationAndAmortization": 1261000000,
    "ebitda": 5549000000,
    "ebitdaratio": 0.4443821574,
    "operatingIncome": 5111000000,
    "operatingIncomeRatio": 0.4093056779,
    "totalOtherIncomeExpensesNet": -1982000000,
    "incomeBeforeTax": 3129000000,
    "incomeBeforeTaxRatio": 0.2505806038,
    "incomeTaxExpense": 809000000,
    "netIncome": 2330000000,
    "netIncomeRatio": 0.1865940578,
    "eps": 0.31,
    "epsdiluted": 0.3,
    "weightedAverageShsOut": 7586000000,
    "weightedAverageShsOutDil": 7679000000,
    "link": "https://www.sec.gov/Archives/edgar/data/78003/000007800304000132/0000078003-04-000132-index.htm",
    "finalLink": "https://www.sec.gov/Archives/edgar/data/78003/000007800304000132/q1-04pfe1.htm"
  },
  {
    "date": "2003-12-31",
    "symbol": "PFE",
    "reportedCurrency": "USD",
    "cik": "0000078003",
    "fillingDate": "2004-03-10",
    "acceptedDate": "2004-03-10 11:17:20",
    "calendarYear": "2003",
    "period": "Q4",
    "revenue": 14166000000,
    "costOfRevenue": 3373000000,
    "grossProfit": 10793000000,
    "grossProfitRatio": 0.7618946774,
    "researchAndDevelopmentExpenses": 2318000000,
    "generalAndAdministrativeExpenses": 0,
    "sellingAndMarketingExpenses": 0,
    "sellingGeneralAndAdministrativeExpenses": 4682000000,
    "otherExpenses": 1000000000,
    "operatingExpenses": 8000000000,
    "costAndExpenses": 11373000000,
    "interestIncome": 0,
    "interestExpense": 0,
    "depreciationAndAmortization": 1751000000,
    "ebitda": 4544000000,
    "ebitdaratio": 0.3207680361,
    "operatingIncome": 2793000000,
    "operatingIncomeRatio": 0.1971622194,
    "totalOtherIncomeExpensesNet": -1842000000,
    "incomeBeforeTax": 951000000,
    "incomeBeforeTaxRatio": 0.0671325709,
    "incomeTaxExpense": 335000000,
    "netIncome": 600000000,
    "netIncomeRatio": 0.0423549343,
    "eps": 0.0773,
    "epsdiluted": 0.0773,
    "weightedAverageShsOut": 7586500000,
    "weightedAverageShsOutDil": 7791000000,
    "link": "https://www.sec.gov/Archives/edgar/data/78003/000095012304003064/0000950123-04-003064-index.htm",
    "finalLink": "https://www.sec.gov/Archives/edgar/data/78003/000095012304003064/y94722e10vk.htm"
  },
  {
    "date": "2003-09-28",
    "symbol": "PFE",
    "reportedCurrency": "USD",
    "cik": "0000078003",
    "fillingDate": "2003-11-12",
    "acceptedDate": "2003-11-12 14:58:13",
    "calendarYear": "2003",
    "period": "Q3",
    "revenue": 12504000000,
    "costOfRevenue": 3366000000,
    "grossProfit": 9138000000,
    "grossProfitRatio": 0.730806142,
    "researchAndDevelopmentExpenses": 1879000000,
    "generalAndAdministrativeExpenses": -48000000,
    "sellingAndMarketingExpenses": 4042000000,
    "sellingGeneralAndAdministrativeExpenses": 4043000000,
    "otherExpenses": 711000000,
    "operatingExpenses": 6532000000,
    "costAndExpenses": 9898000000,
    "interestIncome": 0,
    "interestExpense": 0,
    "depreciationAndAmortization": 1105000000,
    "ebitda": 3685000000,
    "ebitdaratio": 0.2947056942,
    "operatingIncome": 2606000000,
    "operatingIncomeRatio": 0.2084133077,
    "totalOtherIncomeExpensesNet": -98000000,
    "incomeBeforeTax": 2494000000,
    "incomeBeforeTaxRatio": 0.199456174,
    "incomeTaxExpense": 253000000,
    "netIncome": 2234000000,
    "netIncomeRatio": 0.1786628279,
    "eps": 0.29,
    "epsdiluted": 0.29,
    "weightedAverageShsOut": 7710700000,
    "weightedAverageShsOutDil": 7791200000,
    "link": "https://www.sec.gov/Archives/edgar/data/78003/000007800303000276/0000078003-03-000276-index.htm",
    "finalLink": "https://www.sec.gov/Archives/edgar/data/78003/000007800303000276/q3-03pfe1.htm"
  },
  {
    "date": "2003-06-29",
    "symbol": "PFE",
    "reportedCurrency": "USD",
    "cik": "0000078003",
    "fillingDate": "2003-08-13",
    "acceptedDate": "2003-08-13 17:20:29",
    "calendarYear": "2003",
    "period": "Q2",
    "revenue": 9993000000,
    "costOfRevenue": 2027000000,
    "grossProfit": 7966000000,
    "grossProfitRatio": 0.7971580106,
    "researchAndDevelopmentExpenses": 1717000000,
    "generalAndAdministrativeExpenses": -30000000,
    "sellingAndMarketingExpenses": 3774000000,
    "sellingGeneralAndAdministrativeExpenses": 3773000000,
    "otherExpenses": 5844000000,
    "operatingExpenses": 6075000000,
    "costAndExpenses": 8102000000,
    "interestIncome": 0,
    "interestExpense": 0,
    "depreciationAndAmortization": 953000000,
    "ebitda": 2802000000,
    "ebitdaratio": 0.2803962774,
    "operatingIncome": 1891000000,
    "operatingIncomeRatio": 0.1892324627,
    "totalOtherIncomeExpensesNet": -5271000000,
    "incomeBeforeTax": -3405000000,
    "incomeBeforeTaxRatio": -0.340738517,
    "incomeTaxExpense": 270000000,
    "netIncome": -3591000000,
    "netIncomeRatio": -0.3593515461,
    "eps": -0.48,
    "epsdiluted": -0.48,
    "weightedAverageShsOut": 7453400000,
    "weightedAverageShsOutDil": 7453400000,
    "link": "https://www.sec.gov/Archives/edgar/data/78003/000007800303000172/0000078003-03-000172-index.htm",
    "finalLink": "https://www.sec.gov/Archives/edgar/data/78003/000007800303000172/q2-031pfe.htm"
  },
  {
    "date": "2003-03-30",
    "symbol": "PFE",
    "reportedCurrency": "USD",
    "cik": "0000078003",
    "fillingDate": "2003-05-14",
    "acceptedDate": "2003-05-14 17:25:44",
    "calendarYear": "2003",
    "period": "Q1",
    "revenue": 8525000000,
    "costOfRevenue": 1065000000,
    "grossProfit": 7460000000,
    "grossProfitRatio": 0.8750733138,
    "researchAndDevelopmentExpenses": 1218000000,
    "generalAndAdministrativeExpenses": 0,
    "sellingAndMarketingExpenses": 2744000000,
    "sellingGeneralAndAdministrativeExpenses": 2744000000,
    "otherExpenses": 19000000,
    "operatingExpenses": 3966000000,
    "costAndExpenses": 5031000000,
    "interestIncome": 0,
    "interestExpense": 0,
    "depreciationAndAmortization": 269000000,
    "ebitda": 3763000000,
    "ebitdaratio": 0.4414076246,
    "operatingIncome": 3494000000,
    "operatingIncomeRatio": 0.4098533724,
    "totalOtherIncomeExpensesNet": -270000000,
    "incomeBeforeTax": 3224000000,
    "incomeBeforeTaxRatio": 0.3781818182,
    "incomeTaxExpense": 764000000,
    "netIncome": 4665000000,
    "netIncomeRatio": 0.5472140762,
    "eps": 0.76,
    "epsdiluted": 0.76,
    "weightedAverageShsOut": 6101400000,
    "weightedAverageShsOutDil": 6161700000,
    "link": "https://www.sec.gov/Archives/edgar/data/78003/000007800303000050/0000078003-03-000050-index.htm",
    "finalLink": "https://www.sec.gov/Archives/edgar/data/78003/000007800303000050/q1-03pfe.htm"
  },
  {
    "date": "2002-12-31",
    "symbol": "PFE",
    "reportedCurrency": "USD",
    "cik": "0000078003",
    "fillingDate": "2003-03-27",
    "acceptedDate": "2003-03-27 15:04:15",
    "calendarYear": "2002",
    "period": "Q4",
    "revenue": 7196000000,
    "costOfRevenue": 328000000,
    "grossProfit": 6868000000,
    "grossProfitRatio": 0.9544191217,
    "researchAndDevelopmentExpenses": 1455000000,
    "generalAndAdministrativeExpenses": 0,
    "sellingAndMarketingExpenses": 0,
    "sellingGeneralAndAdministrativeExpenses": 2088000000,
    "otherExpenses": 3000000,
    "operatingExpenses": 3546000000,
    "costAndExpenses": 3874000000,
    "interestIncome": 0,
    "interestExpense": 0,
    "depreciationAndAmortization": 225000000,
    "ebitda": 3547000000,
    "ebitdaratio": 0.4929127293,
    "operatingIncome": 3322000000,
    "operatingIncomeRatio": 0.4616453585,
    "totalOtherIncomeExpensesNet": -190000000,
    "incomeBeforeTax": 3132000000,
    "incomeBeforeTaxRatio": 0.435241801,
    "incomeTaxExpense": 628000000,
    "netIncome": 2856000000,
    "netIncomeRatio": 0.3968871595,
    "eps": 0.46,
    "epsdiluted": 0.46,
    "weightedAverageShsOut": 6107100000,
    "weightedAverageShsOutDil": 6202000000,
    "link": "https://www.sec.gov/Archives/edgar/data/78003/000095012303003360/0000950123-03-003360-index.htm",
    "finalLink": "https://www.sec.gov/Archives/edgar/data/78003/000095012303003360/y83976e10vk.htm"
  },
  {
    "date": "2002-09-29",
    "symbol": "PFE",
    "reportedCurrency": "USD",
    "cik": "0000078003",
    "fillingDate": "2002-11-13",
    "acceptedDate": "2002-11-13 17:12:29",
    "calendarYear": "2002",
    "period": "Q3",
    "revenue": 8725000000,
    "costOfRevenue": 1314000000,
    "grossProfit": 7411000000,
    "grossProfitRatio": 0.8493982808,
    "researchAndDevelopmentExpenses": 1263000000,
    "generalAndAdministrativeExpenses": 0,
    "sellingAndMarketingExpenses": 2946000000,
    "sellingGeneralAndAdministrativeExpenses": 2946000000,
    "otherExpenses": 0,
    "operatingExpenses": 4213000000,
    "costAndExpenses": 5527000000,
    "interestIncome": 0,
    "interestExpense": 0,
    "depreciationAndAmortization": 275000000,
    "ebitda": 3315000000,
    "ebitdaratio": 0.3799426934,
    "operatingIncome": 3198000000,
    "operatingIncomeRatio": 0.3665329513,
    "totalOtherIncomeExpensesNet": -165000000,
    "incomeBeforeTax": 3031000000,
    "incomeBeforeTaxRatio": 0.3473925501,
    "incomeTaxExpense": 680000000,
    "netIncome": 2350000000,
    "netIncomeRatio": 0.2693409742,
    "eps": 0.39,
    "epsdiluted": 0.38,
    "weightedAverageShsOut": 6126300000,
    "weightedAverageShsOutDil": 6202200000,
    "link": "https://www.sec.gov/Archives/edgar/data/78003/000007800302000102/0000078003-02-000102-index.htm",
    "finalLink": "https://www.sec.gov/Archives/edgar/data/78003/000007800302000102/q3-02.htm"
  },
  {
    "date": "2002-06-30",
    "symbol": "PFE",
    "reportedCurrency": "USD",
    "cik": "0000078003",
    "fillingDate": "2002-08-13",
    "acceptedDate": "2002-08-13 15:47:54",
    "calendarYear": "2002",
    "period": "Q2",
    "revenue": 8033000000,
    "costOfRevenue": 1197000000,
    "grossProfit": 6836000000,
    "grossProfitRatio": 0.8509896676,
    "researchAndDevelopmentExpenses": 1257000000,
    "generalAndAdministrativeExpenses": 2983000000,
    "sellingAndMarketingExpenses": 0,
    "sellingGeneralAndAdministrativeExpenses": 2983000000,
    "otherExpenses": 17000000,
    "operatingExpenses": 4257000000,
    "costAndExpenses": 5454000000,
    "interestIncome": 0,
    "interestExpense": 0,
    "depreciationAndAmortization": 265000000,
    "ebitda": 2716000000,
    "ebitdaratio": 0.3381053156,
    "operatingIncome": 2579000000,
    "operatingIncomeRatio": 0.321050666,
    "totalOtherIncomeExpensesNet": -103000000,
    "incomeBeforeTax": 2476000000,
    "incomeBeforeTaxRatio": 0.3082285572,
    "incomeTaxExpense": 519000000,
    "netIncome": 1957000000,
    "netIncomeRatio": 0.2436200672,
    "eps": 0.31,
    "epsdiluted": 0.31,
    "weightedAverageShsOut": 6185100000,
    "weightedAverageShsOutDil": 6271300000,
    "link": "https://www.sec.gov/Archives/edgar/data/78003/000007800302000069/0000078003-02-000069-index.htm",
    "finalLink": "https://www.sec.gov/Archives/edgar/data/78003/000007800302000069/q2-02.htm"
  },
  {
    "date": "2002-03-31",
    "symbol": "PFE",
    "reportedCurrency": "USD",
    "cik": "0000078003",
    "fillingDate": "2002-05-15",
    "acceptedDate": "2002-05-15 16:26:08",
    "calendarYear": "2002",
    "period": "Q1",
    "revenue": 8418000000,
    "costOfRevenue": 1206000000,
    "grossProfit": 7212000000,
    "grossProfitRatio": 0.8567355666,
    "researchAndDevelopmentExpenses": 1201000000,
    "generalAndAdministrativeExpenses": 2829000000,
    "sellingAndMarketingExpenses": 0,
    "sellingGeneralAndAdministrativeExpenses": 2829000000,
    "otherExpenses": 5000000,
    "operatingExpenses": 4035000000,
    "costAndExpenses": 5241000000,
    "interestIncome": 0,
    "interestExpense": 0,
    "depreciationAndAmortization": 271000000,
    "ebitda": 3323000000,
    "ebitdaratio": 0.3947493466,
    "operatingIncome": 3177000000,
    "operatingIncomeRatio": 0.3774055595,
    "totalOtherIncomeExpensesNet": -117000000,
    "incomeBeforeTax": 3156000000,
    "incomeBeforeTaxRatio": 0.3749109052,
    "incomeTaxExpense": 783000000,
    "netIncome": 1963000000,
    "netIncomeRatio": 0.2331907817,
    "eps": 0.32,
    "epsdiluted": 0.31,
    "weightedAverageShsOut": 6205500000,
    "weightedAverageShsOutDil": 6305900000,
    "link": "https://www.sec.gov/Archives/edgar/data/78003/000007800302000025/0000078003-02-000025-index.htm",
    "finalLink": "https://www.sec.gov/Archives/edgar/data/78003/000007800302000025/q1-02htm.htm"
  },
  {
    "date": "2001-12-31",
    "symbol": "PFE",
    "reportedCurrency": "USD",
    "cik": "0000078003",
    "fillingDate": "2002-03-28",
    "acceptedDate": "2002-03-28 00:00:00",
    "calendarYear": "2001",
    "period": "Q4",
    "revenue": 9030000000,
    "costOfRevenue": 1483000000,
    "grossProfit": 7547000000,
    "grossProfitRatio": 0.8357696567,
    "researchAndDevelopmentExpenses": 1515000000,
    "generalAndAdministrativeExpenses": 3238000000,
    "sellingAndMarketingExpenses": 0,
    "sellingGeneralAndAdministrativeExpenses": 3238000000,
    "otherExpenses": 31000000,
    "operatingExpenses": 4784000000,
    "costAndExpenses": 6267000000,
    "interestIncome": 0,
    "interestExpense": 0,
    "depreciationAndAmortization": 296000000,
    "ebitda": 3059000000,
    "ebitdaratio": 0.3387596899,
    "operatingIncome": 2763000000,
    "operatingIncomeRatio": 0.3059800664,
    "totalOtherIncomeExpensesNet": -179000000,
    "incomeBeforeTax": 2584000000,
    "incomeBeforeTaxRatio": 0.2861572536,
    "incomeTaxExpense": 625000000,
    "netIncome": 1956000000,
    "netIncomeRatio": 0.2166112957,
    "eps": 0.31,
    "epsdiluted": 0.31,
    "weightedAverageShsOut": 6217700000,
    "weightedAverageShsOutDil": 6241000000,
    "link": "https://www.sec.gov/Archives/edgar/data/78003/000095012302003116/0000950123-02-003116-index.htm",
    "finalLink": "https://www.sec.gov/Archives/edgar/data/78003/000095012302003116/y58494e10-k.htm"
  },
  {
    "date": "2001-09-30",
    "symbol": "PFE",
    "reportedCurrency": "USD",
    "cik": "0000078003",
    "fillingDate": "2001-11-13",
    "acceptedDate": "2001-11-13 00:00:00",
    "calendarYear": "2001",
    "period": "Q3",
    "revenue": 7898000000,
    "costOfRevenue": 1177000000,
    "grossProfit": 6721000000,
    "grossProfitRatio": 0.8509749304,
    "researchAndDevelopmentExpenses": 1188000000,
    "generalAndAdministrativeExpenses": 2671000000,
    "sellingAndMarketingExpenses": 0,
    "sellingGeneralAndAdministrativeExpenses": 2671000000,
    "otherExpenses": 23000000,
    "operatingExpenses": 3882000000,
    "costAndExpenses": 5059000000,
    "interestIncome": 0,
    "interestExpense": 0,
    "depreciationAndAmortization": 250000000,
    "ebitda": 3089000000,
    "ebitdaratio": 0.3911116738,
    "operatingIncome": 2839000000,
    "operatingIncomeRatio": 0.3594580907,
    "totalOtherIncomeExpensesNet": -85000000,
    "incomeBeforeTax": 2754000000,
    "incomeBeforeTaxRatio": 0.3486958724,
    "incomeTaxExpense": 679000000,
    "netIncome": 2072000000,
    "netIncomeRatio": 0.2623448974,
    "eps": 0.33,
    "epsdiluted": 0.33,
    "weightedAverageShsOut": 6241200000,
    "weightedAverageShsOutDil": 6359200000,
    "link": "https://www.sec.gov/Archives/edgar/data/78003/000007800301500081/0000078003-01-500081-index.htm",
    "finalLink": "https://www.sec.gov/Archives/edgar/data/78003/000007800301500081/q3-01htm.htm"
  },
  {
    "date": "2001-07-01",
    "symbol": "PFE",
    "reportedCurrency": "USD",
    "cik": "0000078003",
    "fillingDate": "2001-08-14",
    "acceptedDate": "2001-08-14 00:00:00",
    "calendarYear": "2001",
    "period": "Q2",
    "revenue": 7686000000,
    "costOfRevenue": 1150000000,
    "grossProfit": 6536000000,
    "grossProfitRatio": 0.8503773094,
    "researchAndDevelopmentExpenses": 1116000000,
    "generalAndAdministrativeExpenses": 0,
    "sellingAndMarketingExpenses": 2810000000,
    "sellingGeneralAndAdministrativeExpenses": 2810000000,
    "otherExpenses": 0,
    "operatingExpenses": 3950000000,
    "costAndExpenses": 5100000000,
    "interestIncome": 0,
    "interestExpense": 0,
    "depreciationAndAmortization": 268000000,
    "ebitda": 2854000000,
    "ebitdaratio": 0.3713244861,
    "operatingIncome": 2586000000,
    "operatingIncomeRatio": 0.3364558938,
    "totalOtherIncomeExpensesNet": -195000000,
    "incomeBeforeTax": 2391000000,
    "incomeBeforeTaxRatio": 0.3110850898,
    "incomeTaxExpense": 590000000,
    "netIncome": 1829000000,
    "netIncomeRatio": 0.2379651314,
    "eps": 0.29,
    "epsdiluted": 0.29,
    "weightedAverageShsOut": 6250000000,
    "weightedAverageShsOutDil": 6376000000,
    "link": "https://www.sec.gov/Archives/edgar/data/78003/000007800301500064/0000078003-01-500064-index.htm",
    "finalLink": "https://www.sec.gov/Archives/edgar/data/78003/000007800301500064/q2-01.htm"
  },
  {
    "date": "2001-04-01",
    "symbol": "PFE",
    "reportedCurrency": "USD",
    "cik": "0000078003",
    "fillingDate": "2001-05-15",
    "acceptedDate": "2001-05-15 00:00:00",
    "calendarYear": "2001",
    "period": "Q1",
    "revenue": 7645000000,
    "costOfRevenue": 1224000000,
    "grossProfit": 6421000000,
    "grossProfitRatio": 0.8398953564,
    "researchAndDevelopmentExpenses": 1028000000,
    "generalAndAdministrativeExpenses": 2519000000,
    "sellingAndMarketingExpenses": 61000000,
    "sellingGeneralAndAdministrativeExpenses": 2580000000,
    "otherExpenses": 0,
    "operatingExpenses": 3633000000,
    "costAndExpenses": 4857000000,
    "interestIncome": 0,
    "interestExpense": 0,
    "depreciationAndAmortization": 254000000,
    "ebitda": 3042000000,
    "ebitdaratio": 0.3979071288,
    "operatingIncome": 2788000000,
    "operatingIncomeRatio": 0.3646827992,
    "totalOtherIncomeExpensesNet": -190000000,
    "incomeBeforeTax": 2598000000,
    "incomeBeforeTaxRatio": 0.3398299542,
    "incomeTaxExpense": 668000000,
    "netIncome": 1930000000,
    "netIncomeRatio": 0.2524525834,
    "eps": 0.31,
    "epsdiluted": 0.3,
    "weightedAverageShsOut": 6247000000,
    "weightedAverageShsOutDil": 6381000000,
    "link": "https://www.sec.gov/Archives/edgar/data/78003/000007800301500031/0000078003-01-500031-index.htm",
    "finalLink": "https://www.sec.gov/Archives/edgar/data/78003/000007800301500031/q1-01htm.htm"
  },
  {
    "date": "2000-12-31",
    "symbol": "PFE",
    "reportedCurrency": "USD",
    "cik": "0000078003",
    "fillingDate": "2001-03-28",
    "acceptedDate": "2001-03-28 00:00:00",
    "calendarYear": "2000",
    "period": "Q4",
    "revenue": 8106000000,
    "costOfRevenue": 1210000000,
    "grossProfit": 6896000000,
    "grossProfitRatio": 0.8507278559,
    "researchAndDevelopmentExpenses": 1263000000,
    "generalAndAdministrativeExpenses": 3075000000,
    "sellingAndMarketingExpenses": 0,
    "sellingGeneralAndAdministrativeExpenses": 3075000000,
    "otherExpenses": 261000000,
    "operatingExpenses": 4599000000,
    "costAndExpenses": 5809000000,
    "interestIncome": 0,
    "interestExpense": 0,
    "depreciationAndAmortization": 261000000,
    "ebitda": 2558000000,
    "ebitdaratio": 0.3155687145,
    "operatingIncome": 2297000000,
    "operatingIncomeRatio": 0.283370343,
    "totalOtherIncomeExpensesNet": -385000000,
    "incomeBeforeTax": 1912000000,
    "incomeBeforeTaxRatio": 0.2358746607,
    "incomeTaxExpense": 500000000,
    "netIncome": 1420000000,
    "netIncomeRatio": 0.1751788798,
    "eps": 0.22,
    "epsdiluted": 0.22,
    "weightedAverageShsOut": 6237000000,
    "weightedAverageShsOutDil": 6371000000,
    "link": "https://www.sec.gov/Archives/edgar/data/78003/000095012301002716/0000950123-01-002716-index.htm",
    "finalLink": "https://www.sec.gov/Archives/edgar/data/78003/000095012301002716/y46668e10-k405.htm"
  },
  {
    "date": "2000-10-01",
    "symbol": "PFE",
    "reportedCurrency": "USD",
    "cik": "0000078003",
    "fillingDate": "2000-11-15",
    "acceptedDate": "2000-11-15 00:00:00",
    "calendarYear": "2000",
    "period": "Q3",
    "revenue": 7205000000,
    "costOfRevenue": 1194000000,
    "grossProfit": 6011000000,
    "grossProfitRatio": 0.8342817488,
    "researchAndDevelopmentExpenses": 1025000000,
    "generalAndAdministrativeExpenses": 2650000000,
    "sellingAndMarketingExpenses": 48000000,
    "sellingGeneralAndAdministrativeExpenses": 2698000000,
    "otherExpenses": 0,
    "operatingExpenses": 3723000000,
    "costAndExpenses": 4917000000,
    "interestIncome": 0,
    "interestExpense": 0,
    "depreciationAndAmortization": 234000000,
    "ebitda": 2472000000,
    "ebitdaratio": 0.3430950729,
    "operatingIncome": 2288000000,
    "operatingIncomeRatio": 0.3175572519,
    "totalOtherIncomeExpensesNet": -506000000,
    "incomeBeforeTax": 1782000000,
    "incomeBeforeTaxRatio": 0.2473282443,
    "incomeTaxExpense": 421000000,
    "netIncome": 1361000000,
    "netIncomeRatio": 0.1888965996,
    "eps": 0.22,
    "epsdiluted": 0.21,
    "weightedAverageShsOut": 6228000000,
    "weightedAverageShsOutDil": 6371000000,
    "link": "https://www.sec.gov/Archives/edgar/data/78003/000007800300000049/0000078003-00-000049-index.htm",
    "finalLink": "https://www.sec.gov/Archives/edgar/data/78003/000007800300000049/0000078003-00-000049-0001.htm"
  },
  {
    "date": "2000-07-02",
    "symbol": "PFE",
    "reportedCurrency": "USD",
    "cik": "0000078003",
    "fillingDate": "2000-08-15",
    "acceptedDate": "2000-08-15 00:00:00",
    "calendarYear": "2000",
    "period": "Q2",
    "revenue": 7041000000,
    "costOfRevenue": 829000000,
    "grossProfit": 6212000000,
    "grossProfitRatio": 0.8822610425,
    "researchAndDevelopmentExpenses": 1086000000,
    "generalAndAdministrativeExpenses": 2824000000,
    "sellingAndMarketingExpenses": 51000000,
    "sellingGeneralAndAdministrativeExpenses": 2875000000,
    "otherExpenses": 181000000,
    "operatingExpenses": 4287000000,
    "costAndExpenses": 5116000000,
    "interestIncome": 0,
    "interestExpense": 0,
    "depreciationAndAmortization": 326000000,
    "ebitda": 2103000000,
    "ebitdaratio": 0.2986791649,
    "operatingIncome": 1667000000,
    "operatingIncomeRatio": 0.2367561426,
    "totalOtherIncomeExpensesNet": -211000000,
    "incomeBeforeTax": 1663000000,
    "incomeBeforeTaxRatio": 0.2361880415,
    "incomeTaxExpense": 513000000,
    "netIncome": 1150000000,
    "netIncomeRatio": 0.1633290726,
    "eps": 0.18,
    "epsdiluted": 0.18,
    "weightedAverageShsOut": 6217000000,
    "weightedAverageShsOutDil": 6369000000,
    "link": "https://www.sec.gov/Archives/edgar/data/78003/000007800300000039/0000078003-00-000039-index.htm",
    "finalLink": "https://www.sec.gov/Archives/edgar/data/78003/000007800300000039/0000078003-00-000039-0001.htm"
  },
  {
    "date": "2000-04-02",
    "symbol": "PFE",
    "reportedCurrency": "USD",
    "cik": "0000078003",
    "fillingDate": "2000-05-17",
    "acceptedDate": "2000-05-17 00:00:00",
    "calendarYear": "2000",
    "period": "Q1",
    "revenue": 4315000000,
    "costOfRevenue": 343000000,
    "grossProfit": 3972000000,
    "grossProfitRatio": 0.9205098494,
    "researchAndDevelopmentExpenses": 712000000,
    "generalAndAdministrativeExpenses": 2733000000,
    "sellingAndMarketingExpenses": -1070000000,
    "sellingGeneralAndAdministrativeExpenses": 1663000000,
    "otherExpenses": 2791000000,
    "operatingExpenses": 2522000000,
    "costAndExpenses": 2865000000,
    "interestIncome": 0,
    "interestExpense": 0,
    "depreciationAndAmortization": 147000000,
    "ebitda": 2375000000,
    "ebitdaratio": 0.550405562,
    "operatingIncome": 1450000000,
    "operatingIncomeRatio": 0.33603708,
    "totalOtherIncomeExpensesNet": -1041000000,
    "incomeBeforeTax": 1612000000,
    "incomeBeforeTaxRatio": 0.373580533,
    "incomeTaxExpense": 432000000,
    "netIncome": 1180000000,
    "netIncomeRatio": 0.2734646582,
    "eps": 0.19,
    "epsdiluted": 0.19,
    "weightedAverageShsOut": 6152000000,
    "weightedAverageShsOutDil": 6152000000,
    "link": "https://www.sec.gov/Archives/edgar/data/78003/000007800300000023/0000078003-00-000023-index.html",
    "finalLink": "https://www.sec.gov/Archives/edgar/data/78003/000007800300000023/0000078003-00-000023-d1.html"
  },
  {
    "date": "1999-12-31",
    "symbol": "PFE",
    "reportedCurrency": "USD",
    "cik": "0000078003",
    "fillingDate": "2000-03-27",
    "acceptedDate": "2000-03-27 00:00:00",
    "calendarYear": "1999",
    "period": "Q4",
    "revenue": 4507000000,
    "costOfRevenue": 535000000,
    "grossProfit": 3972000000,
    "grossProfitRatio": 0.8812957621,
    "researchAndDevelopmentExpenses": 760000000,
    "generalAndAdministrativeExpenses": 1745000000,
    "sellingAndMarketingExpenses": 0,
    "sellingGeneralAndAdministrativeExpenses": 1745000000,
    "otherExpenses": 161000000,
    "operatingExpenses": 2666000000,
    "costAndExpenses": 3201000000,
    "interestIncome": 0,
    "interestExpense": 0,
    "depreciationAndAmortization": 161000000,
    "ebitda": 1467000000,
    "ebitdaratio": 0.3254936765,
    "operatingIncome": 1306000000,
    "operatingIncomeRatio": 0.2897714666,
    "totalOtherIncomeExpensesNet": -4000000,
    "incomeBeforeTax": 1302000000,
    "incomeBeforeTaxRatio": 0.2888839583,
    "incomeTaxExpense": 348000000,
    "netIncome": 954000000,
    "netIncomeRatio": 0.2116707344,
    "eps": 0.15,
    "epsdiluted": 0.15,
    "weightedAverageShsOut": 6135000000,
    "weightedAverageShsOutDil": 6322000000,
    "link": "https://www.sec.gov/Archives/edgar/data/78003/000093041300000548/0000930413-00-000548-index.html",
    "finalLink": "https://www.sec.gov/Archives/edgar/data/78003/000093041300000548/"
  },
  {
    "date": "1999-10-03",
    "symbol": "PFE",
    "reportedCurrency": "USD",
    "cik": "0000078003",
    "fillingDate": "1999-11-15",
    "acceptedDate": "1999-11-15 00:00:00",
    "calendarYear": "1999",
    "period": "Q3",
    "revenue": 3992000000,
    "costOfRevenue": 672000000,
    "grossProfit": 3320000000,
    "grossProfitRatio": 0.8316633267,
    "researchAndDevelopmentExpenses": 694000000,
    "generalAndAdministrativeExpenses": 2566000000,
    "sellingAndMarketingExpenses": -1094000000,
    "sellingGeneralAndAdministrativeExpenses": 1472000000,
    "otherExpenses": 1126000000,
    "operatingExpenses": 2303000000,
    "costAndExpenses": 2975000000,
    "interestIncome": 0,
    "interestExpense": 0,
    "depreciationAndAmortization": 137000000,
    "ebitda": 1798000000,
    "ebitdaratio": 0.4504008016,
    "operatingIncome": 1017000000,
    "operatingIncomeRatio": 0.254759519,
    "totalOtherIncomeExpensesNet": -50000000,
    "incomeBeforeTax": 966000000,
    "incomeBeforeTaxRatio": 0.2419839679,
    "incomeTaxExpense": 265000000,
    "netIncome": 701000000,
    "netIncomeRatio": 0.1756012024,
    "eps": 0.11,
    "epsdiluted": 0.11,
    "weightedAverageShsOut": 6122000000,
    "weightedAverageShsOutDil": 6322000000,
    "link": "https://www.sec.gov/Archives/edgar/data/78003/000007800399000042/0000078003-99-000042-index.html",
    "finalLink": "https://www.sec.gov/Archives/edgar/data/78003/000007800399000042/0000078003-99-000042-d1.html"
  },
  {
    "date": "1999-07-04",
    "symbol": "PFE",
    "reportedCurrency": "USD",
    "cik": "0000078003",
    "fillingDate": "1999-08-17",
    "acceptedDate": "1999-08-17 00:00:00",
    "calendarYear": "1999",
    "period": "Q2",
    "revenue": 3779000000,
    "costOfRevenue": 360000000,
    "grossProfit": 3419000000,
    "grossProfitRatio": 0.9047367028,
    "researchAndDevelopmentExpenses": 667000000,
    "generalAndAdministrativeExpenses": 2660000000,
    "sellingAndMarketingExpenses": -1095000000,
    "sellingGeneralAndAdministrativeExpenses": 1565000000,
    "otherExpenses": 1159000000,
    "operatingExpenses": 2348000000,
    "costAndExpenses": 2708000000,
    "interestIncome": 0,
    "interestExpense": 0,
    "depreciationAndAmortization": 116000000,
    "ebitda": 2013000000,
    "ebitdaratio": 0.5326806033,
    "operatingIncome": 1071000000,
    "operatingIncomeRatio": 0.2834083091,
    "totalOtherIncomeExpensesNet": -43000000,
    "incomeBeforeTax": 1027000000,
    "incomeBeforeTaxRatio": 0.2717650172,
    "incomeTaxExpense": 298000000,
    "netIncome": 709000000,
    "netIncomeRatio": 0.1876157714,
    "eps": 0.12,
    "epsdiluted": 0.11,
    "weightedAverageShsOut": 6125000000,
    "weightedAverageShsOutDil": 6338000000,
    "link": "https://www.sec.gov/Archives/edgar/data/78003/000007800399000024/0000078003-99-000024-index.html",
    "finalLink": "https://www.sec.gov/Archives/edgar/data/78003/000007800399000024/0000078003-99-000024-d1.html"
  },
  {
    "date": "1999-04-04",
    "symbol": "PFE",
    "reportedCurrency": "USD",
    "cik": "0000078003",
    "fillingDate": "1999-05-18",
    "acceptedDate": "1999-05-18 00:00:00",
    "calendarYear": "1999",
    "period": "Q1",
    "revenue": 3927000000,
    "costOfRevenue": 418000000,
    "grossProfit": 3509000000,
    "grossProfitRatio": 0.893557423,
    "researchAndDevelopmentExpenses": 655000000,
    "generalAndAdministrativeExpenses": 2641000000,
    "sellingAndMarketingExpenses": -1071000000,
    "sellingGeneralAndAdministrativeExpenses": 1570000000,
    "otherExpenses": 1109000000,
    "operatingExpenses": 2353000000,
    "costAndExpenses": 2771000000,
    "interestIncome": 0,
    "interestExpense": 0,
    "depreciationAndAmortization": 128000000,
    "ebitda": 1284000000,
    "ebitdaratio": 0.3269671505,
    "operatingIncome": 1156000000,
    "operatingIncomeRatio": 0.2943722944,
    "totalOtherIncomeExpensesNet": -8000000,
    "incomeBeforeTax": 1148000000,
    "incomeBeforeTaxRatio": 0.2923351159,
    "incomeTaxExpense": 333000000,
    "netIncome": 815000000,
    "netIncomeRatio": 0.2075375605,
    "eps": 0.22,
    "epsdiluted": 0.21,
    "weightedAverageShsOut": 3783000000,
    "weightedAverageShsOutDil": 3932000000,
    "link": "https://www.sec.gov/Archives/edgar/data/78003/000007800399000006/0000078003-99-000006-index.html",
    "finalLink": "https://www.sec.gov/Archives/edgar/data/78003/"
  },
  {
    "date": "1998-12-31",
    "symbol": "PFE",
    "reportedCurrency": "USD",
    "cik": "0000078003",
    "fillingDate": "1999-03-26",
    "acceptedDate": "1999-03-26 00:00:00",
    "calendarYear": "1998",
    "period": "Q4",
    "revenue": 3866000000,
    "costOfRevenue": 648000000,
    "grossProfit": 3218000000,
    "grossProfitRatio": 0.8323848939,
    "researchAndDevelopmentExpenses": 698000000,
    "generalAndAdministrativeExpenses": 1679000000,
    "sellingAndMarketingExpenses": 0,
    "sellingGeneralAndAdministrativeExpenses": 1679000000,
    "otherExpenses": 45000000,
    "operatingExpenses": 2422000000,
    "costAndExpenses": 3070000000,
    "interestIncome": 0,
    "interestExpense": 0,
    "depreciationAndAmortization": 45000000,
    "ebitda": 841000000,
    "ebitdaratio": 0.2175375065,
    "operatingIncome": 796000000,
    "operatingIncomeRatio": 0.2058975685,
    "totalOtherIncomeExpensesNet": -489000000,
    "incomeBeforeTax": 307000000,
    "incomeBeforeTaxRatio": 0.0794102431,
    "incomeTaxExpense": 1000000,
    "netIncome": 634000000,
    "netIncomeRatio": 0.163993792,
    "eps": 0.0995,
    "epsdiluted": 0.0995,
    "weightedAverageShsOut": 3789000000,
    "weightedAverageShsOutDil": 3945000000,
    "link": "https://www.sec.gov/Archives/edgar/data/78003/000093041399000431/0000930413-99-000431-index.html",
    "finalLink": "https://www.sec.gov/Archives/edgar/data/78003/"
  },
  {
    "date": "1998-09-27",
    "symbol": "PFE",
    "reportedCurrency": "USD",
    "cik": "0000078003",
    "fillingDate": "1998-11-12",
    "acceptedDate": "1998-11-12 00:00:00",
    "calendarYear": "1998",
    "period": "Q3",
    "revenue": 3330000000,
    "costOfRevenue": 298000000,
    "grossProfit": 3032000000,
    "grossProfitRatio": 0.9105105105,
    "researchAndDevelopmentExpenses": 550000000,
    "generalAndAdministrativeExpenses": 2322000000,
    "sellingAndMarketingExpenses": -999000000,
    "sellingGeneralAndAdministrativeExpenses": 1323000000,
    "otherExpenses": 1371000000,
    "operatingExpenses": 2049000000,
    "costAndExpenses": 2347000000,
    "interestIncome": 0,
    "interestExpense": 0,
    "depreciationAndAmortization": 176000000,
    "ebitda": 1192000000,
    "ebitdaratio": 0.357957958,
    "operatingIncome": 983000000,
    "operatingIncomeRatio": 0.2951951952,
    "totalOtherIncomeExpensesNet": -282000000,
    "incomeBeforeTax": 701000000,
    "incomeBeforeTaxRatio": 0.2105105105,
    "incomeTaxExpense": 186000000,
    "netIncome": 1397000000,
    "netIncomeRatio": 0.4195195195,
    "eps": 0.36,
    "epsdiluted": 0.35,
    "weightedAverageShsOut": 3880555556,
    "weightedAverageShsOutDil": 3991428571,
    "link": "https://www.sec.gov/Archives/edgar/data/78003/000007800398000041/0000078003-98-000041-index.html",
    "finalLink": "https://www.sec.gov/Archives/edgar/data/78003/"
  },
  {
    "date": "1998-06-28",
    "symbol": "PFE",
    "reportedCurrency": "USD",
    "cik": "0000078003",
    "fillingDate": "1998-09-25",
    "acceptedDate": "1998-09-25 00:00:00",
    "calendarYear": "1998",
    "period": "Q2",
    "revenue": 3633000000,
    "costOfRevenue": 452000000,
    "grossProfit": 3181000000,
    "grossProfitRatio": 0.875584916,
    "researchAndDevelopmentExpenses": 574000000,
    "generalAndAdministrativeExpenses": 2356000000,
    "sellingAndMarketingExpenses": -856000000,
    "sellingGeneralAndAdministrativeExpenses": 1500000000,
    "otherExpenses": 990000000,
    "operatingExpenses": 2208000000,
    "costAndExpenses": 2660000000,
    "interestIncome": 0,
    "interestExpense": 0,
    "depreciationAndAmortization": 134000000,
    "ebitda": 1045000000,
    "ebitdaratio": 0.287641068,
    "operatingIncome": 973000000,
    "operatingIncomeRatio": 0.267822736,
    "totalOtherIncomeExpensesNet": -68000000,
    "incomeBeforeTax": 899000000,
    "incomeBeforeTaxRatio": 0.2474538949,
    "incomeTaxExpense": 271000000,
    "netIncome": 628000000,
    "netIncomeRatio": 0.1728598954,
    "eps": 0.17,
    "epsdiluted": 0.15,
    "weightedAverageShsOut": 3694117647,
    "weightedAverageShsOutDil": 4186666667,
    "link": "https://www.sec.gov/Archives/edgar/data/78003/000007800398000035/0000078003-98-000035-index.html",
    "finalLink": "https://www.sec.gov/Archives/edgar/data/78003/"
  },
  {
    "date": "1998-03-29",
    "symbol": "PFE",
    "reportedCurrency": "USD",
    "cik": "0000078003",
    "fillingDate": "1998-05-12",
    "acceptedDate": "1998-05-12 00:00:00",
    "calendarYear": "1998",
    "period": "Q1",
    "revenue": 3339000000,
    "costOfRevenue": 411000000,
    "grossProfit": 2928000000,
    "grossProfitRatio": 0.8769092543,
    "researchAndDevelopmentExpenses": 505000000,
    "generalAndAdministrativeExpenses": 2073000000,
    "sellingAndMarketingExpenses": -741000000,
    "sellingGeneralAndAdministrativeExpenses": 1332000000,
    "otherExpenses": 941000000,
    "operatingExpenses": 1971000000,
    "costAndExpenses": 2382000000,
    "interestIncome": 0,
    "interestExpense": 0,
    "depreciationAndAmortization": 134000000,
    "ebitda": 1031000000,
    "ebitdaratio": 0.3087750824,
    "operatingIncome": 957000000,
    "operatingIncomeRatio": 0.2866127583,
    "totalOtherIncomeExpensesNet": 4000000,
    "incomeBeforeTax": 961000000,
    "incomeBeforeTaxRatio": 0.2878107218,
    "incomeTaxExpense": 269000000,
    "netIncome": 692000000,
    "netIncomeRatio": 0.2072476789,
    "eps": 0.18,
    "epsdiluted": 0.18,
    "weightedAverageShsOut": 3844444444,
    "weightedAverageShsOutDil": 3844444444,
    "link": "https://www.sec.gov/Archives/edgar/data/78003/000007800398000009/0000078003-98-000009-index.html",
    "finalLink": "https://www.sec.gov/Archives/edgar/data/78003/"
  },
  {
    "date": "1997-12-31",
    "symbol": "PFE",
    "reportedCurrency": "USD",
    "cik": "0000078003",
    "fillingDate": "1998-03-26",
    "acceptedDate": "1998-03-26 00:00:00",
    "calendarYear": "1997",
    "period": "Q4",
    "revenue": 3496000000,
    "costOfRevenue": 543000000,
    "grossProfit": 2953000000,
    "grossProfitRatio": 0.8446796339,
    "researchAndDevelopmentExpenses": 577000000,
    "generalAndAdministrativeExpenses": 1411000000,
    "sellingAndMarketingExpenses": 0,
    "sellingGeneralAndAdministrativeExpenses": 1411000000,
    "otherExpenses": 130000000,
    "operatingExpenses": 2118000000,
    "costAndExpenses": 2661000000,
    "interestIncome": 0,
    "interestExpense": 0,
    "depreciationAndAmortization": 130000000,
    "ebitda": 965000000,
    "ebitdaratio": 0.2760297483,
    "operatingIncome": 835000000,
    "operatingIncomeRatio": 0.2388443936,
    "totalOtherIncomeExpensesNet": -59000000,
    "incomeBeforeTax": 776000000,
    "incomeBeforeTaxRatio": 0.2219679634,
    "incomeTaxExpense": 218000000,
    "netIncome": 558000000,
    "netIncomeRatio": 0.159610984,
    "eps": 0.0896,
    "epsdiluted": 0.0896,
    "weightedAverageShsOut": 3771000000,
    "weightedAverageShsOutDil": 3909000000,
    "link": "https://www.sec.gov/Archives/edgar/data/78003/000094018098000332/0000940180-98-000332-index.html",
    "finalLink": "https://www.sec.gov/Archives/edgar/data/78003/"
  },
  {
    "date": "1997-09-28",
    "symbol": "PFE",
    "reportedCurrency": "USD",
    "cik": "0000078003",
    "fillingDate": "1997-11-12",
    "acceptedDate": "1997-11-12 00:00:00",
    "calendarYear": "1997",
    "period": "Q3",
    "revenue": 3094000000,
    "costOfRevenue": 418000000,
    "grossProfit": 2676000000,
    "grossProfitRatio": 0.8648998061,
    "researchAndDevelopmentExpenses": 477000000,
    "generalAndAdministrativeExpenses": 1925000000,
    "sellingAndMarketingExpenses": -739000000,
    "sellingGeneralAndAdministrativeExpenses": 1186000000,
    "otherExpenses": 847000000,
    "operatingExpenses": 1791000000,
    "costAndExpenses": 2209000000,
    "interestIncome": 0,
    "interestExpense": 0,
    "depreciationAndAmortization": 128000000,
    "ebitda": 954000000,
    "ebitdaratio": 0.3083387201,
    "operatingIncome": 885000000,
    "operatingIncomeRatio": 0.2860374919,
    "totalOtherIncomeExpensesNet": -50000000,
    "incomeBeforeTax": 809000000,
    "incomeBeforeTaxRatio": 0.2614738203,
    "incomeTaxExpense": 213000000,
    "netIncome": 596000000,
    "netIncomeRatio": 0.1926308985,
    "eps": 0.16,
    "epsdiluted": 0.15,
    "weightedAverageShsOut": 3725000000,
    "weightedAverageShsOutDil": 3973333333,
    "link": "https://www.sec.gov/Archives/edgar/data/78003/000007800397000015/0000078003-97-000015-index.html",
    "finalLink": "https://www.sec.gov/Archives/edgar/data/78003/"
  },
  {
    "date": "1997-06-29",
    "symbol": "PFE",
    "reportedCurrency": "USD",
    "cik": "0000078003",
    "fillingDate": "1997-08-13",
    "acceptedDate": "1997-08-13 00:00:00",
    "calendarYear": "1997",
    "period": "Q2",
    "revenue": 2913000000,
    "costOfRevenue": 380000000,
    "grossProfit": 2533000000,
    "grossProfitRatio": 0.8695502918,
    "researchAndDevelopmentExpenses": 461000000,
    "generalAndAdministrativeExpenses": 1772000000,
    "sellingAndMarketingExpenses": -527000000,
    "sellingGeneralAndAdministrativeExpenses": 1245000000,
    "otherExpenses": 601000000,
    "operatingExpenses": 1836000000,
    "costAndExpenses": 2216000000,
    "interestIncome": 0,
    "interestExpense": 0,
    "depreciationAndAmortization": 130000000,
    "ebitda": 827000000,
    "ebitdaratio": 0.2838997597,
    "operatingIncome": 697000000,
    "operatingIncomeRatio": 0.2392722279,
    "totalOtherIncomeExpensesNet": -65000000,
    "incomeBeforeTax": 632000000,
    "incomeBeforeTaxRatio": 0.2169584621,
    "incomeTaxExpense": 175000000,
    "netIncome": 457000000,
    "netIncomeRatio": 0.1568829386,
    "eps": 0.12,
    "epsdiluted": 0.12,
    "weightedAverageShsOut": 3808333333,
    "weightedAverageShsOutDil": 3808333333,
    "link": "https://www.sec.gov/Archives/edgar/data/78003/000007800397000005/0000078003-97-000005-index.html",
    "finalLink": "https://www.sec.gov/Archives/edgar/data/78003/"
  },
  {
    "date": "1997-03-30",
    "symbol": "PFE",
    "reportedCurrency": "USD",
    "cik": "0000078003",
    "fillingDate": "1997-05-13",
    "acceptedDate": "1997-05-13 00:00:00",
    "calendarYear": "1997",
    "period": "Q1",
    "revenue": 3002000000,
    "costOfRevenue": 431000000,
    "grossProfit": 2571000000,
    "grossProfitRatio": 0.8564290473,
    "researchAndDevelopmentExpenses": 545000000,
    "generalAndAdministrativeExpenses": 1877000000,
    "sellingAndMarketingExpenses": -895000000,
    "sellingGeneralAndAdministrativeExpenses": 982000000,
    "otherExpenses": 1003000000,
    "operatingExpenses": 1641000000,
    "costAndExpenses": 2072000000,
    "interestIncome": 0,
    "interestExpense": 0,
    "depreciationAndAmortization": 114000000,
    "ebitda": 1044000000,
    "ebitdaratio": 0.3477681546,
    "operatingIncome": 930000000,
    "operatingIncomeRatio": 0.309793471,
    "totalOtherIncomeExpensesNet": -69000000,
    "incomeBeforeTax": 861000000,
    "incomeBeforeTaxRatio": 0.2868087941,
    "incomeTaxExpense": 259000000,
    "netIncome": 602000000,
    "netIncomeRatio": 0.200532978,
    "eps": 0.16,
    "epsdiluted": 0.15,
    "weightedAverageShsOut": 3762500000,
    "weightedAverageShsOutDil": 4013333333,
    "link": "https://www.sec.gov/Archives/edgar/data/78003/000007800397000002/0000078003-97-000002-index.html",
    "finalLink": "https://www.sec.gov/Archives/edgar/data/78003/"
  },
  {
    "date": "1996-12-31",
    "symbol": "PFE",
    "reportedCurrency": "USD",
    "cik": "0000078003",
    "fillingDate": "1997-03-28",
    "acceptedDate": "1997-03-28 00:00:00",
    "calendarYear": "1996",
    "period": "Q4",
    "revenue": 3160000000,
    "costOfRevenue": 499000000,
    "grossProfit": 2661000000,
    "grossProfitRatio": 0.8420886076,
    "researchAndDevelopmentExpenses": 0,
    "generalAndAdministrativeExpenses": 1739000000,
    "sellingAndMarketingExpenses": 0,
    "sellingGeneralAndAdministrativeExpenses": 1739000000,
    "otherExpenses": 121000000,
    "operatingExpenses": 1860000000,
    "costAndExpenses": 2359000000,
    "interestIncome": 0,
    "interestExpense": 0,
    "depreciationAndAmortization": 121000000,
    "ebitda": 922000000,
    "ebitdaratio": 0.2917721519,
    "operatingIncome": 801000000,
    "operatingIncomeRatio": 0.2534810127,
    "totalOtherIncomeExpensesNet": -71000000,
    "incomeBeforeTax": 730000000,
    "incomeBeforeTaxRatio": 0.2310126582,
    "incomeTaxExpense": 226000000,
    "netIncome": 504000000,
    "netIncomeRatio": 0.1594936709,
    "eps": 0.0824,
    "epsdiluted": 0.0824,
    "weightedAverageShsOut": 3864000000,
    "weightedAverageShsOutDil": 3864000000,
    "link": "https://www.sec.gov/Archives/edgar/data/78003/000095011697000605/0000950116-97-000605-index.html",
    "finalLink": "https://www.sec.gov/Archives/edgar/data/78003/"
  },
  {
    "date": "1996-09-29",
    "symbol": "PFE",
    "reportedCurrency": "USD",
    "cik": "0000078003",
    "fillingDate": "1996-11-12",
    "acceptedDate": "1996-11-12 00:00:00",
    "calendarYear": "1996",
    "period": "Q3",
    "revenue": 2803000000,
    "costOfRevenue": 420000000,
    "grossProfit": 2383000000,
    "grossProfitRatio": 0.8501605423,
    "researchAndDevelopmentExpenses": 551000000,
    "generalAndAdministrativeExpenses": 1819000000,
    "sellingAndMarketingExpenses": -373000000,
    "sellingGeneralAndAdministrativeExpenses": 1446000000,
    "otherExpenses": 508000000,
    "operatingExpenses": 1548000000,
    "costAndExpenses": 1968000000,
    "interestIncome": 0,
    "interestExpense": 0,
    "depreciationAndAmortization": 102000000,
    "ebitda": 937000000,
    "ebitdaratio": 0.334284695,
    "operatingIncome": 835000000,
    "operatingIncomeRatio": 0.2978951124,
    "totalOtherIncomeExpensesNet": -89000000,
    "incomeBeforeTax": 746000000,
    "incomeBeforeTaxRatio": 0.2661434178,
    "incomeTaxExpense": 232000000,
    "netIncome": 514000000,
    "netIncomeRatio": 0.1833749554,
    "eps": 0.14,
    "epsdiluted": 0.13,
    "weightedAverageShsOut": 3671428571,
    "weightedAverageShsOutDil": 3953846154,
    "link": "https://www.sec.gov/Archives/edgar/data/78003/000007800396000011/0000078003-96-000011-index.html",
    "finalLink": "https://www.sec.gov/Archives/edgar/data/78003/"
  },
  {
    "date": "1996-06-30",
    "symbol": "PFE",
    "reportedCurrency": "USD",
    "cik": "0000078003",
    "fillingDate": "1996-08-13",
    "acceptedDate": "1996-08-13 00:00:00",
    "calendarYear": "1996",
    "period": "Q2",
    "revenue": 2661000000,
    "costOfRevenue": 415000000,
    "grossProfit": 2246000000,
    "grossProfitRatio": 0.8440435926,
    "researchAndDevelopmentExpenses": 0,
    "generalAndAdministrativeExpenses": 1566000000,
    "sellingAndMarketingExpenses": 0,
    "sellingGeneralAndAdministrativeExpenses": 1566000000,
    "otherExpenses": 106000000,
    "operatingExpenses": 1672000000,
    "costAndExpenses": 2087000000,
    "interestIncome": 0,
    "interestExpense": 0,
    "depreciationAndAmortization": 106000000,
    "ebitda": 680000000,
    "ebitdaratio": 0.2555430289,
    "operatingIncome": 574000000,
    "operatingIncomeRatio": 0.2157083803,
    "totalOtherIncomeExpensesNet": -2000000,
    "incomeBeforeTax": 572000000,
    "incomeBeforeTaxRatio": 0.2149567832,
    "incomeTaxExpense": 178000000,
    "netIncome": 394000000,
    "netIncomeRatio": 0.1480646374,
    "eps": 0.1,
    "epsdiluted": 0.1,
    "weightedAverageShsOut": 3940000000,
    "weightedAverageShsOutDil": 3940000000,
    "link": "https://www.sec.gov/Archives/edgar/data/78003/000007800396000008/0000078003-96-000008-index.html",
    "finalLink": "https://www.sec.gov/Archives/edgar/data/78003/"
  },
  {
    "date": "1996-03-31",
    "symbol": "PFE",
    "reportedCurrency": "USD",
    "cik": "0000078003",
    "fillingDate": "1996-05-14",
    "acceptedDate": "1996-05-14 00:00:00",
    "calendarYear": "1996",
    "period": "Q1",
    "revenue": 2682000000,
    "costOfRevenue": 412000000,
    "grossProfit": 2270000000,
    "grossProfitRatio": 0.846383296,
    "researchAndDevelopmentExpenses": 0,
    "generalAndAdministrativeExpenses": 1360000000,
    "sellingAndMarketingExpenses": 0,
    "sellingGeneralAndAdministrativeExpenses": 1360000000,
    "otherExpenses": 101000000,
    "operatingExpenses": 1461000000,
    "costAndExpenses": 1873000000,
    "interestIncome": 0,
    "interestExpense": 0,
    "depreciationAndAmortization": 101000000,
    "ebitda": 910000000,
    "ebitdaratio": 0.3392990306,
    "operatingIncome": 809000000,
    "operatingIncomeRatio": 0.3016405667,
    "totalOtherIncomeExpensesNet": -59000000,
    "incomeBeforeTax": 750000000,
    "incomeBeforeTaxRatio": 0.2796420582,
    "incomeTaxExpense": 233000000,
    "netIncome": 517000000,
    "netIncomeRatio": 0.1927665921,
    "eps": 0.14,
    "epsdiluted": 0.13,
    "weightedAverageShsOut": 3692857143,
    "weightedAverageShsOutDil": 3976923077,
    "link": "https://www.sec.gov/Archives/edgar/data/78003/000007800396000003/0000078003-96-000003-index.html",
    "finalLink": "https://www.sec.gov/Archives/edgar/data/78003/"
  },
  {
    "date": "1995-12-31",
    "symbol": "PFE",
    "reportedCurrency": "USD",
    "cik": "0000078003",
    "fillingDate": "1996-03-29",
    "acceptedDate": "1996-03-29 00:00:00",
    "calendarYear": "1995",
    "period": "Q4",
    "revenue": 2744300000,
    "costOfRevenue": 459600000,
    "grossProfit": 2284700000,
    "grossProfitRatio": 0.8325255985,
    "researchAndDevelopmentExpenses": 0,
    "generalAndAdministrativeExpenses": 1503100000,
    "sellingAndMarketingExpenses": 0,
    "sellingGeneralAndAdministrativeExpenses": 1503100000,
    "otherExpenses": 107800000,
    "operatingExpenses": 1610900000,
    "costAndExpenses": 2070500000,
    "interestIncome": 0,
    "interestExpense": 0,
    "depreciationAndAmortization": 107800000,
    "ebitda": 781600000,
    "ebitdaratio": 0.2848085122,
    "operatingIncome": 673800000,
    "operatingIncomeRatio": 0.2455270925,
    "totalOtherIncomeExpensesNet": -98600000,
    "incomeBeforeTax": 575200000,
    "incomeBeforeTaxRatio": 0.209598076,
    "incomeTaxExpense": 169600000,
    "netIncome": 410900000,
    "netIncomeRatio": 0.1497285282,
    "eps": 0.0682,
    "epsdiluted": 0.0682,
    "weightedAverageShsOut": 3774960000,
    "weightedAverageShsOutDil": 3774960000,
    "link": "https://www.sec.gov/Archives/edgar/data/78003/000091205796005586/0000912057-96-005586-index.html",
    "finalLink": "https://www.sec.gov/Archives/edgar/data/78003/"
  },
  {
    "date": "1995-10-01",
    "symbol": "PFE",
    "reportedCurrency": "USD",
    "cik": "0000078003",
    "fillingDate": "1995-11-13",
    "acceptedDate": "1995-11-13 00:00:00",
    "calendarYear": "1995",
    "period": "Q3",
    "revenue": 2538500000,
    "costOfRevenue": 475600000,
    "grossProfit": 2062900000,
    "grossProfitRatio": 0.812645263,
    "researchAndDevelopmentExpenses": 481000000,
    "generalAndAdministrativeExpenses": 1746000000,
    "sellingAndMarketingExpenses": -434600000,
    "sellingGeneralAndAdministrativeExpenses": 1311400000,
    "otherExpenses": 405600000,
    "operatingExpenses": 1371500000,
    "costAndExpenses": 1847100000,
    "interestIncome": 0,
    "interestExpense": 0,
    "depreciationAndAmortization": 85300000,
    "ebitda": 776700000,
    "ebitdaratio": 0.3059680914,
    "operatingIncome": 691400000,
    "operatingIncomeRatio": 0.2723655702,
    "totalOtherIncomeExpensesNet": -65500000,
    "incomeBeforeTax": 625900000,
    "incomeBeforeTaxRatio": 0.2465629309,
    "incomeTaxExpense": 206800000,
    "netIncome": 425300000,
    "netIncomeRatio": 0.1675398858,
    "eps": 0.11,
    "epsdiluted": 0.11,
    "weightedAverageShsOut": 3866363636,
    "weightedAverageShsOutDil": 3866363636,
    "link": "https://www.sec.gov/Archives/edgar/data/78003/000007800395000007/0000078003-95-000007-index.html",
    "finalLink": "https://www.sec.gov/Archives/edgar/data/78003/"
  }
]