[
  {
    "date": "2024-12-31",
    "symbol": "PFE",
    "reportedCurrency": "USD",
    "cik": "0000078003",
    "fillingDate": "2025-02-27",
    "acceptedDate": "2025-02-27 16:27:18",
    "calendarYear": "2024",
    "period": "FY",
    "revenue": 63627000000,
    "costOfRevenue": 21781000000,
    "grossProfit": 41846000000,
    "grossProfitRatio": 0.6576767724,
    "researchAndDevelopmentExpenses": 10738000000,
    "generalAndAdministrativeExpenses": 0,
    "sellingAndMarketingExpenses": 0,
    "sellingGeneralAndAdministrativeExpenses": 14625000000,
    "otherExpenses": 0,
    "operatingExpenses": 25363000000,
    "costAndExpenses": 47144000000,
    "interestIncome": 545000000,
    "interestExpense": 3091000000,
    "depreciationAndAmortization": 7013000000,
    "ebitda": 18127000000,
    "ebitdaratio": 0.2848947774,
    "operatingIncome": 16483000000,
    "operatingIncomeRatio": 0.2590566898,
    "totalOtherIncomeExpensesNet": -8460000000,
    "incomeBeforeTax": 8023000000,
    "incomeBeforeTaxRatio": 0.1260942682,
    "incomeTaxExpense": -28000000,
    "netIncome": 8020000000,
    "netIncomeRatio": 0.1260471184,
    "eps": 1.4179,
    "epsdiluted": 1.409,
    "weightedAverageShsOut": 5664000000,
    "weightedAverageShsOutDil": 5700000000,
    "link": "https://www.sec.gov/Archives/edgar/data/78003/000007800325000054/0000078003-25-000054-index.htm",
    "finalLink": "https://www.sec.gov/Archives/edgar/data/78003/000007800325000054/pfe-20241231.htm"
  },
  {
    "date": "2023-12-31",
    "symbol": "PFE",
    "reportedCurrency": "USD",
    "cik": "0000078003",
    "fillingDate": "2024-02-22",
    "acceptedDate": "2024-02-22 13:17:37",
    "calendarYear": "2023",
    "period": "FY",
    "revenue": 59553000000,
    "costOfRevenue": 29213000000,
    "grossProfit": 30340000000,
    "grossProfitRatio": 0.5094621598,
    "researchAndDevelopmentExpenses": 10578000000,
    "generalAndAdministrativeExpenses": 0,
    "sellingAndMarketingExpenses": 0,
    "sellingGeneralAndAdministrativeExpenses": 14470000000,
    "otherExpenses": 0,
    "operatingExpenses": 25048000000,
    "costAndExpenses": 54261000000,
    "interestIncome": 1624000000,
    "interestExpense": 2209000000,
    "depreciationAndAmortization": 6290000000,
    "ebitda": 9557000000,
    "ebitdaratio": 0.1604789011,
    "operatingIncome": 5292000000,
    "operatingIncomeRatio": 0.0888620221,
    "totalOtherIncomeExpensesNet": -4234000000,
    "incomeBeforeTax": 1058000000,
    "incomeBeforeTaxRatio": 0.0177656877,
    "incomeTaxExpense": -1114000000,
    "netIncome": 2133000000,
    "netIncomeRatio": 0.0358168354,
    "eps": 0.3755,
    "epsdiluted": 0.3712,
    "weightedAverageShsOut": 5643000000,
    "weightedAverageShsOutDil": 5709000000,
    "link": "https://www.sec.gov/Archives/edgar/data/78003/000007800324000039/0000078003-24-000039-index.htm",
    "finalLink": "https://www.sec.gov/Archives/edgar/data/78003/000007800324000039/pfe-20231231.htm"
  },
  {
    "date": "2022-12-31",
    "symbol": "PFE",
    "reportedCurrency": "USD",
    "cik": "0000078003",
    "fillingDate": "2023-02-23",
    "acceptedDate": "2023-02-23 14:12:53",
    "calendarYear": "2022",
    "period": "FY",
    "revenue": 100330000000,
    "costOfRevenue": 38240000000,
    "grossProfit": 62090000000,
    "grossProfitRatio": 0.6188577694,
    "researchAndDevelopmentExpenses": 11426000000,
    "generalAndAdministrativeExpenses": 0,
    "sellingAndMarketingExpenses": 0,
    "sellingGeneralAndAdministrativeExpenses": 13115000000,
    "otherExpenses": 0,
    "operatingExpenses": 24541000000,
    "costAndExpenses": 62781000000,
    "interestIncome": 251000000,
    "interestExpense": 1238000000,
    "depreciationAndAmortization": 5064000000,
    "ebitda": 41031000000,
    "ebitdaratio": 0.4089604306,
    "operatingIncome": 37549000000,
    "operatingIncomeRatio": 0.3742549586,
    "totalOtherIncomeExpensesNet": -2820000000,
    "incomeBeforeTax": 34729000000,
    "incomeBeforeTaxRatio": 0.3461477125,
    "incomeTaxExpense": 3328000000,
    "netIncome": 31365000000,
    "netIncomeRatio": 0.3126183594,
    "eps": 5.5929,
    "epsdiluted": 5.471,
    "weightedAverageShsOut": 5608000000,
    "weightedAverageShsOutDil": 5733000000,
    "link": "https://www.sec.gov/Archives/edgar/data/78003/000007800323000024/0000078003-23-000024-index.htm",
    "finalLink": "https://www.sec.gov/Archives/edgar/data/78003/000007800323000024/pfe-20221231.htm"
  },
  {
    "date": "2021-12-31",
    "symbol": "PFE",
    "reportedCurrency": "USD",
    "cik": "0000078003",
    "fillingDate": "2022-02-24",
    "acceptedDate": "2022-02-24 14:25:01",
    "calendarYear": "2021",
    "period": "FY",
    "revenue": 81288000000,
    "costOfRevenue": 34413000000,
    "grossProfit": 46875000000,
    "grossProfitRatio": 0.5766533806,
    "researchAndDevelopmentExpenses": 13828000000,
    "generalAndAdministrativeExpenses": 0,
    "sellingAndMarketingExpenses": 0,
    "sellingGeneralAndAdministrativeExpenses": 12254000000,
    "otherExpenses": 0,
    "operatingExpenses": 26082000000,
    "costAndExpenses": 60495000000,
    "interestIncome": 36000000,
    "interestExpense": 1291000000,
    "depreciationAndAmortization": 5191000000,
    "ebitda": 30793000000,
    "ebitdaratio": 0.378813601,
    "operatingIncome": 20793000000,
    "operatingIncomeRatio": 0.2557942132,
    "totalOtherIncomeExpensesNet": 3518000000,
    "incomeBeforeTax": 24311000000,
    "incomeBeforeTaxRatio": 0.2990724338,
    "incomeTaxExpense": 1852000000,
    "netIncome": 22147000000,
    "netIncomeRatio": 0.2724510383,
    "eps": 3.9539,
    "epsdiluted": 3.8798,
    "weightedAverageShsOut": 5601000000,
    "weightedAverageShsOutDil": 5708000000,
    "link": "https://www.sec.gov/Archives/edgar/data/78003/000007800322000027/0000078003-22-000027-index.htm",
    "finalLink": "https://www.sec.gov/Archives/edgar/data/78003/000007800322000027/pfe-20211231.htm"
  },
  {
    "date": "2020-12-31",
    "symbol": "PFE",
    "reportedCurrency": "USD",
    "cik": "0000078003",
    "fillingDate": "2021-02-25",
    "acceptedDate": "2021-02-25 13:59:00",
    "calendarYear": "2020",
    "period": "FY",
    "revenue": 41651000000,
    "costOfRevenue": 11771000000,
    "grossProfit": 29880000000,
    "grossProfitRatio": 0.7173897385,
    "researchAndDevelopmentExpenses": 9395000000,
    "generalAndAdministrativeExpenses": 0,
    "sellingAndMarketingExpenses": 0,
    "sellingGeneralAndAdministrativeExpenses": 11400000000,
    "otherExpenses": 0,
    "operatingExpenses": 20795000000,
    "costAndExpenses": 32566000000,
    "interestIncome": 73000000,
    "interestExpense": 1449000000,
    "depreciationAndAmortization": 4681000000,
    "ebitda": 13168000000,
    "ebitdaratio": 0.3161508727,
    "operatingIncome": 9085000000,
    "operatingIncomeRatio": 0.2181220139,
    "totalOtherIncomeExpensesNet": -2049000000,
    "incomeBeforeTax": 7036000000,
    "incomeBeforeTaxRatio": 0.1689275167,
    "incomeTaxExpense": 370000000,
    "netIncome": 9159000000,
    "netIncomeRatio": 0.2198986819,
    "eps": 1.6488,
    "epsdiluted": 1.6262,
    "weightedAverageShsOut": 5555000000,
    "weightedAverageShsOutDil": 5632000000,
    "link": "https://www.sec.gov/Archives/edgar/data/78003/000007800321000038/0000078003-21-000038-index.htm",
    "finalLink": "https://www.sec.gov/Archives/edgar/data/78003/000007800321000038/pfe-20201231.htm"
  },
  {
    "date": "2019-12-31",
    "symbol": "PFE",
    "reportedCurrency": "USD",
    "cik": "0000078003",
    "fillingDate": "2020-02-27",
    "acceptedDate": "2020-02-27 14:15:12",
    "calendarYear": "2019",
    "period": "FY",
    "revenue": 41172000000,
    "costOfRevenue": 12623000000,
    "grossProfit": 28549000000,
    "grossProfitRatio": 0.6934081415,
    "researchAndDevelopmentExpenses": 8364000000,
    "generalAndAdministrativeExpenses": 0,
    "sellingAndMarketingExpenses": 0,
    "sellingGeneralAndAdministrativeExpenses": 12674000000,
    "otherExpenses": 0,
    "operatingExpenses": 21038000000,
    "costAndExpenses": 33661000000,
    "interestIncome": 225000000,
    "interestExpense": 1573000000,
    "depreciationAndAmortization": 5795000000,
    "ebitda": 18853000000,
    "ebitdaratio": 0.4579082872,
    "operatingIncome": 7511000000,
    "operatingIncomeRatio": 0.1824298067,
    "totalOtherIncomeExpensesNet": 3974000000,
    "incomeBeforeTax": 11485000000,
    "incomeBeforeTaxRatio": 0.2789517148,
    "incomeTaxExpense": 618000000,
    "netIncome": 16273000000,
    "netIncomeRatio": 0.3952443408,
    "eps": 2.9219,
    "epsdiluted": 2.8675,
    "weightedAverageShsOut": 5569000000,
    "weightedAverageShsOutDil": 5675000000,
    "link": "https://www.sec.gov/Archives/edgar/data/78003/000007800320000014/0000078003-20-000014-index.htm",
    "finalLink": "https://www.sec.gov/Archives/edgar/data/78003/000007800320000014/pfe-12312019x10kshell.htm"
  },
  {
    "date": "2018-12-31",
    "symbol": "PFE",
    "reportedCurrency": "USD",
    "cik": "0000078003",
    "fillingDate": "2019-02-28",
    "acceptedDate": "2019-02-28 14:35:32",
    "calendarYear": "2018",
    "period": "FY",
    "revenue": 53647000000,
    "costOfRevenue": 16008000000,
    "grossProfit": 37639000000,
    "grossProfitRatio": 0.701604936,
    "researchAndDevelopmentExpenses": 7967000000,
    "generalAndAdministrativeExpenses": 0,
    "sellingAndMarketingExpenses": 0,
    "sellingGeneralAndAdministrativeExpenses": 14383000000,
    "otherExpenses": 0,
    "operatingExpenses": 22350000000,
    "costAndExpenses": 38358000000,
    "interestIncome": 333000000,
    "interestExpense": 1316000000,
    "depreciationAndAmortization": 6384000000,
    "ebitda": 19585000000,
    "ebitdaratio": 0.3650716722,
    "operatingIncome": 15289000000,
    "operatingIncomeRatio": 0.2849926371,
    "totalOtherIncomeExpensesNet": -3404000000,
    "incomeBeforeTax": 11885000000,
    "incomeBeforeTaxRatio": 0.2215408131,
    "incomeTaxExpense": 706000000,
    "netIncome": 11153000000,
    "netIncomeRatio": 0.2078960613,
    "eps": 1.8992,
    "epsdiluted": 1.866,
    "weightedAverageShsOut": 5872000000,
    "weightedAverageShsOutDil": 5977000000,
    "link": "https://www.sec.gov/Archives/edgar/data/78003/000007800319000015/0000078003-19-000015-index.htm",
    "finalLink": "https://www.sec.gov/Archives/edgar/data/78003/000007800319000015/pfe-12312018x10kshell.htm"
  },
  {
    "date": "2017-12-31",
    "symbol": "PFE",
    "reportedCurrency": "USD",
    "cik": "0000078003",
    "fillingDate": "2018-02-22",
    "acceptedDate": "2018-02-22 15:42:15",
    "calendarYear": "2017",
    "period": "FY",
    "revenue": 52546000000,
    "costOfRevenue": 15777000000,
    "grossProfit": 36769000000,
    "grossProfitRatio": 0.6997487915,
    "researchAndDevelopmentExpenses": 7645000000,
    "generalAndAdministrativeExpenses": 0,
    "sellingAndMarketingExpenses": 0,
    "sellingGeneralAndAdministrativeExpenses": 14733000000,
    "otherExpenses": 0,
    "operatingExpenses": 22378000000,
    "costAndExpenses": 38155000000,
    "interestIncome": 391000000,
    "interestExpense": 1270000000,
    "depreciationAndAmortization": 6269000000,
    "ebitda": 19844000000,
    "ebitdaratio": 0.377650059,
    "operatingIncome": 14391000000,
    "operatingIncomeRatio": 0.2738743196,
    "totalOtherIncomeExpensesNet": -2086000000,
    "incomeBeforeTax": 12305000000,
    "incomeBeforeTaxRatio": 0.2341757698,
    "incomeTaxExpense": -9048000000,
    "netIncome": 21305000000,
    "netIncomeRatio": 0.4054542686,
    "eps": 3.5685,
    "epsdiluted": 3.5168,
    "weightedAverageShsOut": 5970000000,
    "weightedAverageShsOutDil": 6058000000,
    "link": "https://www.sec.gov/Archives/edgar/data/78003/000007800318000027/0000078003-18-000027-index.htm",
    "finalLink": "https://www.sec.gov/Archives/edgar/data/78003/000007800318000027/pfe-12312017x10kshell.htm"
  },
  {
    "date": "2016-12-31",
    "symbol": "PFE",
    "reportedCurrency": "USD",
    "cik": "0000078003",
    "fillingDate": "2017-02-23",
    "acceptedDate": "2017-02-23 16:30:32",
    "calendarYear": "2016",
    "period": "FY",
    "revenue": 52824000000,
    "costOfRevenue": 15954000000,
    "grossProfit": 36870000000,
    "grossProfitRatio": 0.6979781917,
    "researchAndDevelopmentExpenses": 7840000000,
    "generalAndAdministrativeExpenses": 0,
    "sellingAndMarketingExpenses": 0,
    "sellingGeneralAndAdministrativeExpenses": 14756000000,
    "otherExpenses": 0,
    "operatingExpenses": 22596000000,
    "costAndExpenses": 38550000000,
    "interestIncome": 470000000,
    "interestExpense": 1186000000,
    "depreciationAndAmortization": 5757000000,
    "ebitda": 15294000000,
    "ebitdaratio": 0.2895274875,
    "operatingIncome": 14274000000,
    "operatingIncomeRatio": 0.2702180827,
    "totalOtherIncomeExpensesNet": -5923000000,
    "incomeBeforeTax": 8351000000,
    "incomeBeforeTaxRatio": 0.1580910192,
    "incomeTaxExpense": 1122000000,
    "netIncome": 7215000000,
    "netIncomeRatio": 0.1365856429,
    "eps": 1.18,
    "epsdiluted": 1.17,
    "weightedAverageShsOut": 6089000000,
    "weightedAverageShsOutDil": 6159000000,
    "link": "https://www.sec.gov/Archives/edgar/data/78003/000007800317000014/0000078003-17-000014-index.htm",
    "finalLink": "https://www.sec.gov/Archives/edgar/data/78003/000007800317000014/pfe-12312016x10kshell.htm"
  },
  {
    "date": "2015-12-31",
    "symbol": "PFE",
    "reportedCurrency": "USD",
    "cik": "0000078003",
    "fillingDate": "2016-02-29",
    "acceptedDate": "2016-02-29 17:26:35",
    "calendarYear": "2015",
    "period": "FY",
    "revenue": 48851000000,
    "costOfRevenue": 13157000000,
    "grossProfit": 35694000000,
    "grossProfitRatio": 0.7306708153,
    "researchAndDevelopmentExpenses": 7671000000,
    "generalAndAdministrativeExpenses": 0,
    "sellingAndMarketingExpenses": 0,
    "sellingGeneralAndAdministrativeExpenses": 14727000000,
    "otherExpenses": 0,
    "operatingExpenses": 22398000000,
    "costAndExpenses": 35555000000,
    "interestIncome": 471000000,
    "interestExpense": 1199000000,
    "depreciationAndAmortization": 5157000000,
    "ebitda": 15321000000,
    "ebitdaratio": 0.313627152,
    "operatingIncome": 13296000000,
    "operatingIncomeRatio": 0.2721745717,
    "totalOtherIncomeExpensesNet": -4331000000,
    "incomeBeforeTax": 8965000000,
    "incomeBeforeTaxRatio": 0.1835172259,
    "incomeTaxExpense": 1990000000,
    "netIncome": 6966000000,
    "netIncomeRatio": 0.1425968762,
    "eps": 1.1278,
    "epsdiluted": 1.1133,
    "weightedAverageShsOut": 6176000000,
    "weightedAverageShsOutDil": 6257000000,
    "link": "https://www.sec.gov/Archives/edgar/data/78003/000007800316000077/0000078003-16-000077-index.htm",
    "finalLink": "https://www.sec.gov/Archives/edgar/data/78003/000007800316000077/pfe-12312015x10kshell.htm"
  },
  {
    "date": "2014-12-31",
    "symbol": "PFE",
    "reportedCurrency": "USD",
    "cik": "0000078003",
    "fillingDate": "2015-02-27",
    "acceptedDate": "2015-02-27 16:38:16",
    "calendarYear": "2014",
    "period": "FY",
    "revenue": 49605000000,
    "costOfRevenue": 13310000000,
    "grossProfit": 36295000000,
    "grossProfitRatio": 0.7316802742,
    "researchAndDevelopmentExpenses": 8310000000,
    "generalAndAdministrativeExpenses": 0,
    "sellingAndMarketingExpenses": 0,
    "sellingGeneralAndAdministrativeExpenses": 13956000000,
    "otherExpenses": 0,
    "operatingExpenses": 22266000000,
    "costAndExpenses": 35576000000,
    "interestIncome": 425000000,
    "interestExpense": 1360000000,
    "depreciationAndAmortization": 5537000000,
    "ebitda": 19137000000,
    "ebitdaratio": 0.385787723,
    "operatingIncome": 14029000000,
    "operatingIncomeRatio": 0.2828142324,
    "totalOtherIncomeExpensesNet": -1789000000,
    "incomeBeforeTax": 12240000000,
    "incomeBeforeTaxRatio": 0.2467493196,
    "incomeTaxExpense": 3121000000,
    "netIncome": 9080000000,
    "netIncomeRatio": 0.1830460639,
    "eps": 1.4307,
    "epsdiluted": 1.4135,
    "weightedAverageShsOut": 6346000000,
    "weightedAverageShsOutDil": 6424000000,
    "link": "https://www.sec.gov/Archives/edgar/data/78003/000007800315000014/0000078003-15-000014-index.htm",
    "finalLink": "https://www.sec.gov/Archives/edgar/data/78003/000007800315000014/pfe-12312014x10kshell.htm"
  },
  {
    "date": "2013-12-31",
    "symbol": "PFE",
    "reportedCurrency": "USD",
    "cik": "0000078003",
    "fillingDate": "2014-02-28",
    "acceptedDate": "2014-02-28 16:38:15",
    "calendarYear": "2013",
    "period": "FY",
    "revenue": 51584000000,
    "costOfRevenue": 13954000000,
    "grossProfit": 37630000000,
    "grossProfitRatio": 0.7294897643,
    "researchAndDevelopmentExpenses": 6551000000,
    "generalAndAdministrativeExpenses": 0,
    "sellingAndMarketingExpenses": 0,
    "sellingGeneralAndAdministrativeExpenses": 14191000000,
    "otherExpenses": 0,
    "operatingExpenses": 20742000000,
    "costAndExpenses": 34696000000,
    "interestIncome": 403000000,
    "interestExpense": 1414000000,
    "depreciationAndAmortization": 6410000000,
    "ebitda": 23540000000,
    "ebitdaratio": 0.4563430521,
    "operatingIncome": 16888000000,
    "operatingIncomeRatio": 0.3273883375,
    "totalOtherIncomeExpensesNet": -1172000000,
    "incomeBeforeTax": 15716000000,
    "incomeBeforeTaxRatio": 0.3046681141,
    "incomeTaxExpense": 4306000000,
    "netIncome": 11649000000,
    "netIncomeRatio": 0.2258258375,
    "eps": 1.7095,
    "epsdiluted": 1.6892,
    "weightedAverageShsOut": 6813000000,
    "weightedAverageShsOutDil": 6895000000,
    "link": "https://www.sec.gov/Archives/edgar/data/78003/000007800314000018/0000078003-14-000018-index.htm",
    "finalLink": "https://www.sec.gov/Archives/edgar/data/78003/000007800314000018/pfe-12312013x10k.htm"
  },
  {
    "date": "2012-12-31",
    "symbol": "PFE",
    "reportedCurrency": "USD",
    "cik": "0000078003",
    "fillingDate": "2013-02-28",
    "acceptedDate": "2013-02-28 16:57:54",
    "calendarYear": "2012",
    "period": "FY",
    "revenue": 54657000000,
    "costOfRevenue": 14642000000,
    "grossProfit": 40015000000,
    "grossProfitRatio": 0.732111166,
    "researchAndDevelopmentExpenses": 6955000000,
    "generalAndAdministrativeExpenses": 0,
    "sellingAndMarketingExpenses": 0,
    "sellingGeneralAndAdministrativeExpenses": 15021000000,
    "otherExpenses": 0,
    "operatingExpenses": 21976000000,
    "costAndExpenses": 36618000000,
    "interestIncome": 382000000,
    "interestExpense": 1522000000,
    "depreciationAndAmortization": 7655000000,
    "ebitda": 20419000000,
    "ebitdaratio": 0.3735843533,
    "operatingIncome": 18039000000,
    "operatingIncomeRatio": 0.3300400681,
    "totalOtherIncomeExpensesNet": -6797000000,
    "incomeBeforeTax": 11242000000,
    "incomeBeforeTaxRatio": 0.2056827122,
    "incomeTaxExpense": 2221000000,
    "netIncome": 9787000000,
    "netIncomeRatio": 0.1790621512,
    "eps": 1.3151,
    "epsdiluted": 1.3035,
    "weightedAverageShsOut": 7442000000,
    "weightedAverageShsOutDil": 7508000000,
    "link": "https://www.sec.gov/Archives/edgar/data/78003/000007800313000006/0000078003-13-000006-index.htm",
    "finalLink": "https://www.sec.gov/Archives/edgar/data/78003/000007800313000006/pfe-12312012x10k.htm"
  },
  {
    "date": "2011-12-31",
    "symbol": "PFE",
    "reportedCurrency": "USD",
    "cik": "0000078003",
    "fillingDate": "2012-02-28",
    "acceptedDate": "2012-02-28 17:07:08",
    "calendarYear": "2011",
    "period": "FY",
    "revenue": 61035000000,
    "costOfRevenue": 17165000000,
    "grossProfit": 43870000000,
    "grossProfitRatio": 0.71876792,
    "researchAndDevelopmentExpenses": 8004000000,
    "generalAndAdministrativeExpenses": 0,
    "sellingAndMarketingExpenses": 0,
    "sellingGeneralAndAdministrativeExpenses": 17484000000,
    "otherExpenses": 0,
    "operatingExpenses": 25488000000,
    "costAndExpenses": 42653000000,
    "interestIncome": 456000000,
    "interestExpense": 1681000000,
    "depreciationAndAmortization": 9026000000,
    "ebitda": 22188000000,
    "ebitdaratio": 0.3635291226,
    "operatingIncome": 18382000000,
    "operatingIncomeRatio": 0.301171459,
    "totalOtherIncomeExpensesNet": -6901000000,
    "incomeBeforeTax": 11481000000,
    "incomeBeforeTaxRatio": 0.1881051855,
    "incomeTaxExpense": 3621000000,
    "netIncome": 8705000000,
    "netIncomeRatio": 0.1426230851,
    "eps": 1.1136,
    "epsdiluted": 1.1061,
    "weightedAverageShsOut": 7817000000,
    "weightedAverageShsOutDil": 7870000000,
    "link": "https://www.sec.gov/Archives/edgar/data/78003/000119312512085703/0001193125-12-085703-index.htm",
    "finalLink": "https://www.sec.gov/Archives/edgar/data/78003/000119312512085703/d278590d10k.htm"
  },
  {
    "date": "2010-12-31",
    "symbol": "PFE",
    "reportedCurrency": "USD",
    "cik": "0000078003",
    "fillingDate": "2011-02-28",
    "acceptedDate": "2011-02-28 10:00:55",
    "calendarYear": "2010",
    "period": "FY",
    "revenue": 67057000000,
    "costOfRevenue": 20714000000,
    "grossProfit": 46343000000,
    "grossProfitRatio": 0.6910986176,
    "researchAndDevelopmentExpenses": 9358000000,
    "generalAndAdministrativeExpenses": 0,
    "sellingAndMarketingExpenses": 0,
    "sellingGeneralAndAdministrativeExpenses": 19253000000,
    "otherExpenses": 0,
    "operatingExpenses": 28611000000,
    "costAndExpenses": 49325000000,
    "interestIncome": 402000000,
    "interestExpense": 1797000000,
    "depreciationAndAmortization": 8487000000,
    "ebitda": 19566000000,
    "ebitdaratio": 0.2917816186,
    "operatingIncome": 17732000000,
    "operatingIncomeRatio": 0.2644317521,
    "totalOtherIncomeExpensesNet": -8450000000,
    "incomeBeforeTax": 9282000000,
    "incomeBeforeTaxRatio": 0.1384195535,
    "incomeTaxExpense": 1071000000,
    "netIncome": 8268000000,
    "netIncomeRatio": 0.1232980897,
    "eps": 1.03,
    "epsdiluted": 1.02,
    "weightedAverageShsOut": 8036000000,
    "weightedAverageShsOutDil": 8074000000,
    "link": "https://www.sec.gov/Archives/edgar/data/78003/000119312511048877/0001193125-11-048877-index.htm",
    "finalLink": "https://www.sec.gov/Archives/edgar/data/78003/000119312511048877/d10k.htm"
  },
  {
    "date": "2009-12-31",
    "symbol": "PFE",
    "reportedCurrency": "USD",
    "cik": "0000078003",
    "fillingDate": "2010-02-26",
    "acceptedDate": "2010-02-26 13:43:14",
    "calendarYear": "2009",
    "period": "FY",
    "revenue": 50009000000,
    "costOfRevenue": 11590000000,
    "grossProfit": 38419000000,
    "grossProfitRatio": 0.7682417165,
    "researchAndDevelopmentExpenses": 7754000000,
    "generalAndAdministrativeExpenses": 0,
    "sellingAndMarketingExpenses": 0,
    "sellingGeneralAndAdministrativeExpenses": 14656000000,
    "otherExpenses": 0,
    "operatingExpenses": 22410000000,
    "costAndExpenses": 34000000000,
    "interestIncome": 746000000,
    "interestExpense": 1233000000,
    "depreciationAndAmortization": 4757000000,
    "ebitda": 16817000000,
    "ebitdaratio": 0.3362794697,
    "operatingIncome": 16009000000,
    "operatingIncomeRatio": 0.320122378,
    "totalOtherIncomeExpensesNet": -5182000000,
    "incomeBeforeTax": 10827000000,
    "incomeBeforeTaxRatio": 0.2165010298,
    "incomeTaxExpense": 2197000000,
    "netIncome": 8635000000,
    "netIncomeRatio": 0.1726689196,
    "eps": 1.23,
    "epsdiluted": 1.23,
    "weightedAverageShsOut": 7007000000,
    "weightedAverageShsOutDil": 7045000000,
    "link": "https://www.sec.gov/Archives/edgar/data/78003/000119312510042425/0001193125-10-042425-index.htm",
    "finalLink": "https://www.sec.gov/Archives/edgar/data/78003/000119312510042425/d10k.htm"
  },
  {
    "date": "2008-12-31",
    "symbol": "PFE",
    "reportedCurrency": "USD",
    "cik": "0000078003",
    "fillingDate": "2009-02-27",
    "acceptedDate": "2009-02-27 12:59:38",
    "calendarYear": "2008",
    "period": "FY",
    "revenue": 48296000000,
    "costOfRevenue": 10035000000,
    "grossProfit": 38261000000,
    "grossProfitRatio": 0.7922188173,
    "researchAndDevelopmentExpenses": 7512000000,
    "generalAndAdministrativeExpenses": 0,
    "sellingAndMarketingExpenses": 0,
    "sellingGeneralAndAdministrativeExpenses": 14124000000,
    "otherExpenses": 0,
    "operatingExpenses": 21636000000,
    "costAndExpenses": 31671000000,
    "interestIncome": 1288000000,
    "interestExpense": 516000000,
    "depreciationAndAmortization": 5090000000,
    "ebitda": 15300000000,
    "ebitdaratio": 0.3167964221,
    "operatingIncome": 16625000000,
    "operatingIncomeRatio": 0.3442314063,
    "totalOtherIncomeExpensesNet": -6931000000,
    "incomeBeforeTax": 9694000000,
    "incomeBeforeTaxRatio": 0.2007205566,
    "incomeTaxExpense": 1645000000,
    "netIncome": 8024000000,
    "netIncomeRatio": 0.1661421236,
    "eps": 1.1924,
    "epsdiluted": 1.1887,
    "weightedAverageShsOut": 6727000000,
    "weightedAverageShsOutDil": 6750000000,
    "link": "https://www.sec.gov/Archives/edgar/data/78003/000119312509040568/0001193125-09-040568-index.htm",
    "finalLink": "https://www.sec.gov/Archives/edgar/data/78003/000119312509040568/d10k.htm"
  },
  {
    "date": "2007-12-31",
    "symbol": "PFE",
    "reportedCurrency": "USD",
    "cik": "0000078003",
    "fillingDate": "2008-02-29",
    "acceptedDate": "2008-02-29 15:05:57",
    "calendarYear": "2007",
    "period": "FY",
    "revenue": 48428000000,
    "costOfRevenue": 11725000000,
    "grossProfit": 36703000000,
    "grossProfitRatio": 0.7578879987,
    "researchAndDevelopmentExpenses": 7573000000,
    "generalAndAdministrativeExpenses": 0,
    "sellingAndMarketingExpenses": 0,
    "sellingGeneralAndAdministrativeExpenses": 15207000000,
    "otherExpenses": 0,
    "operatingExpenses": 22780000000,
    "costAndExpenses": 34505000000,
    "interestIncome": 1496000000,
    "interestExpense": 397000000,
    "depreciationAndAmortization": 5200000000,
    "ebitda": 14875000000,
    "ebitdaratio": 0.3071570166,
    "operatingIncome": 13923000000,
    "operatingIncomeRatio": 0.2874989675,
    "totalOtherIncomeExpensesNet": -4645000000,
    "incomeBeforeTax": 9278000000,
    "incomeBeforeTaxRatio": 0.1915833815,
    "incomeTaxExpense": 1023000000,
    "netIncome": 8210000000,
    "netIncomeRatio": 0.169530024,
    "eps": 1.1864,
    "epsdiluted": 1.1832,
    "weightedAverageShsOut": 6917000000,
    "weightedAverageShsOutDil": 6939000000,
    "link": "https://www.sec.gov/Archives/edgar/data/78003/000093041308001360/0000930413-08-001360-index.htm",
    "finalLink": "https://www.sec.gov/Archives/edgar/data/78003/000093041308001360/c52104_10-k.htm"
  },
  {
    "date": "2006-12-31",
    "symbol": "PFE",
    "reportedCurrency": "USD",
    "cik": "0000078003",
    "fillingDate": "2007-03-01",
    "acceptedDate": "2007-02-28 18:17:54",
    "calendarYear": "2006",
    "period": "FY",
    "revenue": 48371000000,
    "costOfRevenue": 10509000000,
    "grossProfit": 37862000000,
    "grossProfitRatio": 0.7827417254,
    "researchAndDevelopmentExpenses": 7423000000,
    "generalAndAdministrativeExpenses": 0,
    "sellingAndMarketingExpenses": 0,
    "sellingGeneralAndAdministrativeExpenses": 15346000000,
    "otherExpenses": 0,
    "operatingExpenses": 22769000000,
    "costAndExpenses": 33278000000,
    "interestIncome": 925000000,
    "interestExpense": 488000000,
    "depreciationAndAmortization": 5293000000,
    "ebitda": 18809000000,
    "ebitdaratio": 0.3888486903,
    "operatingIncome": 15093000000,
    "operatingIncomeRatio": 0.3120258006,
    "totalOtherIncomeExpensesNet": -2065000000,
    "incomeBeforeTax": 13028000000,
    "incomeBeforeTaxRatio": 0.2693349321,
    "incomeTaxExpense": 1992000000,
    "netIncome": 11024000000,
    "netIncomeRatio": 0.2279051498,
    "eps": 1.52,
    "epsdiluted": 1.52,
    "weightedAverageShsOut": 7242000000,
    "weightedAverageShsOutDil": 7274000000,
    "link": "https://www.sec.gov/Archives/edgar/data/78003/000093041307001807/0000930413-07-001807-index.htm",
    "finalLink": "https://www.sec.gov/Archives/edgar/data/78003/000093041307001807/c46660_10k.htm"
  },
  {
    "date": "2005-12-31",
    "symbol": "PFE",
    "reportedCurrency": "USD",
    "cik": "0000078003",
    "fillingDate": "2006-03-01",
    "acceptedDate": "2006-02-28 21:25:00",
    "calendarYear": "2005",
    "period": "FY",
    "revenue": 47405000000,
    "costOfRevenue": 10507000000,
    "grossProfit": 36898000000,
    "grossProfitRatio": 0.7783567134,
    "researchAndDevelopmentExpenses": 7206000000,
    "generalAndAdministrativeExpenses": 0,
    "sellingAndMarketingExpenses": 0,
    "sellingGeneralAndAdministrativeExpenses": 15162000000,
    "otherExpenses": 0,
    "operatingExpenses": 22368000000,
    "costAndExpenses": 32875000000,
    "interestIncome": 740000000,
    "interestExpense": 471000000,
    "depreciationAndAmortization": 5576000000,
    "ebitda": 16847000000,
    "ebitdaratio": 0.3553844531,
    "operatingIncome": 14530000000,
    "operatingIncomeRatio": 0.3065077523,
    "totalOtherIncomeExpensesNet": -3730000000,
    "incomeBeforeTax": 10800000000,
    "incomeBeforeTaxRatio": 0.2278240692,
    "incomeTaxExpense": 3178000000,
    "netIncome": 7610000000,
    "netIncomeRatio": 0.1605315895,
    "eps": 1.03,
    "epsdiluted": 1.02,
    "weightedAverageShsOut": 7361000000,
    "weightedAverageShsOutDil": 7411000000,
    "link": "https://www.sec.gov/Archives/edgar/data/78003/000093041306001567/0000930413-06-001567-index.htm",
    "finalLink": "https://www.sec.gov/Archives/edgar/data/78003/000093041306001567/c40966_10k.htm"
  },
  {
    "date": "2004-12-31",
    "symbol": "PFE",
    "reportedCurrency": "USD",
    "cik": "0000078003",
    "fillingDate": "2005-02-28",
    "acceptedDate": "2005-02-28 14:29:40",
    "calendarYear": "2004",
    "period": "FY",
    "revenue": 52516000000,
    "costOfRevenue": 10905000000,
    "grossProfit": 41611000000,
    "grossProfitRatio": 0.7923489984,
    "researchAndDevelopmentExpenses": 7620000000,
    "generalAndAdministrativeExpenses": 0,
    "sellingAndMarketingExpenses": 0,
    "sellingGeneralAndAdministrativeExpenses": 16903000000,
    "otherExpenses": 0,
    "operatingExpenses": 24523000000,
    "costAndExpenses": 35428000000,
    "interestIncome": 346000000,
    "interestExpense": 347000000,
    "depreciationAndAmortization": 5093000000,
    "ebitda": 19447000000,
    "ebitdaratio": 0.3703061924,
    "operatingIncome": 17088000000,
    "operatingIncomeRatio": 0.3253865489,
    "totalOtherIncomeExpensesNet": -3081000000,
    "incomeBeforeTax": 14007000000,
    "incomeBeforeTaxRatio": 0.2667187143,
    "incomeTaxExpense": 2665000000,
    "netIncome": 11332000000,
    "netIncomeRatio": 0.215781857,
    "eps": 1.51,
    "epsdiluted": 1.49,
    "weightedAverageShsOut": 7531000000,
    "weightedAverageShsOutDil": 7614000000,
    "link": "https://www.sec.gov/Archives/edgar/data/78003/000095012305002379/0000950123-05-002379-index.htm",
    "finalLink": "https://www.sec.gov/Archives/edgar/data/78003/000095012305002379/y06124e10vk.htm"
  },
  {
    "date": "2003-12-31",
    "symbol": "PFE",
    "reportedCurrency": "USD",
    "cik": "0000078003",
    "fillingDate": "2004-03-10",
    "acceptedDate": "2004-03-10 11:17:20",
    "calendarYear": "2003",
    "period": "FY",
    "revenue": 45188000000,
    "costOfRevenue": 9832000000,
    "grossProfit": 35356000000,
    "grossProfitRatio": 0.7824201115,
    "researchAndDevelopmentExpenses": 7131000000,
    "generalAndAdministrativeExpenses": 0,
    "sellingAndMarketingExpenses": 0,
    "sellingGeneralAndAdministrativeExpenses": 15242000000,
    "otherExpenses": 2183000000,
    "operatingExpenses": 24556000000,
    "costAndExpenses": 34388000000,
    "interestIncome": 0,
    "interestExpense": 0,
    "depreciationAndAmortization": 4078000000,
    "ebitda": 14390000000,
    "ebitdaratio": 0.3184473754,
    "operatingIncome": 10800000000,
    "operatingIncomeRatio": 0.2390015048,
    "totalOtherIncomeExpensesNet": -7102000000,
    "incomeBeforeTax": 3263000000,
    "incomeBeforeTaxRatio": 0.0722094361,
    "incomeTaxExpense": 1621000000,
    "netIncome": 3910000000,
    "netIncomeRatio": 0.0865273967,
    "eps": 0.54,
    "epsdiluted": 0.54,
    "weightedAverageShsOut": 7213000000,
    "weightedAverageShsOutDil": 7286000000,
    "link": "https://www.sec.gov/Archives/edgar/data/78003/000095012304003064/0000950123-04-003064-index.htm",
    "finalLink": "https://www.sec.gov/Archives/edgar/data/78003/000095012304003064/y94722e10vk.htm"
  },
  {
    "date": "2002-12-31",
    "symbol": "PFE",
    "reportedCurrency": "USD",
    "cik": "0000078003",
    "fillingDate": "2003-03-27",
    "acceptedDate": "2003-03-27 15:04:15",
    "calendarYear": "2002",
    "period": "FY",
    "revenue": 32373000000,
    "costOfRevenue": 4045000000,
    "grossProfit": 28328000000,
    "grossProfitRatio": 0.8750501962,
    "researchAndDevelopmentExpenses": 5176000000,
    "generalAndAdministrativeExpenses": 0,
    "sellingAndMarketingExpenses": 0,
    "sellingGeneralAndAdministrativeExpenses": 10846000000,
    "otherExpenses": 28000000,
    "operatingExpenses": 16050000000,
    "costAndExpenses": 20095000000,
    "interestIncome": 0,
    "interestExpense": 0,
    "depreciationAndAmortization": 1036000000,
    "ebitda": 13257000000,
    "ebitdaratio": 0.4095079233,
    "operatingIncome": 12278000000,
    "operatingIncomeRatio": 0.3792666728,
    "totalOtherIncomeExpensesNet": -425000000,
    "incomeBeforeTax": 11796000000,
    "incomeBeforeTaxRatio": 0.3643777222,
    "incomeTaxExpense": 2609000000,
    "netIncome": 9126000000,
    "netIncomeRatio": 0.2819015847,
    "eps": 1.48,
    "epsdiluted": 1.46,
    "weightedAverageShsOut": 6156000000,
    "weightedAverageShsOutDil": 6241000000,
    "link": "https://www.sec.gov/Archives/edgar/data/78003/000095012303003360/0000950123-03-003360-index.htm",
    "finalLink": "https://www.sec.gov/Archives/edgar/data/78003/000095012303003360/y83976e10vk.htm"
  },
  {
    "date": "2001-12-31",
    "symbol": "PFE",
    "reportedCurrency": "USD",
    "cik": "0000078003",
    "fillingDate": "2002-03-28",
    "acceptedDate": "2002-03-28 00:00:00",
    "calendarYear": "2001",
    "period": "FY",
    "revenue": 32259000000,
    "costOfRevenue": 5034000000,
    "grossProfit": 27225000000,
    "grossProfitRatio": 0.8439505254,
    "researchAndDevelopmentExpenses": 4847000000,
    "generalAndAdministrativeExpenses": 11299000000,
    "sellingAndMarketingExpenses": 0,
    "sellingGeneralAndAdministrativeExpenses": 11299000000,
    "otherExpenses": 103000000,
    "operatingExpenses": 16249000000,
    "costAndExpenses": 21283000000,
    "interestIncome": 0,
    "interestExpense": 0,
    "depreciationAndAmortization": 1068000000,
    "ebitda": 11586000000,
    "ebitdaratio": 0.3591555845,
    "operatingIncome": 10976000000,
    "operatingIncomeRatio": 0.3402461329,
    "totalOtherIncomeExpensesNet": -992000000,
    "incomeBeforeTax": 10329000000,
    "incomeBeforeTaxRatio": 0.3201897145,
    "incomeTaxExpense": 2561000000,
    "netIncome": 7788000000,
    "netIncomeRatio": 0.2414209988,
    "eps": 1.25,
    "epsdiluted": 1.22,
    "weightedAverageShsOut": 6239000000,
    "weightedAverageShsOutDil": 6361000000,
    "link": "https://www.sec.gov/Archives/edgar/data/78003/000095012302003116/0000950123-02-003116-index.htm",
    "finalLink": "https://www.sec.gov/Archives/edgar/data/78003/000095012302003116/y58494e10-k.htm"
  },
  {
    "date": "2000-12-31",
    "symbol": "PFE",
    "reportedCurrency": "USD",
    "cik": "0000078003",
    "fillingDate": "2001-03-28",
    "acceptedDate": "2001-03-28 00:00:00",
    "calendarYear": "2000",
    "period": "FY",
    "revenue": 29574000000,
    "costOfRevenue": 4059000000,
    "grossProfit": 25515000000,
    "grossProfitRatio": 0.8627510651,
    "researchAndDevelopmentExpenses": 4435000000,
    "generalAndAdministrativeExpenses": 11442000000,
    "sellingAndMarketingExpenses": 0,
    "sellingGeneralAndAdministrativeExpenses": 11442000000,
    "otherExpenses": 968000000,
    "operatingExpenses": 16845000000,
    "costAndExpenses": 20904000000,
    "interestIncome": 0,
    "interestExpense": 0,
    "depreciationAndAmortization": 968000000,
    "ebitda": 9538000000,
    "ebitdaratio": 0.3225130182,
    "operatingIncome": 8670000000,
    "operatingIncomeRatio": 0.2931629134,
    "totalOtherIncomeExpensesNet": -2903000000,
    "incomeBeforeTax": 5767000000,
    "incomeBeforeTaxRatio": 0.1950023669,
    "incomeTaxExpense": 2049000000,
    "netIncome": 3726000000,
    "netIncomeRatio": 0.1259890444,
    "eps": 0.6,
    "epsdiluted": 0.59,
    "weightedAverageShsOut": 6210000000,
    "weightedAverageShsOutDil": 6368000000,
    "link": "https://www.sec.gov/Archives/edgar/data/78003/000095012301002716/0000950123-01-002716-index.htm",
    "finalLink": "https://www.sec.gov/Archives/edgar/data/78003/000095012301002716/y46668e10-k405.htm"
  },
  {
    "date": "1999-12-31",
    "symbol": "PFE",
    "reportedCurrency": "USD",
    "cik": "0000078003",
    "fillingDate": "2000-03-27",
    "acceptedDate": "2000-03-27 00:00:00",
    "calendarYear": "1999",
    "period": "FY",
    "revenue": 16204000000,
    "costOfRevenue": 1986000000,
    "grossProfit": 14218000000,
    "grossProfitRatio": 0.8774376697,
    "researchAndDevelopmentExpenses": 2776000000,
    "generalAndAdministrativeExpenses": 6351000000,
    "sellingAndMarketingExpenses": 0,
    "sellingGeneralAndAdministrativeExpenses": 6351000000,
    "otherExpenses": 542000000,
    "operatingExpenses": 9669000000,
    "costAndExpenses": 11655000000,
    "interestIncome": 0,
    "interestExpense": 0,
    "depreciationAndAmortization": 542000000,
    "ebitda": 7867000000,
    "ebitdaratio": 0.485497408,
    "operatingIncome": 4549000000,
    "operatingIncomeRatio": 0.2807331523,
    "totalOtherIncomeExpensesNet": -17000000,
    "incomeBeforeTax": 4443000000,
    "incomeBeforeTaxRatio": 0.2741915576,
    "incomeTaxExpense": 1244000000,
    "netIncome": 3179000000,
    "netIncomeRatio": 0.1961861269,
    "eps": 0.81,
    "epsdiluted": 0.78,
    "weightedAverageShsOut": 6126000000,
    "weightedAverageShsOutDil": 6317000000,
    "link": "https://www.sec.gov/Archives/edgar/data/78003/000093041300000548/0000930413-00-000548-index.html",
    "finalLink": "https://www.sec.gov/Archives/edgar/data/78003/000093041300000548/"
  },
  {
    "date": "1998-12-31",
    "symbol": "PFE",
    "reportedCurrency": "USD",
    "cik": "0000078003",
    "fillingDate": "1999-03-26",
    "acceptedDate": "1999-03-26 00:00:00",
    "calendarYear": "1998",
    "period": "FY",
    "revenue": 13544000000,
    "costOfRevenue": 1605000000,
    "grossProfit": 11939000000,
    "grossProfitRatio": 0.881497342,
    "researchAndDevelopmentExpenses": 2279000000,
    "generalAndAdministrativeExpenses": 5568000000,
    "sellingAndMarketingExpenses": 0,
    "sellingGeneralAndAdministrativeExpenses": 5568000000,
    "otherExpenses": 489000000,
    "operatingExpenses": 8336000000,
    "costAndExpenses": 9941000000,
    "interestIncome": 0,
    "interestExpense": 0,
    "depreciationAndAmortization": 489000000,
    "ebitda": 6148000000,
    "ebitdaratio": 0.4539279386,
    "operatingIncome": 3603000000,
    "operatingIncomeRatio": 0.2660218547,
    "totalOtherIncomeExpensesNet": -956000000,
    "incomeBeforeTax": 2592000000,
    "incomeBeforeTaxRatio": 0.1913762552,
    "incomeTaxExpense": 642000000,
    "netIncome": 3351000000,
    "netIncomeRatio": 0.2474158299,
    "eps": 0.89,
    "epsdiluted": 0.85,
    "weightedAverageShsOut": 3786000000,
    "weightedAverageShsOutDil": 3938500000,
    "link": "https://www.sec.gov/Archives/edgar/data/78003/000093041399000431/0000930413-99-000431-index.html",
    "finalLink": "https://www.sec.gov/Archives/edgar/data/78003/"
  },
  {
    "date": "1997-12-31",
    "symbol": "PFE",
    "reportedCurrency": "USD",
    "cik": "0000078003",
    "fillingDate": "1998-03-26",
    "acceptedDate": "1998-03-26 00:00:00",
    "calendarYear": "1997",
    "period": "FY",
    "revenue": 12504000000,
    "costOfRevenue": 1772000000,
    "grossProfit": 10732000000,
    "grossProfitRatio": 0.8582853487,
    "researchAndDevelopmentExpenses": 1928000000,
    "generalAndAdministrativeExpenses": 4956000000,
    "sellingAndMarketingExpenses": 0,
    "sellingGeneralAndAdministrativeExpenses": 4956000000,
    "otherExpenses": 502000000,
    "operatingExpenses": 7386000000,
    "costAndExpenses": 9158000000,
    "interestIncome": 0,
    "interestExpense": 0,
    "depreciationAndAmortization": 502000000,
    "ebitda": 3501000000,
    "ebitdaratio": 0.2799904031,
    "operatingIncome": 3346000000,
    "operatingIncomeRatio": 0.2675943698,
    "totalOtherIncomeExpensesNet": -216000000,
    "incomeBeforeTax": 3078000000,
    "incomeBeforeTaxRatio": 0.2461612284,
    "incomeTaxExpense": 865000000,
    "netIncome": 2213000000,
    "netIncomeRatio": 0.1769833653,
    "eps": 0.58,
    "epsdiluted": 0.56,
    "weightedAverageShsOut": 3815517241,
    "weightedAverageShsOutDil": 3951785714,
    "link": "https://www.sec.gov/Archives/edgar/data/78003/000094018098000332/0000940180-98-000332-index.html",
    "finalLink": "https://www.sec.gov/Archives/edgar/data/78003/"
  },
  {
    "date": "1996-12-31",
    "symbol": "PFE",
    "reportedCurrency": "USD",
    "cik": "0000078003",
    "fillingDate": "1997-03-28",
    "acceptedDate": "1997-03-28 00:00:00",
    "calendarYear": "1996",
    "period": "FY",
    "revenue": 11306000000,
    "costOfRevenue": 1746000000,
    "grossProfit": 9560000000,
    "grossProfitRatio": 0.8455687246,
    "researchAndDevelopmentExpenses": 0,
    "generalAndAdministrativeExpenses": 6050000000,
    "sellingAndMarketingExpenses": 0,
    "sellingGeneralAndAdministrativeExpenses": 6050000000,
    "otherExpenses": 430000000,
    "operatingExpenses": 6480000000,
    "costAndExpenses": 8226000000,
    "interestIncome": 0,
    "interestExpense": 0,
    "depreciationAndAmortization": 430000000,
    "ebitda": 3102000000,
    "ebitdaratio": 0.2743675924,
    "operatingIncome": 3080000000,
    "operatingIncomeRatio": 0.272421723,
    "totalOtherIncomeExpensesNet": -221000000,
    "incomeBeforeTax": 2798000000,
    "incomeBeforeTaxRatio": 0.2474792146,
    "incomeTaxExpense": 869000000,
    "netIncome": 1929000000,
    "netIncomeRatio": 0.1706173713,
    "eps": 0.52,
    "epsdiluted": 0.5,
    "weightedAverageShsOut": 3709615385,
    "weightedAverageShsOutDil": 3858000000,
    "link": "https://www.sec.gov/Archives/edgar/data/78003/000095011697000605/0000950116-97-000605-index.html",
    "finalLink": "https://www.sec.gov/Archives/edgar/data/78003/"
  },
  {
    "date": "1995-12-31",
    "symbol": "PFE",
    "reportedCurrency": "USD",
    "cik": "0000078003",
    "fillingDate": "1996-03-29",
    "acceptedDate": "1996-03-29 00:00:00",
    "calendarYear": "1995",
    "period": "FY",
    "revenue": 10021400000,
    "costOfRevenue": 1790100000,
    "grossProfit": 8231300000,
    "grossProfitRatio": 0.8213722634,
    "researchAndDevelopmentExpenses": 0,
    "generalAndAdministrativeExpenses": 5297100000,
    "sellingAndMarketingExpenses": 0,
    "sellingGeneralAndAdministrativeExpenses": 5297100000,
    "otherExpenses": 374000000,
    "operatingExpenses": 5671100000,
    "costAndExpenses": 7461200000,
    "interestIncome": 0,
    "interestExpense": 0,
    "depreciationAndAmortization": 374000000,
    "ebitda": 2934200000,
    "ebitdaratio": 0.2927934221,
    "operatingIncome": 2560200000,
    "operatingIncomeRatio": 0.2554732872,
    "totalOtherIncomeExpensesNet": -268000000,
    "incomeBeforeTax": 2292200000,
    "incomeBeforeTaxRatio": 0.2287305167,
    "incomeTaxExpense": 738000000,
    "netIncome": 1572900000,
    "netIncomeRatio": 0.1569541182,
    "eps": 0.42,
    "epsdiluted": 0.42,
    "weightedAverageShsOut": 3774960000,
    "weightedAverageShsOutDil": 3774960000,
    "link": "https://www.sec.gov/Archives/edgar/data/78003/000091205796005586/0000912057-96-005586-index.html",
    "finalLink": "https://www.sec.gov/Archives/edgar/data/78003/"
  },
  {
    "date": "1994-12-31",
    "symbol": "PFE",
    "reportedCurrency": "USD",
    "cik": "0000078003",
    "fillingDate": "1995-03-24",
    "acceptedDate": "1995-03-24 00:00:00",
    "calendarYear": "1994",
    "period": "FY",
    "revenue": 8281300000,
    "costOfRevenue": 1626600000,
    "grossProfit": 6654700000,
    "grossProfitRatio": 0.8035815633,
    "researchAndDevelopmentExpenses": 0,
    "generalAndAdministrativeExpenses": 4390200000,
    "sellingAndMarketingExpenses": 0,
    "sellingGeneralAndAdministrativeExpenses": 4390200000,
    "otherExpenses": 292000000,
    "operatingExpenses": 4682200000,
    "costAndExpenses": 6308800000,
    "interestIncome": 0,
    "interestExpense": 0,
    "depreciationAndAmortization": 292000000,
    "ebitda": 2264500000,
    "ebitdaratio": 0.2734474056,
    "operatingIncome": 1972500000,
    "operatingIncomeRatio": 0.2381872411,
    "totalOtherIncomeExpensesNet": -115600000,
    "incomeBeforeTax": 1856900000,
    "incomeBeforeTaxRatio": 0.2242280801,
    "incomeTaxExpense": 558500000,
    "netIncome": 1298400000,
    "netIncomeRatio": 0.1567869779,
    "eps": 0.35,
    "epsdiluted": 0.35,
    "weightedAverageShsOut": 3718568019,
    "weightedAverageShsOutDil": 3718568019,
    "link": "https://www.sec.gov/Archives/edgar/data/78003/000091205795001635/0000912057-95-001635-index.html",
    "finalLink": "https://www.sec.gov/Archives/edgar/data/78003/"
  },
  {
    "date": "1993-12-31",
    "symbol": "PFE",
    "reportedCurrency": "USD",
    "cik": "0000078003",
    "fillingDate": "1994-03-25",
    "acceptedDate": "1994-03-25 00:00:00",
    "calendarYear": "1993",
    "period": "FY",
    "revenue": 7477700000,
    "costOfRevenue": 1513800000,
    "grossProfit": 5963900000,
    "grossProfitRatio": 0.7975580727,
    "researchAndDevelopmentExpenses": 0,
    "generalAndAdministrativeExpenses": 0,
    "sellingAndMarketingExpenses": 0,
    "sellingGeneralAndAdministrativeExpenses": 4792400000,
    "otherExpenses": 258200000,
    "operatingExpenses": 5050600000,
    "costAndExpenses": 6564400000,
    "interestIncome": 0,
    "interestExpense": 0,
    "depreciationAndAmortization": 258200000,
    "ebitda": 1171500000,
    "ebitdaratio": 0.1566658197,
    "operatingIncome": 913300000,
    "operatingIncomeRatio": 0.1221364858,
    "totalOtherIncomeExpensesNet": -64500000,
    "incomeBeforeTax": 848800000,
    "incomeBeforeTaxRatio": 0.1135108389,
    "incomeTaxExpense": 191300000,
    "netIncome": 657500000,
    "netIncomeRatio": 0.0879281062,
    "eps": 0.17,
    "epsdiluted": 0.17,
    "weightedAverageShsOut": 3867647059,
    "weightedAverageShsOutDil": 3867647059,
    "link": "https://www.sec.gov/Archives/edgar/data/78003/000089155494000029/0000891554-94-000029-index.html",
    "finalLink": "https://www.sec.gov/Archives/edgar/data/78003/"
  },
  {
    "date": "1992-12-31",
    "symbol": "PFE",
    "reportedCurrency": "USD",
    "cik": "0000078003",
    "fillingDate": "1992-12-31",
    "acceptedDate": "1992-12-31 00:00:00",
    "calendarYear": "1992",
    "period": "FY",
    "revenue": 7230200000,
    "costOfRevenue": 1760400000,
    "grossProfit": 5469800000,
    "grossProfitRatio": 0.7565212581,
    "researchAndDevelopmentExpenses": 0,
    "generalAndAdministrativeExpenses": 0,
    "sellingAndMarketingExpenses": 0,
    "sellingGeneralAndAdministrativeExpenses": 3762500000,
    "otherExpenses": 263900000,
    "operatingExpenses": 4026400000,
    "costAndExpenses": 5786800000,
    "interestIncome": 0,
    "interestExpense": 0,
    "depreciationAndAmortization": 263900000,
    "ebitda": 1707300000,
    "ebitdaratio": 0.2361345468,
    "operatingIncome": 1443400000,
    "operatingIncomeRatio": 0.1996348649,
    "totalOtherIncomeExpensesNet": 88700000,
    "incomeBeforeTax": 1532100000,
    "incomeBeforeTaxRatio": 0.2119028519,
    "incomeTaxExpense": 438600000,
    "netIncome": 810900000,
    "netIncomeRatio": 0.1121545739,
    "eps": 0.21,
    "epsdiluted": 0.2,
    "weightedAverageShsOut": 3861428571,
    "weightedAverageShsOutDil": 4054500000,
    "link": null,
    "finalLink": null
  },
  {
    "date": "1991-12-31",
    "symbol": "PFE",
    "reportedCurrency": "USD",
    "cik": "0000078003",
    "fillingDate": "1991-12-31",
    "acceptedDate": "1991-12-31 00:00:00",
    "calendarYear": "1991",
    "period": "FY",
    "revenue": 6950000000,
    "costOfRevenue": 1956500000,
    "grossProfit": 4993500000,
    "grossProfitRatio": 0.7184892086,
    "researchAndDevelopmentExpenses": 0,
    "generalAndAdministrativeExpenses": 0,
    "sellingAndMarketingExpenses": 0,
    "sellingGeneralAndAdministrativeExpenses": 3495900000,
    "otherExpenses": 244100000,
    "operatingExpenses": 3740000000,
    "costAndExpenses": 5696500000,
    "interestIncome": 0,
    "interestExpense": 0,
    "depreciationAndAmortization": 244100000,
    "ebitda": 1497600000,
    "ebitdaratio": 0.2154820144,
    "operatingIncome": 1253500000,
    "operatingIncomeRatio": 0.1803597122,
    "totalOtherIncomeExpensesNet": -313000000,
    "incomeBeforeTax": 940500000,
    "incomeBeforeTaxRatio": 0.135323741,
    "incomeTaxExpense": 218400000,
    "netIncome": 722100000,
    "netIncomeRatio": 0.1038992806,
    "eps": 0.19,
    "epsdiluted": 0.18,
    "weightedAverageShsOut": 3800526316,
    "weightedAverageShsOutDil": 4011666667,
    "link": null,
    "finalLink": null
  },
  {
    "date": "1990-12-31",
    "symbol": "PFE",
    "reportedCurrency": "USD",
    "cik": "0000078003",
    "fillingDate": "1990-12-31",
    "acceptedDate": "1990-12-31 00:00:00",
    "calendarYear": "1990",
    "period": "FY",
    "revenue": 6406000000,
    "costOfRevenue": 2034600000,
    "grossProfit": 4371400000,
    "grossProfitRatio": 0.682391508,
    "researchAndDevelopmentExpenses": 0,
    "generalAndAdministrativeExpenses": 0,
    "sellingAndMarketingExpenses": 0,
    "sellingGeneralAndAdministrativeExpenses": 3092800000,
    "otherExpenses": 224800000,
    "operatingExpenses": 3317600000,
    "costAndExpenses": 5352200000,
    "interestIncome": 0,
    "interestExpense": 0,
    "depreciationAndAmortization": 224800000,
    "ebitda": 1278600000,
    "ebitdaratio": 0.1995941305,
    "operatingIncome": 1053800000,
    "operatingIncomeRatio": 0.1645020293,
    "totalOtherIncomeExpensesNet": 45300000,
    "incomeBeforeTax": 1099100000,
    "incomeBeforeTaxRatio": 0.1715735248,
    "incomeTaxExpense": 297900000,
    "netIncome": 801200000,
    "netIncomeRatio": 0.1250702466,
    "eps": 0.21,
    "epsdiluted": 0.21,
    "weightedAverageShsOut": 3815238095,
    "weightedAverageShsOutDil": 3815238095,
    "link": null,
    "finalLink": null
  },
  {
    "date": "1989-12-31",
    "symbol": "PFE",
    "reportedCurrency": "USD",
    "cik": "0000078003",
    "fillingDate": "1989-12-31",
    "acceptedDate": "1989-12-31 00:00:00",
    "calendarYear": "1989",
    "period": "FY",
    "revenue": 5671500000,
    "costOfRevenue": 1855200000,
    "grossProfit": 3816300000,
    "grossProfitRatio": 0.6728907696,
    "researchAndDevelopmentExpenses": 0,
    "generalAndAdministrativeExpenses": 0,
    "sellingAndMarketingExpenses": 0,
    "sellingGeneralAndAdministrativeExpenses": 2641000000,
    "otherExpenses": 207100000,
    "operatingExpenses": 2848100000,
    "costAndExpenses": 4703300000,
    "interestIncome": 0,
    "interestExpense": 0,
    "depreciationAndAmortization": 207100000,
    "ebitda": 1175300000,
    "ebitdaratio": 0.2072291281,
    "operatingIncome": 968200000,
    "operatingIncomeRatio": 0.1707132152,
    "totalOtherIncomeExpensesNet": -55800000,
    "incomeBeforeTax": 912400000,
    "incomeBeforeTaxRatio": 0.1608745482,
    "incomeTaxExpense": 231300000,
    "netIncome": 681100000,
    "netIncomeRatio": 0.1200916865,
    "eps": 0.16,
    "epsdiluted": 0.16,
    "weightedAverageShsOut": 4256875000,
    "weightedAverageShsOutDil": 4256875000,
    "link": null,
    "finalLink": null
  },
  {
    "date": "1988-12-31",
    "symbol": "PFE",
    "reportedCurrency": "USD",
    "cik": "0000078003",
    "fillingDate": "1988-12-31",
    "acceptedDate": "1988-12-30 19:00:00",
    "calendarYear": "1988",
    "period": "FY",
    "revenue": 5385400000,
    "costOfRevenue": 1825600000,
    "grossProfit": 3559800000,
    "grossProfitRatio": 0.6610093958,
    "researchAndDevelopmentExpenses": 0,
    "generalAndAdministrativeExpenses": 0,
    "sellingAndMarketingExpenses": 0,
    "sellingGeneralAndAdministrativeExpenses": 2353400000,
    "otherExpenses": 194500000,
    "operatingExpenses": 2547900000,
    "costAndExpenses": 4373500000,
    "interestIncome": 0,
    "interestExpense": 0,
    "depreciationAndAmortization": 194500000,
    "ebitda": 1206400000,
    "ebitdaratio": 0.2240130724,
    "operatingIncome": 1011900000,
    "operatingIncomeRatio": 0.1878969065,
    "totalOtherIncomeExpensesNet": 88800000,
    "incomeBeforeTax": 1100700000,
    "incomeBeforeTaxRatio": 0.2043859323,
    "incomeTaxExpense": 309400000,
    "netIncome": 791300000,
    "netIncomeRatio": 0.1469343039,
    "eps": 0.19,
    "epsdiluted": 0.19,
    "weightedAverageShsOut": 4164736842,
    "weightedAverageShsOutDil": 4164736842,
    "link": "",
    "finalLink": ""
  },
  {
    "date": "1987-12-31",
    "symbol": "PFE",
    "reportedCurrency": "USD",
    "cik": "0000078003",
    "fillingDate": "1987-12-31",
    "acceptedDate": "1987-12-30 19:00:00",
    "calendarYear": "1987",
    "period": "FY",
    "revenue": 4919800000,
    "costOfRevenue": 1734900000,
    "grossProfit": 3184900000,
    "grossProfitRatio": 0.647363714,
    "researchAndDevelopmentExpenses": 0,
    "generalAndAdministrativeExpenses": 0,
    "sellingAndMarketingExpenses": 0,
    "sellingGeneralAndAdministrativeExpenses": 2082100000,
    "otherExpenses": 162000000,
    "operatingExpenses": 2244100000,
    "costAndExpenses": 3979000000,
    "interestIncome": 0,
    "interestExpense": 0,
    "depreciationAndAmortization": 162000000,
    "ebitda": 1102800000,
    "ebitdaratio": 0.2241554535,
    "operatingIncome": 940800000,
    "operatingIncomeRatio": 0.1912272857,
    "totalOtherIncomeExpensesNet": 66700000,
    "incomeBeforeTax": 1007500000,
    "incomeBeforeTaxRatio": 0.2047847473,
    "incomeTaxExpense": 317300000,
    "netIncome": 690200000,
    "netIncomeRatio": 0.1402902557,
    "eps": 0.17,
    "epsdiluted": 0.17,
    "weightedAverageShsOut": 4060000000,
    "weightedAverageShsOutDil": 4060000000,
    "link": "",
    "finalLink": ""
  },
  {
    "date": "1986-12-31",
    "symbol": "PFE",
    "reportedCurrency": "USD",
    "cik": "0000078003",
    "fillingDate": "1986-12-31",
    "acceptedDate": "1986-12-30 19:00:00",
    "calendarYear": "1986",
    "period": "FY",
    "revenue": 4476000000,
    "costOfRevenue": 1573300000,
    "grossProfit": 2902700000,
    "grossProfitRatio": 0.6485031278,
    "researchAndDevelopmentExpenses": 0,
    "generalAndAdministrativeExpenses": 0,
    "sellingAndMarketingExpenses": 0,
    "sellingGeneralAndAdministrativeExpenses": 1795900000,
    "otherExpenses": 147100000,
    "operatingExpenses": 1943000000,
    "costAndExpenses": 3516300000,
    "interestIncome": 0,
    "interestExpense": 0,
    "depreciationAndAmortization": 147100000,
    "ebitda": 1106800000,
    "ebitdaratio": 0.2472743521,
    "operatingIncome": 959700000,
    "operatingIncomeRatio": 0.2144101877,
    "totalOtherIncomeExpensesNet": 1000000,
    "incomeBeforeTax": 960700000,
    "incomeBeforeTaxRatio": 0.2146336014,
    "incomeTaxExpense": 300700000,
    "netIncome": 660000000,
    "netIncomeRatio": 0.1474530831,
    "eps": 0.16,
    "epsdiluted": 0.16,
    "weightedAverageShsOut": 4125000000,
    "weightedAverageShsOutDil": 4125000000,
    "link": "",
    "finalLink": ""
  },
  {
    "date": "1985-12-31",
    "symbol": "PFE",
    "reportedCurrency": "USD",
    "cik": "0000078003",
    "fillingDate": "1985-12-31",
    "acceptedDate": "1985-12-30 19:00:00",
    "calendarYear": "1985",
    "period": "FY",
    "revenue": 4024500000,
    "costOfRevenue": 1416200000,
    "grossProfit": 2608300000,
    "grossProfitRatio": 0.6481053547,
    "researchAndDevelopmentExpenses": 0,
    "generalAndAdministrativeExpenses": 0,
    "sellingAndMarketingExpenses": 0,
    "sellingGeneralAndAdministrativeExpenses": 1598800000,
    "otherExpenses": 129500000,
    "operatingExpenses": 1728300000,
    "costAndExpenses": 3144500000,
    "interestIncome": 0,
    "interestExpense": 0,
    "depreciationAndAmortization": 129500000,
    "ebitda": 1009500000,
    "ebitdaratio": 0.2508386135,
    "operatingIncome": 880000000,
    "operatingIncomeRatio": 0.2186607032,
    "totalOtherIncomeExpensesNet": -3900000,
    "incomeBeforeTax": 876100000,
    "incomeBeforeTaxRatio": 0.2176916387,
    "incomeTaxExpense": 296400000,
    "netIncome": 579700000,
    "netIncomeRatio": 0.1440427382,
    "eps": 0.14,
    "epsdiluted": 0.14,
    "weightedAverageShsOut": 4140714286,
    "weightedAverageShsOutDil": 4140714286,
    "link": "",
    "finalLink": ""
  }
]