[
  {
    "date": "2025-06-30",
    "symbol": "PFG",
    "reportedCurrency": "USD",
    "cik": "0001126328",
    "fillingDate": "2025-07-30",
    "acceptedDate": "2025-07-30 13:51:52",
    "calendarYear": "2025",
    "period": "Q2",
    "revenue": 3671300000,
    "costOfRevenue": 1849900000,
    "grossProfit": 1821400000,
    "grossProfitRatio": 0.4961185411,
    "researchAndDevelopmentExpenses": 0,
    "generalAndAdministrativeExpenses": 0,
    "sellingAndMarketingExpenses": 0,
    "sellingGeneralAndAdministrativeExpenses": 0,
    "otherExpenses": 1318300000,
    "operatingExpenses": 1318300000,
    "costAndExpenses": 3168200000,
    "interestIncome": 0,
    "interestExpense": 0,
    "depreciationAndAmortization": 0,
    "ebitda": 503100000,
    "ebitdaratio": 0.1370359273,
    "operatingIncome": 503100000,
    "operatingIncomeRatio": 0.1370359273,
    "totalOtherIncomeExpensesNet": 0,
    "incomeBeforeTax": 503100000,
    "incomeBeforeTaxRatio": 0.1370359273,
    "incomeTaxExpense": 69600000,
    "netIncome": 406200000,
    "netIncomeRatio": 0.1106420069,
    "eps": 1.81,
    "epsdiluted": 1.79,
    "weightedAverageShsOut": 224100000,
    "weightedAverageShsOutDil": 226500000,
    "link": "https://www.sec.gov/Archives/edgar/data/1126328/000141057825001534/0001410578-25-001534-index.htm",
    "finalLink": "https://www.sec.gov/Archives/edgar/data/1126328/000141057825001534/pfg-20250630x10q.htm"
  },
  {
    "date": "2025-03-31",
    "symbol": "PFG",
    "reportedCurrency": "USD",
    "cik": "0001126328",
    "fillingDate": "2025-04-30",
    "acceptedDate": "2025-04-30 15:13:56",
    "calendarYear": "2025",
    "period": "Q1",
    "revenue": 3695900000,
    "costOfRevenue": 2256900000,
    "grossProfit": 1439000000,
    "grossProfitRatio": 0.3893503612,
    "researchAndDevelopmentExpenses": 0,
    "generalAndAdministrativeExpenses": 0,
    "sellingAndMarketingExpenses": 0,
    "sellingGeneralAndAdministrativeExpenses": 0,
    "otherExpenses": 1410100000,
    "operatingExpenses": 1410100000,
    "costAndExpenses": 3667000000,
    "interestIncome": 0,
    "interestExpense": 0,
    "depreciationAndAmortization": 0,
    "ebitda": 28900000,
    "ebitdaratio": 0.0078194756,
    "operatingIncome": 28900000,
    "operatingIncomeRatio": 0.0078194756,
    "totalOtherIncomeExpensesNet": 0,
    "incomeBeforeTax": 28900000,
    "incomeBeforeTaxRatio": 0.0078194756,
    "incomeTaxExpense": -34000000,
    "netIncome": 48100000,
    "netIncomeRatio": 0.0130144214,
    "eps": 0.21,
    "epsdiluted": 0.21,
    "weightedAverageShsOut": 224971715,
    "weightedAverageShsOutDil": 224971715,
    "link": "https://www.sec.gov/Archives/edgar/data/1126328/000141057825001036/0001410578-25-001036-index.htm",
    "finalLink": "https://www.sec.gov/Archives/edgar/data/1126328/000141057825001036/pfg-20250331x10q.htm"
  },
  {
    "date": "2024-12-31",
    "symbol": "PFG",
    "reportedCurrency": "USD",
    "cik": "0001126328",
    "fillingDate": "2025-02-19",
    "acceptedDate": "2025-02-19 16:23:25",
    "calendarYear": "2024",
    "period": "Q4",
    "revenue": 4752000000,
    "costOfRevenue": 2243900000,
    "grossProfit": 2508100000,
    "grossProfitRatio": 0.5277988215,
    "researchAndDevelopmentExpenses": 0,
    "generalAndAdministrativeExpenses": 0,
    "sellingAndMarketingExpenses": 0,
    "sellingGeneralAndAdministrativeExpenses": 0,
    "otherExpenses": 1395700000,
    "operatingExpenses": 1395700000,
    "costAndExpenses": 3639600000,
    "interestIncome": 0,
    "interestExpense": 0,
    "depreciationAndAmortization": 0,
    "ebitda": 1112400000,
    "ebitdaratio": 0.2340909091,
    "operatingIncome": 1112400000,
    "operatingIncomeRatio": 0.2340909091,
    "totalOtherIncomeExpensesNet": 0,
    "incomeBeforeTax": 1112400000,
    "incomeBeforeTaxRatio": 0.2340909091,
    "incomeTaxExpense": 209900000,
    "netIncome": 905400000,
    "netIncomeRatio": 0.190530303,
    "eps": 4,
    "epsdiluted": 3.92,
    "weightedAverageShsOut": 226225161,
    "weightedAverageShsOutDil": 231200000,
    "link": "https://www.sec.gov/Archives/edgar/data/1126328/000141057825000160/0001410578-25-000160-index.htm",
    "finalLink": "https://www.sec.gov/Archives/edgar/data/1126328/000141057825000160/pfg-20241231x10k.htm"
  },
  {
    "date": "2024-09-30",
    "symbol": "PFG",
    "reportedCurrency": "USD",
    "cik": "0001126328",
    "fillingDate": "2024-10-30",
    "acceptedDate": "2024-10-30 12:18:48",
    "calendarYear": "2024",
    "period": "Q3",
    "revenue": 3011600000,
    "costOfRevenue": 1954600000,
    "grossProfit": 1057000000,
    "grossProfitRatio": 0.3509762253,
    "researchAndDevelopmentExpenses": 0,
    "generalAndAdministrativeExpenses": 0,
    "sellingAndMarketingExpenses": 0,
    "sellingGeneralAndAdministrativeExpenses": 0,
    "otherExpenses": 1350800000,
    "operatingExpenses": 1350800000,
    "costAndExpenses": 3305400000,
    "interestIncome": 0,
    "interestExpense": 0,
    "depreciationAndAmortization": 0,
    "ebitda": -293800000,
    "ebitdaratio": -0.0975561164,
    "operatingIncome": -293800000,
    "operatingIncomeRatio": -0.0975561164,
    "totalOtherIncomeExpensesNet": 0,
    "incomeBeforeTax": -293800000,
    "incomeBeforeTaxRatio": -0.0975561164,
    "incomeTaxExpense": -100400000,
    "netIncome": -220000000,
    "netIncomeRatio": -0.07305087,
    "eps": -0.95,
    "epsdiluted": -0.95,
    "weightedAverageShsOut": 230700000,
    "weightedAverageShsOutDil": 230700000,
    "link": "https://www.sec.gov/Archives/edgar/data/1126328/000141057824001713/0001410578-24-001713-index.htm",
    "finalLink": "https://www.sec.gov/Archives/edgar/data/1126328/000141057824001713/pfg-20240930x10q.htm"
  },
  {
    "date": "2024-06-30",
    "symbol": "PFG",
    "reportedCurrency": "USD",
    "cik": "0001126328",
    "fillingDate": "2024-07-31",
    "acceptedDate": "2024-07-31 14:47:58",
    "calendarYear": "2024",
    "period": "Q2",
    "revenue": 4310800000,
    "costOfRevenue": 2522300000,
    "grossProfit": 1788500000,
    "grossProfitRatio": 0.4148881878,
    "researchAndDevelopmentExpenses": 0,
    "generalAndAdministrativeExpenses": 0,
    "sellingAndMarketingExpenses": 0,
    "sellingGeneralAndAdministrativeExpenses": 0,
    "otherExpenses": 1344600000,
    "operatingExpenses": 1344600000,
    "costAndExpenses": 3866900000,
    "interestIncome": 0,
    "interestExpense": 0,
    "depreciationAndAmortization": 0,
    "ebitda": 443900000,
    "ebitdaratio": 0.102973926,
    "operatingIncome": 443900000,
    "operatingIncomeRatio": 0.102973926,
    "totalOtherIncomeExpensesNet": 0,
    "incomeBeforeTax": 443900000,
    "incomeBeforeTaxRatio": 0.102973926,
    "incomeTaxExpense": 87100000,
    "netIncome": 353100000,
    "netIncomeRatio": 0.0819105502,
    "eps": 1.51,
    "epsdiluted": 1.49,
    "weightedAverageShsOut": 233800000,
    "weightedAverageShsOutDil": 236600000,
    "link": "https://www.sec.gov/Archives/edgar/data/1126328/000141057824001133/0001410578-24-001133-index.htm",
    "finalLink": "https://www.sec.gov/Archives/edgar/data/1126328/000141057824001133/pfg-20240630x10q.htm"
  },
  {
    "date": "2024-03-31",
    "symbol": "PFG",
    "reportedCurrency": "USD",
    "cik": "0001126328",
    "fillingDate": "2024-05-01",
    "acceptedDate": "2024-05-01 14:57:22",
    "calendarYear": "2024",
    "period": "Q1",
    "revenue": 4053300000,
    "costOfRevenue": 2053500000,
    "grossProfit": 1999800000,
    "grossProfitRatio": 0.4933757679,
    "researchAndDevelopmentExpenses": 0,
    "generalAndAdministrativeExpenses": 0,
    "sellingAndMarketingExpenses": 0,
    "sellingGeneralAndAdministrativeExpenses": 0,
    "otherExpenses": 1372700000,
    "operatingExpenses": 1372700000,
    "costAndExpenses": 3426200000,
    "interestIncome": 0,
    "interestExpense": 0,
    "depreciationAndAmortization": 0,
    "ebitda": 627100000,
    "ebitdaratio": 0.1547134434,
    "operatingIncome": 627100000,
    "operatingIncomeRatio": 0.1547134434,
    "totalOtherIncomeExpensesNet": 0,
    "incomeBeforeTax": 627100000,
    "incomeBeforeTaxRatio": 0.1547134434,
    "incomeTaxExpense": 95100000,
    "netIncome": 532500000,
    "netIncomeRatio": 0.1313744356,
    "eps": 2.26,
    "epsdiluted": 2.22,
    "weightedAverageShsOut": 236000000,
    "weightedAverageShsOutDil": 239400000,
    "link": "https://www.sec.gov/Archives/edgar/data/1126328/000141057824000583/0001410578-24-000583-index.htm",
    "finalLink": "https://www.sec.gov/Archives/edgar/data/1126328/000141057824000583/pfg-20240331x10q.htm"
  },
  {
    "date": "2023-12-31",
    "symbol": "PFG",
    "reportedCurrency": "USD",
    "cik": "0001126328",
    "fillingDate": "2024-02-20",
    "acceptedDate": "2024-02-20 16:11:56",
    "calendarYear": "2023",
    "period": "Q4",
    "revenue": 2690800000,
    "costOfRevenue": 2485700000,
    "grossProfit": 205100000,
    "grossProfitRatio": 0.0762226847,
    "researchAndDevelopmentExpenses": 0,
    "generalAndAdministrativeExpenses": 0,
    "sellingAndMarketingExpenses": 0,
    "sellingGeneralAndAdministrativeExpenses": 0,
    "otherExpenses": 1312300000,
    "operatingExpenses": 1312300000,
    "costAndExpenses": 3798000000,
    "interestIncome": 0,
    "interestExpense": 0,
    "depreciationAndAmortization": 0,
    "ebitda": -1107200000,
    "ebitdaratio": -0.4114761409,
    "operatingIncome": -1107200000,
    "operatingIncomeRatio": -0.4114761409,
    "totalOtherIncomeExpensesNet": 0,
    "incomeBeforeTax": -1107200000,
    "incomeBeforeTaxRatio": -0.4114761409,
    "incomeTaxExpense": -268000000,
    "netIncome": -871700000,
    "netIncomeRatio": -0.3239557009,
    "eps": -3.69,
    "epsdiluted": -3.69,
    "weightedAverageShsOut": 236438294,
    "weightedAverageShsOutDil": 236438294,
    "link": "https://www.sec.gov/Archives/edgar/data/1126328/000110465924025516/0001104659-24-025516-index.htm",
    "finalLink": "https://www.sec.gov/Archives/edgar/data/1126328/000110465924025516/pfg-20231231x10k.htm"
  },
  {
    "date": "2023-09-30",
    "symbol": "PFG",
    "reportedCurrency": "USD",
    "cik": "0001126328",
    "fillingDate": "2023-11-01",
    "acceptedDate": "2023-11-01 13:57:37",
    "calendarYear": "2023",
    "period": "Q3",
    "revenue": 4598700000,
    "costOfRevenue": 1686700000,
    "grossProfit": 2912000000,
    "grossProfitRatio": 0.6332224324,
    "researchAndDevelopmentExpenses": 0,
    "generalAndAdministrativeExpenses": 0,
    "sellingAndMarketingExpenses": 0,
    "sellingGeneralAndAdministrativeExpenses": 0,
    "otherExpenses": 1307100000,
    "operatingExpenses": 1307100000,
    "costAndExpenses": 2993800000,
    "interestIncome": 0,
    "interestExpense": 0,
    "depreciationAndAmortization": 0,
    "ebitda": 1604900000,
    "ebitdaratio": 0.3489899319,
    "operatingIncome": 1604900000,
    "operatingIncomeRatio": 0.3489899319,
    "totalOtherIncomeExpensesNet": 0,
    "incomeBeforeTax": 1604900000,
    "incomeBeforeTaxRatio": 0.3489899319,
    "incomeTaxExpense": 354800000,
    "netIncome": 1246200000,
    "netIncomeRatio": 0.2709896275,
    "eps": 5.17,
    "epsdiluted": 5.1,
    "weightedAverageShsOut": 241100000,
    "weightedAverageShsOutDil": 244300000,
    "link": "https://www.sec.gov/Archives/edgar/data/1126328/000110465923113318/0001104659-23-113318-index.htm",
    "finalLink": "https://www.sec.gov/Archives/edgar/data/1126328/000110465923113318/pfg-20230930x10q.htm"
  },
  {
    "date": "2023-06-30",
    "symbol": "PFG",
    "reportedCurrency": "USD",
    "cik": "0001126328",
    "fillingDate": "2023-08-02",
    "acceptedDate": "2023-08-02 14:04:34",
    "calendarYear": "2023",
    "period": "Q2",
    "revenue": 3557300000,
    "costOfRevenue": 1827900000,
    "grossProfit": 1729400000,
    "grossProfitRatio": 0.4861552301,
    "researchAndDevelopmentExpenses": 0,
    "generalAndAdministrativeExpenses": 0,
    "sellingAndMarketingExpenses": 0,
    "sellingGeneralAndAdministrativeExpenses": 0,
    "otherExpenses": 1275800000,
    "operatingExpenses": 1275800000,
    "costAndExpenses": 3103700000,
    "interestIncome": 0,
    "interestExpense": 0,
    "depreciationAndAmortization": 0,
    "ebitda": 453600000,
    "ebitdaratio": 0.1275124392,
    "operatingIncome": 453600000,
    "operatingIncomeRatio": 0.1275124392,
    "totalOtherIncomeExpensesNet": 0,
    "incomeBeforeTax": 453600000,
    "incomeBeforeTaxRatio": 0.1275124392,
    "incomeTaxExpense": 59900000,
    "netIncome": 388800000,
    "netIncomeRatio": 0.1092963765,
    "eps": 1.6,
    "epsdiluted": 1.58,
    "weightedAverageShsOut": 242700000,
    "weightedAverageShsOutDil": 245500000,
    "link": "https://www.sec.gov/Archives/edgar/data/1126328/000110465923086723/0001104659-23-086723-index.htm",
    "finalLink": "https://www.sec.gov/Archives/edgar/data/1126328/000110465923086723/pfg-20230630x10q.htm"
  },
  {
    "date": "2023-03-31",
    "symbol": "PFG",
    "reportedCurrency": "USD",
    "cik": "0001126328",
    "fillingDate": "2023-05-03",
    "acceptedDate": "2023-05-03 14:54:32",
    "calendarYear": "2023",
    "period": "Q1",
    "revenue": 2819000000,
    "costOfRevenue": 1765400000,
    "grossProfit": 1053600000,
    "grossProfitRatio": 0.3737495566,
    "researchAndDevelopmentExpenses": 0,
    "generalAndAdministrativeExpenses": 0,
    "sellingAndMarketingExpenses": 0,
    "sellingGeneralAndAdministrativeExpenses": 0,
    "otherExpenses": 1266100000,
    "operatingExpenses": 1266100000,
    "costAndExpenses": 3031500000,
    "interestIncome": 0,
    "interestExpense": 0,
    "depreciationAndAmortization": 0,
    "ebitda": -212500000,
    "ebitdaratio": -0.0753813409,
    "operatingIncome": -212500000,
    "operatingIncomeRatio": -0.0753813409,
    "totalOtherIncomeExpensesNet": 0,
    "incomeBeforeTax": -212500000,
    "incomeBeforeTaxRatio": -0.0753813409,
    "incomeTaxExpense": -78000000,
    "netIncome": -140100000,
    "netIncomeRatio": -0.0496984746,
    "eps": -0.55,
    "epsdiluted": -0.55,
    "weightedAverageShsOut": 243400000,
    "weightedAverageShsOutDil": 243400000,
    "link": "https://www.sec.gov/Archives/edgar/data/1126328/000110465923055435/0001104659-23-055435-index.htm",
    "finalLink": "https://www.sec.gov/Archives/edgar/data/1126328/000110465923055435/pfg-20230331x10q.htm"
  },
  {
    "date": "2022-12-31",
    "symbol": "PFG",
    "reportedCurrency": "USD",
    "cik": "0001126328",
    "fillingDate": "2023-02-16",
    "acceptedDate": "2023-02-16 16:59:23",
    "calendarYear": "2022",
    "period": "Q4",
    "revenue": 3122000000,
    "costOfRevenue": 1897500000,
    "grossProfit": 1224500000,
    "grossProfitRatio": 0.3922165279,
    "researchAndDevelopmentExpenses": 0,
    "generalAndAdministrativeExpenses": 0,
    "sellingAndMarketingExpenses": 0,
    "sellingGeneralAndAdministrativeExpenses": 0,
    "otherExpenses": 1219600000,
    "operatingExpenses": 1219600000,
    "costAndExpenses": 3117100000,
    "interestIncome": 0,
    "interestExpense": 0,
    "depreciationAndAmortization": 0,
    "ebitda": 4900000,
    "ebitdaratio": 0.0015695067,
    "operatingIncome": 4900000,
    "operatingIncomeRatio": 0.0015695067,
    "totalOtherIncomeExpensesNet": 0,
    "incomeBeforeTax": 4900000,
    "incomeBeforeTaxRatio": 0.0015695067,
    "incomeTaxExpense": -10600000,
    "netIncome": -9500000,
    "netIncomeRatio": -0.0030429212,
    "eps": -0.0665,
    "epsdiluted": -0.0665,
    "weightedAverageShsOut": 243500000,
    "weightedAverageShsOutDil": 243500000,
    "link": "https://www.sec.gov/Archives/edgar/data/1126328/000110465923022860/0001104659-23-022860-index.htm",
    "finalLink": "https://www.sec.gov/Archives/edgar/data/1126328/000110465923022860/pfg-20221231x10k.htm"
  },
  {
    "date": "2022-09-30",
    "symbol": "PFG",
    "reportedCurrency": "USD",
    "cik": "0001126328",
    "fillingDate": "2022-11-02",
    "acceptedDate": "2022-11-02 13:01:50",
    "calendarYear": "2022",
    "period": "Q3",
    "revenue": 4625300000,
    "costOfRevenue": 1749600000,
    "grossProfit": 2875700000,
    "grossProfitRatio": 0.6217326444,
    "researchAndDevelopmentExpenses": 0,
    "generalAndAdministrativeExpenses": 0,
    "sellingAndMarketingExpenses": 0,
    "sellingGeneralAndAdministrativeExpenses": 0,
    "otherExpenses": 1235300000,
    "operatingExpenses": 1235300000,
    "costAndExpenses": 2984900000,
    "interestIncome": 0,
    "interestExpense": 0,
    "depreciationAndAmortization": 0,
    "ebitda": 1640400000,
    "ebitdaratio": 0.3546580762,
    "operatingIncome": 1640400000,
    "operatingIncomeRatio": 0.3546580762,
    "totalOtherIncomeExpensesNet": 0,
    "incomeBeforeTax": 1640400000,
    "incomeBeforeTaxRatio": 0.3546580762,
    "incomeTaxExpense": 328800000,
    "netIncome": 1315700000,
    "netIncomeRatio": 0.2844572244,
    "eps": 5.31,
    "epsdiluted": 5.22,
    "weightedAverageShsOut": 248000000,
    "weightedAverageShsOutDil": 251900000,
    "link": "https://www.sec.gov/Archives/edgar/data/1126328/000110465922113860/0001104659-22-113860-index.htm",
    "finalLink": "https://www.sec.gov/Archives/edgar/data/1126328/000110465922113860/pfg-20220930x10q.htm"
  },
  {
    "date": "2022-06-30",
    "symbol": "PFG",
    "reportedCurrency": "USD",
    "cik": "0001126328",
    "fillingDate": "2022-08-09",
    "acceptedDate": "2022-08-09 13:04:12",
    "calendarYear": "2022",
    "period": "Q2",
    "revenue": 6664500000,
    "costOfRevenue": 1333700000,
    "grossProfit": 5330800000,
    "grossProfitRatio": 0.799879961,
    "researchAndDevelopmentExpenses": 0,
    "generalAndAdministrativeExpenses": 0,
    "sellingAndMarketingExpenses": 0,
    "sellingGeneralAndAdministrativeExpenses": 0,
    "otherExpenses": 1360200000,
    "operatingExpenses": 1360200000,
    "costAndExpenses": 2693900000,
    "interestIncome": 0,
    "interestExpense": 0,
    "depreciationAndAmortization": 0,
    "ebitda": 3970600000,
    "ebitdaratio": 0.5957836297,
    "operatingIncome": 3970600000,
    "operatingIncomeRatio": 0.5957836297,
    "totalOtherIncomeExpensesNet": 0,
    "incomeBeforeTax": 3970600000,
    "incomeBeforeTaxRatio": 0.5957836297,
    "incomeTaxExpense": 836700000,
    "netIncome": 3118700000,
    "netIncomeRatio": 0.4679570861,
    "eps": 12.35,
    "epsdiluted": 12.17,
    "weightedAverageShsOut": 252600000,
    "weightedAverageShsOutDil": 256300000,
    "link": "https://www.sec.gov/Archives/edgar/data/1126328/000110465922087770/0001104659-22-087770-index.htm",
    "finalLink": "https://www.sec.gov/Archives/edgar/data/1126328/000110465922087770/pfg-20220630x10q.htm"
  },
  {
    "date": "2022-03-31",
    "symbol": "PFG",
    "reportedCurrency": "USD",
    "cik": "0001126328",
    "fillingDate": "2022-05-04",
    "acceptedDate": "2022-05-04 14:53:51",
    "calendarYear": "2022",
    "period": "Q1",
    "revenue": 3095500000,
    "costOfRevenue": 1513000000,
    "grossProfit": 1582500000,
    "grossProfitRatio": 0.5112259732,
    "researchAndDevelopmentExpenses": 0,
    "generalAndAdministrativeExpenses": 0,
    "sellingAndMarketingExpenses": 0,
    "sellingGeneralAndAdministrativeExpenses": 0,
    "otherExpenses": 1204100000,
    "operatingExpenses": 1204100000,
    "costAndExpenses": 2717100000,
    "interestIncome": 0,
    "interestExpense": 0,
    "depreciationAndAmortization": 0,
    "ebitda": 378400000,
    "ebitdaratio": 0.1222419641,
    "operatingIncome": 378400000,
    "operatingIncomeRatio": 0.1222419641,
    "totalOtherIncomeExpensesNet": 0,
    "incomeBeforeTax": 378400000,
    "incomeBeforeTaxRatio": 0.1222419641,
    "incomeTaxExpense": 35200000,
    "netIncome": 338700000,
    "netIncomeRatio": 0.1094168955,
    "eps": 1.31,
    "epsdiluted": 1.28,
    "weightedAverageShsOut": 259400000,
    "weightedAverageShsOutDil": 263800000,
    "link": "https://www.sec.gov/Archives/edgar/data/1126328/000110465922055741/0001104659-22-055741-index.htm",
    "finalLink": "https://www.sec.gov/Archives/edgar/data/1126328/000110465922055741/pfg-20220331x10q.htm"
  },
  {
    "date": "2021-12-31",
    "symbol": "PFG",
    "reportedCurrency": "USD",
    "cik": "0001126328",
    "fillingDate": "2022-02-11",
    "acceptedDate": "2022-02-11 15:43:04",
    "calendarYear": "2021",
    "period": "Q4",
    "revenue": 4091100000,
    "costOfRevenue": 2138600000,
    "grossProfit": 1952500000,
    "grossProfitRatio": 0.4772555059,
    "researchAndDevelopmentExpenses": 0,
    "generalAndAdministrativeExpenses": 0,
    "sellingAndMarketingExpenses": 0,
    "sellingGeneralAndAdministrativeExpenses": 0,
    "otherExpenses": 1343500000,
    "operatingExpenses": 1343500000,
    "costAndExpenses": 3482100000,
    "interestIncome": 0,
    "interestExpense": 0,
    "depreciationAndAmortization": 0,
    "ebitda": 609000000,
    "ebitdaratio": 0.1488597199,
    "operatingIncome": 609000000,
    "operatingIncomeRatio": 0.1488597199,
    "totalOtherIncomeExpensesNet": 0,
    "incomeBeforeTax": 609000000,
    "incomeBeforeTaxRatio": 0.1488597199,
    "incomeTaxExpense": 103800000,
    "netIncome": 471800000,
    "netIncomeRatio": 0.1153235071,
    "eps": 1.79,
    "epsdiluted": 1.76,
    "weightedAverageShsOut": 267414384,
    "weightedAverageShsOutDil": 268399999,
    "link": "https://www.sec.gov/Archives/edgar/data/1126328/000110465922020401/0001104659-22-020401-index.htm",
    "finalLink": "https://www.sec.gov/Archives/edgar/data/1126328/000110465922020401/pfg-20211231x10k.htm"
  },
  {
    "date": "2021-09-30",
    "symbol": "PFG",
    "reportedCurrency": "USD",
    "cik": "0001126328",
    "fillingDate": "2021-10-28",
    "acceptedDate": "2021-10-28 13:50:52",
    "calendarYear": "2021",
    "period": "Q3",
    "revenue": 3423700000,
    "costOfRevenue": 1770900000,
    "grossProfit": 1652800000,
    "grossProfitRatio": 0.4827525776,
    "researchAndDevelopmentExpenses": 0,
    "generalAndAdministrativeExpenses": 1196500000,
    "sellingAndMarketingExpenses": 0,
    "sellingGeneralAndAdministrativeExpenses": 1196500000,
    "otherExpenses": 28200000,
    "operatingExpenses": 1224700000,
    "costAndExpenses": 2995600000,
    "interestIncome": 0,
    "interestExpense": 0,
    "depreciationAndAmortization": 0,
    "ebitda": 428100000,
    "ebitdaratio": 0.1250401612,
    "operatingIncome": 428100000,
    "operatingIncomeRatio": 0.1250401612,
    "totalOtherIncomeExpensesNet": 0,
    "incomeBeforeTax": 428100000,
    "incomeBeforeTaxRatio": 0.1250401612,
    "incomeTaxExpense": 63800000,
    "netIncome": 359900000,
    "netIncomeRatio": 0.1051201916,
    "eps": 1.34,
    "epsdiluted": 1.32,
    "weightedAverageShsOut": 271900000,
    "weightedAverageShsOutDil": 272651515,
    "link": "https://www.sec.gov/Archives/edgar/data/1126328/000110465921130910/0001104659-21-130910-index.htm",
    "finalLink": "https://www.sec.gov/Archives/edgar/data/1126328/000110465921130910/pfg-20211231x10q.htm"
  },
  {
    "date": "2021-06-30",
    "symbol": "PFG",
    "reportedCurrency": "USD",
    "cik": "0001126328",
    "fillingDate": "2021-07-29",
    "acceptedDate": "2021-07-29 16:49:37",
    "calendarYear": "2021",
    "period": "Q2",
    "revenue": 3539400000,
    "costOfRevenue": 1812800000,
    "grossProfit": 1726600000,
    "grossProfitRatio": 0.4878227948,
    "researchAndDevelopmentExpenses": 0,
    "generalAndAdministrativeExpenses": 1265100000,
    "sellingAndMarketingExpenses": 0,
    "sellingGeneralAndAdministrativeExpenses": 1265100000,
    "otherExpenses": 28900000,
    "operatingExpenses": 1294000000,
    "costAndExpenses": 3106800000,
    "interestIncome": 0,
    "interestExpense": 0,
    "depreciationAndAmortization": 0,
    "ebitda": 432600000,
    "ebitdaratio": 0.1222241058,
    "operatingIncome": 432600000,
    "operatingIncomeRatio": 0.1222241058,
    "totalOtherIncomeExpensesNet": 0,
    "incomeBeforeTax": 432600000,
    "incomeBeforeTaxRatio": 0.1222241058,
    "incomeTaxExpense": 61000000,
    "netIncome": 361800000,
    "netIncomeRatio": 0.1022207154,
    "eps": 1.34,
    "epsdiluted": 1.32,
    "weightedAverageShsOut": 275100000,
    "weightedAverageShsOutDil": 275530303,
    "link": "https://www.sec.gov/Archives/edgar/data/1126328/000110465921097627/0001104659-21-097627-index.htm",
    "finalLink": "https://www.sec.gov/Archives/edgar/data/1126328/000110465921097627/pfg-20210630x10q.htm"
  },
  {
    "date": "2021-03-31",
    "symbol": "PFG",
    "reportedCurrency": "USD",
    "cik": "0001126328",
    "fillingDate": "2021-04-29",
    "acceptedDate": "2021-04-29 12:57:27",
    "calendarYear": "2021",
    "period": "Q1",
    "revenue": 3208500000,
    "costOfRevenue": 1374700000,
    "grossProfit": 1833800000,
    "grossProfitRatio": 0.5715443354,
    "researchAndDevelopmentExpenses": 0,
    "generalAndAdministrativeExpenses": 1201700000,
    "sellingAndMarketingExpenses": 0,
    "sellingGeneralAndAdministrativeExpenses": 1201700000,
    "otherExpenses": 18200000,
    "operatingExpenses": 1219900000,
    "costAndExpenses": 2594600000,
    "interestIncome": 0,
    "interestExpense": 0,
    "depreciationAndAmortization": 0,
    "ebitda": 613900000,
    "ebitdaratio": 0.191335515,
    "operatingIncome": 613900000,
    "operatingIncomeRatio": 0.191335515,
    "totalOtherIncomeExpensesNet": 0,
    "incomeBeforeTax": 613900000,
    "incomeBeforeTaxRatio": 0.191335515,
    "incomeTaxExpense": 97600000,
    "netIncome": 517100000,
    "netIncomeRatio": 0.1611656537,
    "eps": 1.89,
    "epsdiluted": 1.87,
    "weightedAverageShsOut": 275684193,
    "weightedAverageShsOutDil": 276300000,
    "link": "https://www.sec.gov/Archives/edgar/data/1126328/000110465921057312/0001104659-21-057312-index.htm",
    "finalLink": "https://www.sec.gov/Archives/edgar/data/1126328/000110465921057312/pfg-20210331x10q.htm"
  },
  {
    "date": "2020-12-31",
    "symbol": "PFG",
    "reportedCurrency": "USD",
    "cik": "0001126328",
    "fillingDate": "2021-02-12",
    "acceptedDate": "2021-02-12 17:00:44",
    "calendarYear": "2020",
    "period": "Q4",
    "revenue": 3765100000,
    "costOfRevenue": 1981700000,
    "grossProfit": 1783400000,
    "grossProfitRatio": 0.4736660381,
    "researchAndDevelopmentExpenses": 0,
    "generalAndAdministrativeExpenses": 1161800000,
    "sellingAndMarketingExpenses": 0,
    "sellingGeneralAndAdministrativeExpenses": 1161800000,
    "otherExpenses": 30000000,
    "operatingExpenses": 1191800000,
    "costAndExpenses": 3173500000,
    "interestIncome": 0,
    "interestExpense": 0,
    "depreciationAndAmortization": 0,
    "ebitda": 591600000,
    "ebitdaratio": 0.1571273007,
    "operatingIncome": 591600000,
    "operatingIncomeRatio": 0.1571273007,
    "totalOtherIncomeExpensesNet": 0,
    "incomeBeforeTax": 591600000,
    "incomeBeforeTaxRatio": 0.1571273007,
    "incomeTaxExpense": 100100000,
    "netIncome": 472600000,
    "netIncomeRatio": 0.1255212345,
    "eps": 1.72,
    "epsdiluted": 1.71,
    "weightedAverageShsOut": 276583243,
    "weightedAverageShsOutDil": 277200000,
    "link": "https://www.sec.gov/Archives/edgar/data/1126328/000110465921022074/0001104659-21-022074-index.htm",
    "finalLink": "https://www.sec.gov/Archives/edgar/data/1126328/000110465921022074/pfg-20201231x10k.htm"
  },
  {
    "date": "2020-09-30",
    "symbol": "PFG",
    "reportedCurrency": "USD",
    "cik": "0001126328",
    "fillingDate": "2020-10-29",
    "acceptedDate": "2020-10-29 12:30:42",
    "calendarYear": "2020",
    "period": "Q3",
    "revenue": 3310700000,
    "costOfRevenue": 1839800000,
    "grossProfit": 1470900000,
    "grossProfitRatio": 0.4442867067,
    "researchAndDevelopmentExpenses": 0,
    "generalAndAdministrativeExpenses": 1165900000,
    "sellingAndMarketingExpenses": 0,
    "sellingGeneralAndAdministrativeExpenses": 1165900000,
    "otherExpenses": 29900000,
    "operatingExpenses": 1195800000,
    "costAndExpenses": 3035600000,
    "interestIncome": 0,
    "interestExpense": 0,
    "depreciationAndAmortization": 0,
    "ebitda": 275100000,
    "ebitdaratio": 0.0830942097,
    "operatingIncome": 275100000,
    "operatingIncomeRatio": 0.0830942097,
    "totalOtherIncomeExpensesNet": 0,
    "incomeBeforeTax": 275100000,
    "incomeBeforeTaxRatio": 0.0830942097,
    "incomeTaxExpense": 39200000,
    "netIncome": 236000000,
    "netIncomeRatio": 0.0712840185,
    "eps": 0.86,
    "epsdiluted": 0.85,
    "weightedAverageShsOut": 276800000,
    "weightedAverageShsOutDil": 277647058,
    "link": "https://www.sec.gov/Archives/edgar/data/1126328/000110465920119392/0001104659-20-119392-index.htm",
    "finalLink": "https://www.sec.gov/Archives/edgar/data/1126328/000110465920119392/pfg-20200930x10q.htm"
  },
  {
    "date": "2020-06-30",
    "symbol": "PFG",
    "reportedCurrency": "USD",
    "cik": "0001126328",
    "fillingDate": "2020-07-29",
    "acceptedDate": "2020-07-29 15:09:28",
    "calendarYear": "2020",
    "period": "Q2",
    "revenue": 3114600000,
    "costOfRevenue": 1601300000,
    "grossProfit": 1513300000,
    "grossProfitRatio": 0.4858729853,
    "researchAndDevelopmentExpenses": 0,
    "generalAndAdministrativeExpenses": 983300000,
    "sellingAndMarketingExpenses": 0,
    "sellingGeneralAndAdministrativeExpenses": 983300000,
    "otherExpenses": 31400000,
    "operatingExpenses": 1014700000,
    "costAndExpenses": 2616000000,
    "interestIncome": 0,
    "interestExpense": 0,
    "depreciationAndAmortization": 0,
    "ebitda": 498600000,
    "ebitdaratio": 0.1600847621,
    "operatingIncome": 498600000,
    "operatingIncomeRatio": 0.1600847621,
    "totalOtherIncomeExpensesNet": 0,
    "incomeBeforeTax": 498600000,
    "incomeBeforeTaxRatio": 0.1600847621,
    "incomeTaxExpense": 82500000,
    "netIncome": 398300000,
    "netIncomeRatio": 0.1278815899,
    "eps": 1.45,
    "epsdiluted": 1.45,
    "weightedAverageShsOut": 274689655,
    "weightedAverageShsOutDil": 275600000,
    "link": "https://www.sec.gov/Archives/edgar/data/1126328/000110465920087765/0001104659-20-087765-index.htm",
    "finalLink": "https://www.sec.gov/Archives/edgar/data/1126328/000110465920087765/pfg-20200630x10q.htm"
  },
  {
    "date": "2020-03-31",
    "symbol": "PFG",
    "reportedCurrency": "USD",
    "cik": "0001126328",
    "fillingDate": "2020-04-29",
    "acceptedDate": "2020-04-29 14:55:37",
    "calendarYear": "2020",
    "period": "Q1",
    "revenue": 4551300000,
    "costOfRevenue": 2858700000,
    "grossProfit": 1692600000,
    "grossProfitRatio": 0.3718937446,
    "researchAndDevelopmentExpenses": 0,
    "generalAndAdministrativeExpenses": 1335500000,
    "sellingAndMarketingExpenses": 0,
    "sellingGeneralAndAdministrativeExpenses": 1335500000,
    "otherExpenses": 28900000,
    "operatingExpenses": 1364400000,
    "costAndExpenses": 4223100000,
    "interestIncome": 0,
    "interestExpense": 0,
    "depreciationAndAmortization": 0,
    "ebitda": 328200000,
    "ebitdaratio": 0.0721112649,
    "operatingIncome": 328200000,
    "operatingIncomeRatio": 0.0721112649,
    "totalOtherIncomeExpensesNet": 0,
    "incomeBeforeTax": 328200000,
    "incomeBeforeTaxRatio": 0.0721112649,
    "incomeTaxExpense": 43200000,
    "netIncome": 288900000,
    "netIncomeRatio": 0.0634763694,
    "eps": 1.05,
    "epsdiluted": 1.04,
    "weightedAverageShsOut": 277200000,
    "weightedAverageShsOutDil": 277788461,
    "link": "https://www.sec.gov/Archives/edgar/data/1126328/000110465920053218/0001104659-20-053218-index.htm",
    "finalLink": "https://www.sec.gov/Archives/edgar/data/1126328/000110465920053218/pfg-20200331x10q.htm"
  },
  {
    "date": "2019-12-31",
    "symbol": "PFG",
    "reportedCurrency": "USD",
    "cik": "0001126328",
    "fillingDate": "2020-02-14",
    "acceptedDate": "2020-02-14 12:01:06",
    "calendarYear": "2019",
    "period": "Q4",
    "revenue": 4047200000,
    "costOfRevenue": 2424500000,
    "grossProfit": 1622700000,
    "grossProfitRatio": 0.4009438624,
    "researchAndDevelopmentExpenses": 0,
    "generalAndAdministrativeExpenses": 1222600000,
    "sellingAndMarketingExpenses": 0,
    "sellingGeneralAndAdministrativeExpenses": 1222600000,
    "otherExpenses": 28800000,
    "operatingExpenses": 1251400000,
    "costAndExpenses": 3675900000,
    "interestIncome": 0,
    "interestExpense": 0,
    "depreciationAndAmortization": 63000000,
    "ebitda": 434300000,
    "ebitdaratio": 0.1073087567,
    "operatingIncome": 371300000,
    "operatingIncomeRatio": 0.0917424392,
    "totalOtherIncomeExpensesNet": 0,
    "incomeBeforeTax": 371300000,
    "incomeBeforeTaxRatio": 0.0917424392,
    "incomeTaxExpense": 56000000,
    "netIncome": 300900000,
    "netIncomeRatio": 0.0743476972,
    "eps": 1.08,
    "epsdiluted": 1.07,
    "weightedAverageShsOut": 280400000,
    "weightedAverageShsOutDil": 281708074,
    "link": "https://www.sec.gov/Archives/edgar/data/1126328/000110465920021174/0001104659-20-021174-index.htm",
    "finalLink": "https://www.sec.gov/Archives/edgar/data/1126328/000110465920021174/pfg-20191231x10k0da4e5.htm"
  },
  {
    "date": "2019-09-30",
    "symbol": "PFG",
    "reportedCurrency": "USD",
    "cik": "0001126328",
    "fillingDate": "2019-10-30",
    "acceptedDate": "2019-10-30 13:10:00",
    "calendarYear": "2019",
    "period": "Q3",
    "revenue": 4458400000,
    "costOfRevenue": 2840100000,
    "grossProfit": 1618300000,
    "grossProfitRatio": 0.3629777499,
    "researchAndDevelopmentExpenses": 0,
    "generalAndAdministrativeExpenses": 1242300000,
    "sellingAndMarketingExpenses": 0,
    "sellingGeneralAndAdministrativeExpenses": 1242300000,
    "otherExpenses": 30300000,
    "operatingExpenses": 1272600000,
    "costAndExpenses": 4112700000,
    "interestIncome": 0,
    "interestExpense": 0,
    "depreciationAndAmortization": 59600000,
    "ebitda": 405300000,
    "ebitdaratio": 0.0909070519,
    "operatingIncome": 345700000,
    "operatingIncomeRatio": 0.0775390275,
    "totalOtherIncomeExpensesNet": 0,
    "incomeBeforeTax": 345700000,
    "incomeBeforeTaxRatio": 0.0775390275,
    "incomeTaxExpense": 61100000,
    "netIncome": 277100000,
    "netIncomeRatio": 0.0621523416,
    "eps": 0.99,
    "epsdiluted": 0.98,
    "weightedAverageShsOut": 281400000,
    "weightedAverageShsOutDil": 282755102,
    "link": "https://www.sec.gov/Archives/edgar/data/1126328/000110465919057616/0001104659-19-057616-index.htm",
    "finalLink": "https://www.sec.gov/Archives/edgar/data/1126328/000110465919057616/pfg-20190930x10qcc2bea.htm"
  },
  {
    "date": "2019-06-30",
    "symbol": "PFG",
    "reportedCurrency": "USD",
    "cik": "0001126328",
    "fillingDate": "2019-07-31",
    "acceptedDate": "2019-07-31 13:38:11",
    "calendarYear": "2019",
    "period": "Q2",
    "revenue": 3972600000,
    "costOfRevenue": 2446100000,
    "grossProfit": 1526500000,
    "grossProfitRatio": 0.3842571616,
    "researchAndDevelopmentExpenses": 0,
    "generalAndAdministrativeExpenses": 1046300000,
    "sellingAndMarketingExpenses": 0,
    "sellingGeneralAndAdministrativeExpenses": 1046300000,
    "otherExpenses": 29900000,
    "operatingExpenses": 1076200000,
    "costAndExpenses": 3522300000,
    "interestIncome": 0,
    "interestExpense": 0,
    "depreciationAndAmortization": 53200000,
    "ebitda": 503500000,
    "ebitdaratio": 0.1267431909,
    "operatingIncome": 450300000,
    "operatingIncomeRatio": 0.1133514575,
    "totalOtherIncomeExpensesNet": 0,
    "incomeBeforeTax": 450300000,
    "incomeBeforeTaxRatio": 0.1133514575,
    "incomeTaxExpense": 58200000,
    "netIncome": 386300000,
    "netIncomeRatio": 0.0972411015,
    "eps": 1.38,
    "epsdiluted": 1.37,
    "weightedAverageShsOut": 281200000,
    "weightedAverageShsOutDil": 281970802,
    "link": "https://www.sec.gov/Archives/edgar/data/1126328/000141057819000603/0001410578-19-000603-index.htm",
    "finalLink": "https://www.sec.gov/Archives/edgar/data/1126328/000141057819000603/pfg-20190630x10q.htm"
  },
  {
    "date": "2019-03-31",
    "symbol": "PFG",
    "reportedCurrency": "USD",
    "cik": "0001126328",
    "fillingDate": "2019-05-02",
    "acceptedDate": "2019-05-02 11:47:47",
    "calendarYear": "2019",
    "period": "Q1",
    "revenue": 3743900000,
    "costOfRevenue": 2195100000,
    "grossProfit": 1548800000,
    "grossProfitRatio": 0.413686263,
    "researchAndDevelopmentExpenses": 0,
    "generalAndAdministrativeExpenses": 992700000,
    "sellingAndMarketingExpenses": 0,
    "sellingGeneralAndAdministrativeExpenses": 992700000,
    "otherExpenses": 30100000,
    "operatingExpenses": 1022800000,
    "costAndExpenses": 3217900000,
    "interestIncome": 0,
    "interestExpense": 0,
    "depreciationAndAmortization": 51000000,
    "ebitda": 577000000,
    "ebitdaratio": 0.1541173642,
    "operatingIncome": 526000000,
    "operatingIncomeRatio": 0.1404952055,
    "totalOtherIncomeExpensesNet": 0,
    "incomeBeforeTax": 526000000,
    "incomeBeforeTaxRatio": 0.1404952055,
    "incomeTaxExpense": 73900000,
    "netIncome": 429900000,
    "netIncomeRatio": 0.1148267849,
    "eps": 1.54,
    "epsdiluted": 1.53,
    "weightedAverageShsOut": 280900000,
    "weightedAverageShsOutDil": 280980392,
    "link": "https://www.sec.gov/Archives/edgar/data/1126328/000110465919026296/0001104659-19-026296-index.htm",
    "finalLink": "https://www.sec.gov/Archives/edgar/data/1126328/000110465919026296/a19-6590_110q.htm"
  },
  {
    "date": "2018-12-31",
    "symbol": "PFG",
    "reportedCurrency": "USD",
    "cik": "0001126328",
    "fillingDate": "2019-02-13",
    "acceptedDate": "2019-02-13 13:11:31",
    "calendarYear": "2018",
    "period": "Q4",
    "revenue": 3770600000,
    "costOfRevenue": 2440100000,
    "grossProfit": 1330500000,
    "grossProfitRatio": 0.3528616135,
    "researchAndDevelopmentExpenses": 0,
    "generalAndAdministrativeExpenses": 1056600000,
    "sellingAndMarketingExpenses": 0,
    "sellingGeneralAndAdministrativeExpenses": 1056600000,
    "otherExpenses": 31000000,
    "operatingExpenses": 1087600000,
    "costAndExpenses": 3527700000,
    "interestIncome": 0,
    "interestExpense": 0,
    "depreciationAndAmortization": 53200000,
    "ebitda": 296100000,
    "ebitdaratio": 0.0785286161,
    "operatingIncome": 242900000,
    "operatingIncomeRatio": 0.0644194558,
    "totalOtherIncomeExpensesNet": 0,
    "incomeBeforeTax": 242900000,
    "incomeBeforeTaxRatio": 0.0644194558,
    "incomeTaxExpense": 11200000,
    "netIncome": 236500000,
    "netIncomeRatio": 0.0627221132,
    "eps": 0.84,
    "epsdiluted": 0.83,
    "weightedAverageShsOut": 284397006,
    "weightedAverageShsOutDil": 285200000,
    "link": "https://www.sec.gov/Archives/edgar/data/1126328/000104746919000469/0001047469-19-000469-index.htm",
    "finalLink": "https://www.sec.gov/Archives/edgar/data/1126328/000104746919000469/a2237639z10-k.htm"
  },
  {
    "date": "2018-09-30",
    "symbol": "PFG",
    "reportedCurrency": "USD",
    "cik": "0001126328",
    "fillingDate": "2018-10-31",
    "acceptedDate": "2018-10-31 12:11:42",
    "calendarYear": "2018",
    "period": "Q3",
    "revenue": 4348100000,
    "costOfRevenue": 2642100000,
    "grossProfit": 1706000000,
    "grossProfitRatio": 0.3923552816,
    "researchAndDevelopmentExpenses": 0,
    "generalAndAdministrativeExpenses": 1105000000,
    "sellingAndMarketingExpenses": 0,
    "sellingGeneralAndAdministrativeExpenses": 1105000000,
    "otherExpenses": 31900000,
    "operatingExpenses": 1136900000,
    "costAndExpenses": 3779000000,
    "interestIncome": 0,
    "interestExpense": 0,
    "depreciationAndAmortization": 50700000,
    "ebitda": 619800000,
    "ebitdaratio": 0.1425450197,
    "operatingIncome": 569100000,
    "operatingIncomeRatio": 0.1308847543,
    "totalOtherIncomeExpensesNet": 0,
    "incomeBeforeTax": 569100000,
    "incomeBeforeTaxRatio": 0.1308847543,
    "incomeTaxExpense": 109100000,
    "netIncome": 456300000,
    "netIncomeRatio": 0.1049423886,
    "eps": 1.6,
    "epsdiluted": 1.59,
    "weightedAverageShsOut": 286981132,
    "weightedAverageShsOutDil": 287800000,
    "link": "https://www.sec.gov/Archives/edgar/data/1126328/000110465918064974/0001104659-18-064974-index.htm",
    "finalLink": "https://www.sec.gov/Archives/edgar/data/1126328/000110465918064974/a18-18634_110q.htm"
  },
  {
    "date": "2018-06-30",
    "symbol": "PFG",
    "reportedCurrency": "USD",
    "cik": "0001126328",
    "fillingDate": "2018-08-01",
    "acceptedDate": "2018-08-01 09:46:04",
    "calendarYear": "2018",
    "period": "Q2",
    "revenue": 3234900000,
    "costOfRevenue": 1699200000,
    "grossProfit": 1535700000,
    "grossProfitRatio": 0.4747287397,
    "researchAndDevelopmentExpenses": 0,
    "generalAndAdministrativeExpenses": 990100000,
    "sellingAndMarketingExpenses": 0,
    "sellingGeneralAndAdministrativeExpenses": 990100000,
    "otherExpenses": 30200000,
    "operatingExpenses": 1020300000,
    "costAndExpenses": 2719500000,
    "interestIncome": 0,
    "interestExpense": 0,
    "depreciationAndAmortization": 50600000,
    "ebitda": 566000000,
    "ebitdaratio": 0.1749667687,
    "operatingIncome": 515400000,
    "operatingIncomeRatio": 0.1593248632,
    "totalOtherIncomeExpensesNet": 0,
    "incomeBeforeTax": 515400000,
    "incomeBeforeTaxRatio": 0.1593248632,
    "incomeTaxExpense": 55900000,
    "netIncome": 456600000,
    "netIncomeRatio": 0.1411481035,
    "eps": 1.59,
    "epsdiluted": 1.58,
    "weightedAverageShsOut": 288987341,
    "weightedAverageShsOutDil": 289200000,
    "link": "https://www.sec.gov/Archives/edgar/data/1126328/000110465918048612/0001104659-18-048612-index.htm",
    "finalLink": "https://www.sec.gov/Archives/edgar/data/1126328/000110465918048612/a18-13673_110q.htm"
  },
  {
    "date": "2018-03-31",
    "symbol": "PFG",
    "reportedCurrency": "USD",
    "cik": "0001126328",
    "fillingDate": "2018-05-02",
    "acceptedDate": "2018-05-02 10:48:15",
    "calendarYear": "2018",
    "period": "Q1",
    "revenue": 2883600000,
    "costOfRevenue": 1411100000,
    "grossProfit": 1472500000,
    "grossProfitRatio": 0.5106464142,
    "researchAndDevelopmentExpenses": 0,
    "generalAndAdministrativeExpenses": 985000000,
    "sellingAndMarketingExpenses": 0,
    "sellingGeneralAndAdministrativeExpenses": 985000000,
    "otherExpenses": 30500000,
    "operatingExpenses": 1015500000,
    "costAndExpenses": 2426600000,
    "interestIncome": 0,
    "interestExpense": 0,
    "depreciationAndAmortization": 50600000,
    "ebitda": 507600000,
    "ebitdaratio": 0.1760299625,
    "operatingIncome": 457000000,
    "operatingIncomeRatio": 0.1584824525,
    "totalOtherIncomeExpensesNet": 0,
    "incomeBeforeTax": 457000000,
    "incomeBeforeTaxRatio": 0.1584824525,
    "incomeTaxExpense": 54500000,
    "netIncome": 397100000,
    "netIncomeRatio": 0.1377098072,
    "eps": 1.37,
    "epsdiluted": 1.36,
    "weightedAverageShsOut": 291985294,
    "weightedAverageShsOutDil": 292900000,
    "link": "https://www.sec.gov/Archives/edgar/data/1126328/000110465918029622/0001104659-18-029622-index.htm",
    "finalLink": "https://www.sec.gov/Archives/edgar/data/1126328/000110465918029622/a18-8536_110q.htm"
  },
  {
    "date": "2017-12-31",
    "symbol": "PFG",
    "reportedCurrency": "USD",
    "cik": "0001126328",
    "fillingDate": "2018-02-09",
    "acceptedDate": "2018-02-09 10:48:53",
    "calendarYear": "2017",
    "period": "Q4",
    "revenue": 3237700000,
    "costOfRevenue": 1801900000,
    "grossProfit": 1435800000,
    "grossProfitRatio": 0.4434629521,
    "researchAndDevelopmentExpenses": 0,
    "generalAndAdministrativeExpenses": 1089100000,
    "sellingAndMarketingExpenses": 0,
    "sellingGeneralAndAdministrativeExpenses": 1089100000,
    "otherExpenses": 31900000,
    "operatingExpenses": 1121000000,
    "costAndExpenses": 2922900000,
    "interestIncome": 0,
    "interestExpense": 0,
    "depreciationAndAmortization": 50900000,
    "ebitda": 365700000,
    "ebitdaratio": 0.1129505513,
    "operatingIncome": 314800000,
    "operatingIncomeRatio": 0.0972295148,
    "totalOtherIncomeExpensesNet": 0,
    "incomeBeforeTax": 314800000,
    "incomeBeforeTaxRatio": 0.0972295148,
    "incomeTaxExpense": -528100000,
    "netIncome": 841800000,
    "netIncomeRatio": 0.2599993823,
    "eps": 2.91,
    "epsdiluted": 2.86,
    "weightedAverageShsOut": 293500000,
    "weightedAverageShsOutDil": 294033098,
    "link": "https://www.sec.gov/Archives/edgar/data/1126328/000104746918000695/0001047469-18-000695-index.htm",
    "finalLink": "https://www.sec.gov/Archives/edgar/data/1126328/000104746918000695/a2234426z10-k.htm"
  },
  {
    "date": "2017-09-30",
    "symbol": "PFG",
    "reportedCurrency": "USD",
    "cik": "0001126328",
    "fillingDate": "2017-11-01",
    "acceptedDate": "2017-11-01 11:53:28",
    "calendarYear": "2017",
    "period": "Q3",
    "revenue": 4627800000,
    "costOfRevenue": 2504600000,
    "grossProfit": 2123200000,
    "grossProfitRatio": 0.4587925148,
    "researchAndDevelopmentExpenses": 0,
    "generalAndAdministrativeExpenses": 932800000,
    "sellingAndMarketingExpenses": 0,
    "sellingGeneralAndAdministrativeExpenses": 932800000,
    "otherExpenses": 32600000,
    "operatingExpenses": 965400000,
    "costAndExpenses": 3470000000,
    "interestIncome": 0,
    "interestExpense": 0,
    "depreciationAndAmortization": 49300000,
    "ebitda": 1207100000,
    "ebitdaratio": 0.2608366827,
    "operatingIncome": 1157800000,
    "operatingIncomeRatio": 0.2501836726,
    "totalOtherIncomeExpensesNet": 0,
    "incomeBeforeTax": 1157800000,
    "incomeBeforeTaxRatio": 0.2501836726,
    "incomeTaxExpense": 344600000,
    "netIncome": 810200000,
    "netIncomeRatio": 0.1750723886,
    "eps": 2.8,
    "epsdiluted": 2.76,
    "weightedAverageShsOut": 293100000,
    "weightedAverageShsOutDil": 293550724,
    "link": "https://www.sec.gov/Archives/edgar/data/1126328/000110465917065124/0001104659-17-065124-index.htm",
    "finalLink": "https://www.sec.gov/Archives/edgar/data/1126328/000110465917065124/a17-19948_110q.htm"
  },
  {
    "date": "2017-06-30",
    "symbol": "PFG",
    "reportedCurrency": "USD",
    "cik": "0001126328",
    "fillingDate": "2017-08-02",
    "acceptedDate": "2017-08-02 10:21:36",
    "calendarYear": "2017",
    "period": "Q2",
    "revenue": 3178300000,
    "costOfRevenue": 1858800000,
    "grossProfit": 1319500000,
    "grossProfitRatio": 0.4151590473,
    "researchAndDevelopmentExpenses": 0,
    "generalAndAdministrativeExpenses": 928700000,
    "sellingAndMarketingExpenses": 0,
    "sellingGeneralAndAdministrativeExpenses": 928700000,
    "otherExpenses": 25200000,
    "operatingExpenses": 953900000,
    "costAndExpenses": 2812700000,
    "interestIncome": 0,
    "interestExpense": 0,
    "depreciationAndAmortization": 47400000,
    "ebitda": 413000000,
    "ebitdaratio": 0.1299436806,
    "operatingIncome": 365600000,
    "operatingIncomeRatio": 0.1150300475,
    "totalOtherIncomeExpensesNet": 0,
    "incomeBeforeTax": 365600000,
    "incomeBeforeTaxRatio": 0.1150300475,
    "incomeTaxExpense": 50800000,
    "netIncome": 309500000,
    "netIncomeRatio": 0.097379102,
    "eps": 1.07,
    "epsdiluted": 1.06,
    "weightedAverageShsOut": 291981132,
    "weightedAverageShsOutDil": 292700000,
    "link": "https://www.sec.gov/Archives/edgar/data/1126328/000110465917048680/0001104659-17-048680-index.htm",
    "finalLink": "https://www.sec.gov/Archives/edgar/data/1126328/000110465917048680/a17-13274_110q.htm"
  },
  {
    "date": "2017-03-31",
    "symbol": "PFG",
    "reportedCurrency": "USD",
    "cik": "0001126328",
    "fillingDate": "2017-05-03",
    "acceptedDate": "2017-05-03 11:39:12",
    "calendarYear": "2017",
    "period": "Q1",
    "revenue": 3049400000,
    "costOfRevenue": 1657300000,
    "grossProfit": 1392100000,
    "grossProfitRatio": 0.4565160359,
    "researchAndDevelopmentExpenses": 0,
    "generalAndAdministrativeExpenses": 943200000,
    "sellingAndMarketingExpenses": 0,
    "sellingGeneralAndAdministrativeExpenses": 943200000,
    "otherExpenses": 34900000,
    "operatingExpenses": 978100000,
    "costAndExpenses": 2635400000,
    "interestIncome": 0,
    "interestExpense": 0,
    "depreciationAndAmortization": 48100000,
    "ebitda": 462100000,
    "ebitdaratio": 0.1515380075,
    "operatingIncome": 414000000,
    "operatingIncomeRatio": 0.1357644127,
    "totalOtherIncomeExpensesNet": 0,
    "incomeBeforeTax": 414000000,
    "incomeBeforeTaxRatio": 0.1357644127,
    "incomeTaxExpense": 60400000,
    "netIncome": 348900000,
    "netIncomeRatio": 0.1144159507,
    "eps": 1.21,
    "epsdiluted": 1.19,
    "weightedAverageShsOut": 292400000,
    "weightedAverageShsOutDil": 293193277,
    "link": "https://www.sec.gov/Archives/edgar/data/1126328/000110465917029273/0001104659-17-029273-index.htm",
    "finalLink": "https://www.sec.gov/Archives/edgar/data/1126328/000110465917029273/a17-7605_110q.htm"
  },
  {
    "date": "2016-12-31",
    "symbol": "PFG",
    "reportedCurrency": "USD",
    "cik": "0001126328",
    "fillingDate": "2017-02-08",
    "acceptedDate": "2017-02-08 11:57:30",
    "calendarYear": "2016",
    "period": "Q4",
    "revenue": 3513800000,
    "costOfRevenue": 2112600000,
    "grossProfit": 1401200000,
    "grossProfitRatio": 0.3987705618,
    "researchAndDevelopmentExpenses": 0,
    "generalAndAdministrativeExpenses": 985600000,
    "sellingAndMarketingExpenses": 0,
    "sellingGeneralAndAdministrativeExpenses": 985600000,
    "otherExpenses": 34300000,
    "operatingExpenses": 1019900000,
    "costAndExpenses": 3132500000,
    "interestIncome": 0,
    "interestExpense": 0,
    "depreciationAndAmortization": 47000000,
    "ebitda": 428300000,
    "ebitdaratio": 0.1218908304,
    "operatingIncome": 381300000,
    "operatingIncomeRatio": 0.108514998,
    "totalOtherIncomeExpensesNet": 0,
    "incomeBeforeTax": 381300000,
    "incomeBeforeTaxRatio": 0.108514998,
    "incomeTaxExpense": 43100000,
    "netIncome": 318000000,
    "netIncomeRatio": 0.0905003131,
    "eps": 1.1,
    "epsdiluted": 1.09,
    "weightedAverageShsOut": 291356870,
    "weightedAverageShsOutDil": 292000000,
    "link": "https://www.sec.gov/Archives/edgar/data/1126328/000104746917000589/0001047469-17-000589-index.htm",
    "finalLink": "https://www.sec.gov/Archives/edgar/data/1126328/000104746917000589/a2230820z10-k.htm"
  },
  {
    "date": "2016-09-30",
    "symbol": "PFG",
    "reportedCurrency": "USD",
    "cik": "0001126328",
    "fillingDate": "2016-11-02",
    "acceptedDate": "2016-11-02 09:46:40",
    "calendarYear": "2016",
    "period": "Q3",
    "revenue": 2818000000,
    "costOfRevenue": 1482200000,
    "grossProfit": 1335800000,
    "grossProfitRatio": 0.4740241306,
    "researchAndDevelopmentExpenses": 0,
    "generalAndAdministrativeExpenses": 919600000,
    "sellingAndMarketingExpenses": 0,
    "sellingGeneralAndAdministrativeExpenses": 919600000,
    "otherExpenses": 45500000,
    "operatingExpenses": 965100000,
    "costAndExpenses": 2447300000,
    "interestIncome": 0,
    "interestExpense": 0,
    "depreciationAndAmortization": 46400000,
    "ebitda": 417100000,
    "ebitdaratio": 0.148012775,
    "operatingIncome": 370700000,
    "operatingIncomeRatio": 0.1315471966,
    "totalOtherIncomeExpensesNet": 0,
    "incomeBeforeTax": 370700000,
    "incomeBeforeTaxRatio": 0.1315471966,
    "incomeTaxExpense": 43300000,
    "netIncome": 308200000,
    "netIncomeRatio": 0.1093683463,
    "eps": 1.07,
    "epsdiluted": 1.06,
    "weightedAverageShsOut": 290754716,
    "weightedAverageShsOutDil": 291400000,
    "link": "https://www.sec.gov/Archives/edgar/data/1126328/000110465916153975/0001104659-16-153975-index.htm",
    "finalLink": "https://www.sec.gov/Archives/edgar/data/1126328/000110465916153975/a16-16733_110q.htm"
  },
  {
    "date": "2016-06-30",
    "symbol": "PFG",
    "reportedCurrency": "USD",
    "cik": "0001126328",
    "fillingDate": "2016-08-03",
    "acceptedDate": "2016-08-03 11:01:18",
    "calendarYear": "2016",
    "period": "Q2",
    "revenue": 3025700000,
    "costOfRevenue": 1659900000,
    "grossProfit": 1365800000,
    "grossProfitRatio": 0.4513996761,
    "researchAndDevelopmentExpenses": 0,
    "generalAndAdministrativeExpenses": 927900000,
    "sellingAndMarketingExpenses": 0,
    "sellingGeneralAndAdministrativeExpenses": 927900000,
    "otherExpenses": 38000000,
    "operatingExpenses": 965900000,
    "costAndExpenses": 2625800000,
    "interestIncome": 0,
    "interestExpense": 0,
    "depreciationAndAmortization": 47400000,
    "ebitda": 447300000,
    "ebitdaratio": 0.1478335592,
    "operatingIncome": 399900000,
    "operatingIncomeRatio": 0.1321677628,
    "totalOtherIncomeExpensesNet": 0,
    "incomeBeforeTax": 399900000,
    "incomeBeforeTaxRatio": 0.1321677628,
    "incomeTaxExpense": 72900000,
    "netIncome": 322300000,
    "netIncomeRatio": 0.1065208051,
    "eps": 1.11,
    "epsdiluted": 1.1,
    "weightedAverageShsOut": 292600000,
    "weightedAverageShsOutDil": 293000000,
    "link": "https://www.sec.gov/Archives/edgar/data/1126328/000110465916136436/0001104659-16-136436-index.htm",
    "finalLink": "https://www.sec.gov/Archives/edgar/data/1126328/000110465916136436/a16-11516_110q.htm"
  },
  {
    "date": "2016-03-31",
    "symbol": "PFG",
    "reportedCurrency": "USD",
    "cik": "0001126328",
    "fillingDate": "2016-05-04",
    "acceptedDate": "2016-05-04 09:39:40",
    "calendarYear": "2016",
    "period": "Q1",
    "revenue": 3036600000,
    "costOfRevenue": 1658500000,
    "grossProfit": 1378100000,
    "grossProfitRatio": 0.4538299414,
    "researchAndDevelopmentExpenses": 0,
    "generalAndAdministrativeExpenses": 899500000,
    "sellingAndMarketingExpenses": 0,
    "sellingGeneralAndAdministrativeExpenses": 899500000,
    "otherExpenses": 38800000,
    "operatingExpenses": 938300000,
    "costAndExpenses": 2596800000,
    "interestIncome": 0,
    "interestExpense": 0,
    "depreciationAndAmortization": 45800000,
    "ebitda": 485600000,
    "ebitdaratio": 0.1599156952,
    "operatingIncome": 439800000,
    "operatingIncomeRatio": 0.1448330369,
    "totalOtherIncomeExpensesNet": 0,
    "incomeBeforeTax": 439800000,
    "incomeBeforeTaxRatio": 0.1448330369,
    "incomeTaxExpense": 70600000,
    "netIncome": 368000000,
    "netIncomeRatio": 0.121188171,
    "eps": 1.26,
    "epsdiluted": 1.25,
    "weightedAverageShsOut": 294300000,
    "weightedAverageShsOutDil": 294400000,
    "link": "https://www.sec.gov/Archives/edgar/data/1126328/000110465916117468/0001104659-16-117468-index.htm",
    "finalLink": "https://www.sec.gov/Archives/edgar/data/1126328/000110465916117468/a16-6244_110q.htm"
  },
  {
    "date": "2015-12-31",
    "symbol": "PFG",
    "reportedCurrency": "USD",
    "cik": "0001126328",
    "fillingDate": "2016-02-10",
    "acceptedDate": "2016-02-10 12:20:48",
    "calendarYear": "2015",
    "period": "Q4",
    "revenue": 2807000000,
    "costOfRevenue": 1537200000,
    "grossProfit": 1269800000,
    "grossProfitRatio": 0.4523690773,
    "researchAndDevelopmentExpenses": 0,
    "generalAndAdministrativeExpenses": 920800000,
    "sellingAndMarketingExpenses": 0,
    "sellingGeneralAndAdministrativeExpenses": 920800000,
    "otherExpenses": 40000000,
    "operatingExpenses": 960800000,
    "costAndExpenses": 2498000000,
    "interestIncome": 0,
    "interestExpense": 0,
    "depreciationAndAmortization": 43700000,
    "ebitda": 352700000,
    "ebitdaratio": 0.1256501603,
    "operatingIncome": 309000000,
    "operatingIncomeRatio": 0.110081938,
    "totalOtherIncomeExpensesNet": 0,
    "incomeBeforeTax": 309000000,
    "incomeBeforeTaxRatio": 0.110081938,
    "incomeTaxExpense": 50700000,
    "netIncome": 253600000,
    "netIncomeRatio": 0.0903455647,
    "eps": 0.87,
    "epsdiluted": 0.86,
    "weightedAverageShsOut": 294944081,
    "weightedAverageShsOutDil": 296200000,
    "link": "https://www.sec.gov/Archives/edgar/data/1126328/000104746916010094/0001047469-16-010094-index.htm",
    "finalLink": "https://www.sec.gov/Archives/edgar/data/1126328/000104746916010094/a2227257z10-k.htm"
  },
  {
    "date": "2015-09-30",
    "symbol": "PFG",
    "reportedCurrency": "USD",
    "cik": "0001126328",
    "fillingDate": "2015-10-28",
    "acceptedDate": "2015-10-28 10:18:30",
    "calendarYear": "2015",
    "period": "Q3",
    "revenue": 3240900000,
    "costOfRevenue": 1869600000,
    "grossProfit": 1371300000,
    "grossProfitRatio": 0.4231232065,
    "researchAndDevelopmentExpenses": 0,
    "generalAndAdministrativeExpenses": 961400000,
    "sellingAndMarketingExpenses": 0,
    "sellingGeneralAndAdministrativeExpenses": 961400000,
    "otherExpenses": 40700000,
    "operatingExpenses": 1002100000,
    "costAndExpenses": 2871700000,
    "interestIncome": 0,
    "interestExpense": 0,
    "depreciationAndAmortization": 66000000,
    "ebitda": 435200000,
    "ebitdaratio": 0.1342836866,
    "operatingIncome": 369200000,
    "operatingIncomeRatio": 0.1139189731,
    "totalOtherIncomeExpensesNet": 0,
    "incomeBeforeTax": 369200000,
    "incomeBeforeTaxRatio": 0.1139189731,
    "incomeTaxExpense": 68300000,
    "netIncome": 300400000,
    "netIncomeRatio": 0.0926903021,
    "eps": 1.02,
    "epsdiluted": 1.01,
    "weightedAverageShsOut": 297425742,
    "weightedAverageShsOutDil": 298500000,
    "link": "https://www.sec.gov/Archives/edgar/data/1126328/000110465915073334/0001104659-15-073334-index.htm",
    "finalLink": "https://www.sec.gov/Archives/edgar/data/1126328/000110465915073334/a15-17793_110q.htm"
  },
  {
    "date": "2015-06-30",
    "symbol": "PFG",
    "reportedCurrency": "USD",
    "cik": "0001126328",
    "fillingDate": "2015-07-29",
    "acceptedDate": "2015-07-29 12:22:05",
    "calendarYear": "2015",
    "period": "Q2",
    "revenue": 3259200000,
    "costOfRevenue": 2054600000,
    "grossProfit": 1204600000,
    "grossProfitRatio": 0.3695999018,
    "researchAndDevelopmentExpenses": 0,
    "generalAndAdministrativeExpenses": 869000000,
    "sellingAndMarketingExpenses": 0,
    "sellingGeneralAndAdministrativeExpenses": 869000000,
    "otherExpenses": 41100000,
    "operatingExpenses": 910100000,
    "costAndExpenses": 2964700000,
    "interestIncome": 0,
    "interestExpense": 0,
    "depreciationAndAmortization": 41700000,
    "ebitda": 336200000,
    "ebitdaratio": 0.1031541483,
    "operatingIncome": 294500000,
    "operatingIncomeRatio": 0.0903595974,
    "totalOtherIncomeExpensesNet": 0,
    "incomeBeforeTax": 294500000,
    "incomeBeforeTaxRatio": 0.0903595974,
    "incomeTaxExpense": 29600000,
    "netIncome": 257600000,
    "netIncomeRatio": 0.0790378007,
    "eps": 0.82,
    "epsdiluted": 0.81,
    "weightedAverageShsOut": 297654320,
    "weightedAverageShsOutDil": 298400000,
    "link": "https://www.sec.gov/Archives/edgar/data/1126328/000110465915054162/0001104659-15-054162-index.htm",
    "finalLink": "https://www.sec.gov/Archives/edgar/data/1126328/000110465915054162/a15-11849_110q.htm"
  },
  {
    "date": "2015-03-31",
    "symbol": "PFG",
    "reportedCurrency": "USD",
    "cik": "0001126328",
    "fillingDate": "2015-04-29",
    "acceptedDate": "2015-04-29 09:35:51",
    "calendarYear": "2015",
    "period": "Q1",
    "revenue": 2657300000,
    "costOfRevenue": 1236300000,
    "grossProfit": 1421000000,
    "grossProfitRatio": 0.534753321,
    "researchAndDevelopmentExpenses": 0,
    "generalAndAdministrativeExpenses": 921200000,
    "sellingAndMarketingExpenses": 0,
    "sellingGeneralAndAdministrativeExpenses": 921200000,
    "otherExpenses": 41700000,
    "operatingExpenses": 962900000,
    "costAndExpenses": 2199200000,
    "interestIncome": 0,
    "interestExpense": 0,
    "depreciationAndAmortization": 41600000,
    "ebitda": 499700000,
    "ebitdaratio": 0.1880480187,
    "operatingIncome": 458100000,
    "operatingIncomeRatio": 0.1723930305,
    "totalOtherIncomeExpensesNet": 0,
    "incomeBeforeTax": 458100000,
    "incomeBeforeTaxRatio": 0.1723930305,
    "incomeTaxExpense": 29000000,
    "netIncome": 422400000,
    "netIncomeRatio": 0.1589583412,
    "eps": 1.41,
    "epsdiluted": 1.39,
    "weightedAverageShsOut": 297985611,
    "weightedAverageShsOutDil": 298500000,
    "link": "https://www.sec.gov/Archives/edgar/data/1126328/000110465915031333/0001104659-15-031333-index.htm",
    "finalLink": "https://www.sec.gov/Archives/edgar/data/1126328/000110465915031333/a15-5965_110q.htm"
  },
  {
    "date": "2014-12-31",
    "symbol": "PFG",
    "reportedCurrency": "USD",
    "cik": "0001126328",
    "fillingDate": "2015-02-11",
    "acceptedDate": "2015-02-11 12:58:06",
    "calendarYear": "2014",
    "period": "Q4",
    "revenue": 2908000000,
    "costOfRevenue": 1621300000,
    "grossProfit": 1286700000,
    "grossProfitRatio": 0.4424690509,
    "researchAndDevelopmentExpenses": 0,
    "generalAndAdministrativeExpenses": 926600000,
    "sellingAndMarketingExpenses": 0,
    "sellingGeneralAndAdministrativeExpenses": 926600000,
    "otherExpenses": 42900000,
    "operatingExpenses": 969500000,
    "costAndExpenses": 2590800000,
    "interestIncome": 0,
    "interestExpense": 0,
    "depreciationAndAmortization": 46700000,
    "ebitda": 363900000,
    "ebitdaratio": 0.1251375516,
    "operatingIncome": 317200000,
    "operatingIncomeRatio": 0.1090784044,
    "totalOtherIncomeExpensesNet": 0,
    "incomeBeforeTax": 317200000,
    "incomeBeforeTaxRatio": 0.1090784044,
    "incomeTaxExpense": 36900000,
    "netIncome": 278700000,
    "netIncomeRatio": 0.0958390646,
    "eps": 0.91,
    "epsdiluted": 0.9,
    "weightedAverageShsOut": 298300000,
    "weightedAverageShsOutDil": 300042387,
    "link": "https://www.sec.gov/Archives/edgar/data/1126328/000104746915000727/0001047469-15-000727-index.htm",
    "finalLink": "https://www.sec.gov/Archives/edgar/data/1126328/000104746915000727/a2222934z10-k.htm"
  },
  {
    "date": "2014-09-30",
    "symbol": "PFG",
    "reportedCurrency": "USD",
    "cik": "0001126328",
    "fillingDate": "2014-10-29",
    "acceptedDate": "2014-10-29 11:12:11",
    "calendarYear": "2014",
    "period": "Q3",
    "revenue": 2484300000,
    "costOfRevenue": 1113800000,
    "grossProfit": 1370500000,
    "grossProfitRatio": 0.5516644528,
    "researchAndDevelopmentExpenses": 0,
    "generalAndAdministrativeExpenses": 932500000,
    "sellingAndMarketingExpenses": 0,
    "sellingGeneralAndAdministrativeExpenses": 932500000,
    "otherExpenses": 44200000,
    "operatingExpenses": 976700000,
    "costAndExpenses": 2090500000,
    "interestIncome": 0,
    "interestExpense": 0,
    "depreciationAndAmortization": 41300000,
    "ebitda": 435100000,
    "ebitdaratio": 0.1751398784,
    "operatingIncome": 393800000,
    "operatingIncomeRatio": 0.1585154772,
    "totalOtherIncomeExpensesNet": 0,
    "incomeBeforeTax": 393800000,
    "incomeBeforeTaxRatio": 0.1585154772,
    "incomeTaxExpense": 141000000,
    "netIncome": 248900000,
    "netIncomeRatio": 0.1001891881,
    "eps": 0.78,
    "epsdiluted": 0.77,
    "weightedAverageShsOut": 298200000,
    "weightedAverageShsOutDil": 299220779,
    "link": "https://www.sec.gov/Archives/edgar/data/1126328/000110465914074658/0001104659-14-074658-index.htm",
    "finalLink": "https://www.sec.gov/Archives/edgar/data/1126328/000110465914074658/a14-19565_110q.htm"
  },
  {
    "date": "2014-06-30",
    "symbol": "PFG",
    "reportedCurrency": "USD",
    "cik": "0001126328",
    "fillingDate": "2014-07-30",
    "acceptedDate": "2014-07-30 12:21:40",
    "calendarYear": "2014",
    "period": "Q2",
    "revenue": 2606700000,
    "costOfRevenue": 1268400000,
    "grossProfit": 1338300000,
    "grossProfitRatio": 0.5134077569,
    "researchAndDevelopmentExpenses": 0,
    "generalAndAdministrativeExpenses": 886200000,
    "sellingAndMarketingExpenses": 0,
    "sellingGeneralAndAdministrativeExpenses": 886200000,
    "otherExpenses": 44600000,
    "operatingExpenses": 930800000,
    "costAndExpenses": 2199200000,
    "interestIncome": 0,
    "interestExpense": 0,
    "depreciationAndAmortization": 41000000,
    "ebitda": 448500000,
    "ebitdaratio": 0.1720566233,
    "operatingIncome": 407500000,
    "operatingIncomeRatio": 0.1563279242,
    "totalOtherIncomeExpensesNet": 0,
    "incomeBeforeTax": 407500000,
    "incomeBeforeTaxRatio": 0.1563279242,
    "incomeTaxExpense": 88300000,
    "netIncome": 314600000,
    "netIncomeRatio": 0.1206889937,
    "eps": 1.04,
    "epsdiluted": 1.03,
    "weightedAverageShsOut": 297669902,
    "weightedAverageShsOutDil": 298300000,
    "link": "https://www.sec.gov/Archives/edgar/data/1126328/000110465914054822/0001104659-14-054822-index.htm",
    "finalLink": "https://www.sec.gov/Archives/edgar/data/1126328/000110465914054822/a14-14032_110q.htm"
  },
  {
    "date": "2014-03-31",
    "symbol": "PFG",
    "reportedCurrency": "USD",
    "cik": "0001126328",
    "fillingDate": "2014-04-30",
    "acceptedDate": "2014-04-30 10:24:51",
    "calendarYear": "2014",
    "period": "Q1",
    "revenue": 2478600000,
    "costOfRevenue": 1227500000,
    "grossProfit": 1251100000,
    "grossProfitRatio": 0.504760752,
    "researchAndDevelopmentExpenses": 0,
    "generalAndAdministrativeExpenses": 829000000,
    "sellingAndMarketingExpenses": 0,
    "sellingGeneralAndAdministrativeExpenses": 829000000,
    "otherExpenses": 45700000,
    "operatingExpenses": 874700000,
    "costAndExpenses": 2102200000,
    "interestIncome": 0,
    "interestExpense": 0,
    "depreciationAndAmortization": 40500000,
    "ebitda": 416900000,
    "ebitdaratio": 0.1681997902,
    "operatingIncome": 376400000,
    "operatingIncomeRatio": 0.1518599209,
    "totalOtherIncomeExpensesNet": 0,
    "incomeBeforeTax": 376400000,
    "incomeBeforeTaxRatio": 0.1518599209,
    "incomeTaxExpense": 52300000,
    "netIncome": 301900000,
    "netIncomeRatio": 0.1218026305,
    "eps": 0.96,
    "epsdiluted": 0.95,
    "weightedAverageShsOut": 298947368,
    "weightedAverageShsOutDil": 299500000,
    "link": "https://www.sec.gov/Archives/edgar/data/1126328/000110465914032420/0001104659-14-032420-index.htm",
    "finalLink": "https://www.sec.gov/Archives/edgar/data/1126328/000110465914032420/a14-9577_110q.htm"
  },
  {
    "date": "2013-12-31",
    "symbol": "PFG",
    "reportedCurrency": "USD",
    "cik": "0001126328",
    "fillingDate": "2014-02-12",
    "acceptedDate": "2014-02-12 12:08:26",
    "calendarYear": "2013",
    "period": "Q4",
    "revenue": 2672600000,
    "costOfRevenue": 1397200000,
    "grossProfit": 1275400000,
    "grossProfitRatio": 0.4772132006,
    "researchAndDevelopmentExpenses": 0,
    "generalAndAdministrativeExpenses": 920800000,
    "sellingAndMarketingExpenses": 0,
    "sellingGeneralAndAdministrativeExpenses": 920800000,
    "otherExpenses": 44700000,
    "operatingExpenses": 965500000,
    "costAndExpenses": 2362700000,
    "interestIncome": 0,
    "interestExpense": 0,
    "depreciationAndAmortization": 39400000,
    "ebitda": 349300000,
    "ebitdaratio": 0.1306966998,
    "operatingIncome": 309900000,
    "operatingIncomeRatio": 0.1159545012,
    "totalOtherIncomeExpensesNet": 0,
    "incomeBeforeTax": 309900000,
    "incomeBeforeTaxRatio": 0.1159545012,
    "incomeTaxExpense": 59500000,
    "netIncome": 241700000,
    "netIncomeRatio": 0.0904362793,
    "eps": 0.78,
    "epsdiluted": 0.78,
    "weightedAverageShsOut": 299300000,
    "weightedAverageShsOutDil": 299300222,
    "link": "https://www.sec.gov/Archives/edgar/data/1126328/000104746914000817/0001047469-14-000817-index.htm",
    "finalLink": "https://www.sec.gov/Archives/edgar/data/1126328/000104746914000817/a2218175z10-k.htm"
  },
  {
    "date": "2013-09-30",
    "symbol": "PFG",
    "reportedCurrency": "USD",
    "cik": "0001126328",
    "fillingDate": "2013-10-30",
    "acceptedDate": "2013-10-30 10:45:57",
    "calendarYear": "2013",
    "period": "Q3",
    "revenue": 2239600000,
    "costOfRevenue": 1096200000,
    "grossProfit": 1143400000,
    "grossProfitRatio": 0.510537596,
    "researchAndDevelopmentExpenses": 0,
    "generalAndAdministrativeExpenses": 774600000,
    "sellingAndMarketingExpenses": 0,
    "sellingGeneralAndAdministrativeExpenses": 774600000,
    "otherExpenses": 48500000,
    "operatingExpenses": 823100000,
    "costAndExpenses": 1919300000,
    "interestIncome": 0,
    "interestExpense": 0,
    "depreciationAndAmortization": 39300000,
    "ebitda": 359600000,
    "ebitdaratio": 0.1605643865,
    "operatingIncome": 320300000,
    "operatingIncomeRatio": 0.1430166101,
    "totalOtherIncomeExpensesNet": 0,
    "incomeBeforeTax": 320300000,
    "incomeBeforeTaxRatio": 0.1430166101,
    "incomeTaxExpense": 61200000,
    "netIncome": 253900000,
    "netIncomeRatio": 0.1133684587,
    "eps": 0.83,
    "epsdiluted": 0.82,
    "weightedAverageShsOut": 298600000,
    "weightedAverageShsOutDil": 299634146,
    "link": "https://www.sec.gov/Archives/edgar/data/1126328/000110465913079067/0001104659-13-079067-index.htm",
    "finalLink": "https://www.sec.gov/Archives/edgar/data/1126328/000110465913079067/a13-19451_110q.htm"
  },
  {
    "date": "2013-06-30",
    "symbol": "PFG",
    "reportedCurrency": "USD",
    "cik": "0001126328",
    "fillingDate": "2013-07-31",
    "acceptedDate": "2013-07-31 10:17:12",
    "calendarYear": "2013",
    "period": "Q2",
    "revenue": 2210600000,
    "costOfRevenue": 1095700000,
    "grossProfit": 1114900000,
    "grossProfitRatio": 0.5043427124,
    "researchAndDevelopmentExpenses": 0,
    "generalAndAdministrativeExpenses": 801800000,
    "sellingAndMarketingExpenses": 0,
    "sellingGeneralAndAdministrativeExpenses": 801800000,
    "otherExpenses": 47500000,
    "operatingExpenses": 849300000,
    "costAndExpenses": 1945000000,
    "interestIncome": 0,
    "interestExpense": 0,
    "depreciationAndAmortization": 40300000,
    "ebitda": 305900000,
    "ebitdaratio": 0.1383787207,
    "operatingIncome": 265600000,
    "operatingIncomeRatio": 0.120148376,
    "totalOtherIncomeExpensesNet": 0,
    "incomeBeforeTax": 265600000,
    "incomeBeforeTaxRatio": 0.120148376,
    "incomeTaxExpense": 29000000,
    "netIncome": 230600000,
    "netIncomeRatio": 0.1043155704,
    "eps": 0.76,
    "epsdiluted": 0.75,
    "weightedAverageShsOut": 296400000,
    "weightedAverageShsOutDil": 297200000,
    "link": "https://www.sec.gov/Archives/edgar/data/1126328/000110465913058204/0001104659-13-058204-index.htm",
    "finalLink": "https://www.sec.gov/Archives/edgar/data/1126328/000110465913058204/a13-13601_110q.htm"
  },
  {
    "date": "2013-03-31",
    "symbol": "PFG",
    "reportedCurrency": "USD",
    "cik": "0001126328",
    "fillingDate": "2013-05-01",
    "acceptedDate": "2013-05-01 09:28:41",
    "calendarYear": "2013",
    "period": "Q1",
    "revenue": 2166700000,
    "costOfRevenue": 1094500000,
    "grossProfit": 1072200000,
    "grossProfitRatio": 0.4948539253,
    "researchAndDevelopmentExpenses": 0,
    "generalAndAdministrativeExpenses": 795700000,
    "sellingAndMarketingExpenses": 0,
    "sellingGeneralAndAdministrativeExpenses": 795700000,
    "otherExpenses": 48300000,
    "operatingExpenses": 844000000,
    "costAndExpenses": 1938500000,
    "interestIncome": 0,
    "interestExpense": 0,
    "depreciationAndAmortization": 34900000,
    "ebitda": 263100000,
    "ebitdaratio": 0.1214289011,
    "operatingIncome": 228200000,
    "operatingIncomeRatio": 0.1053214566,
    "totalOtherIncomeExpensesNet": 0,
    "incomeBeforeTax": 228200000,
    "incomeBeforeTaxRatio": 0.1053214566,
    "incomeTaxExpense": 38200000,
    "netIncome": 186500000,
    "netIncomeRatio": 0.0860755988,
    "eps": 0.61,
    "epsdiluted": 0.61,
    "weightedAverageShsOut": 294100182,
    "weightedAverageShsOutDil": 297100000,
    "link": "https://www.sec.gov/Archives/edgar/data/1126328/000110465913035720/0001104659-13-035720-index.htm",
    "finalLink": "https://www.sec.gov/Archives/edgar/data/1126328/000110465913035720/a13-7339_110q.htm"
  },
  {
    "date": "2012-12-31",
    "symbol": "PFG",
    "reportedCurrency": "USD",
    "cik": "0001126328",
    "fillingDate": "2013-02-13",
    "acceptedDate": "2013-02-13 09:53:04",
    "calendarYear": "2012",
    "period": "Q4",
    "revenue": 2295900000,
    "costOfRevenue": 1154400000,
    "grossProfit": 1141500000,
    "grossProfitRatio": 0.4971906442,
    "researchAndDevelopmentExpenses": 0,
    "generalAndAdministrativeExpenses": 0,
    "sellingAndMarketingExpenses": 0,
    "sellingGeneralAndAdministrativeExpenses": 0,
    "otherExpenses": 875600000,
    "operatingExpenses": 875600000,
    "costAndExpenses": 2030000000,
    "interestIncome": 0,
    "interestExpense": 0,
    "depreciationAndAmortization": 32100000,
    "ebitda": 298000000,
    "ebitdaratio": 0.1297965939,
    "operatingIncome": 265900000,
    "operatingIncomeRatio": 0.1158151487,
    "totalOtherIncomeExpensesNet": 0,
    "incomeBeforeTax": 265900000,
    "incomeBeforeTaxRatio": 0.1158151487,
    "incomeTaxExpense": 35500000,
    "netIncome": 226900000,
    "netIncomeRatio": 0.0988283462,
    "eps": 0.72,
    "epsdiluted": 0.72,
    "weightedAverageShsOut": 297300000,
    "weightedAverageShsOutDil": 297300363,
    "link": "https://www.sec.gov/Archives/edgar/data/1126328/000104746913000940/0001047469-13-000940-index.htm",
    "finalLink": "https://www.sec.gov/Archives/edgar/data/1126328/000104746913000940/a2212740z10-k.htm"
  },
  {
    "date": "2012-09-30",
    "symbol": "PFG",
    "reportedCurrency": "USD",
    "cik": "0001126328",
    "fillingDate": "2012-10-31",
    "acceptedDate": "2012-10-31 11:36:34",
    "calendarYear": "2012",
    "period": "Q3",
    "revenue": 2704700000,
    "costOfRevenue": 1647000000,
    "grossProfit": 1057700000,
    "grossProfitRatio": 0.3910600067,
    "researchAndDevelopmentExpenses": 0,
    "generalAndAdministrativeExpenses": 816400000,
    "sellingAndMarketingExpenses": 0,
    "sellingGeneralAndAdministrativeExpenses": 816400000,
    "otherExpenses": 49700000,
    "operatingExpenses": 866100000,
    "costAndExpenses": 2513100000,
    "interestIncome": 0,
    "interestExpense": 0,
    "depreciationAndAmortization": 32900000,
    "ebitda": 224500000,
    "ebitdaratio": 0.0830036603,
    "operatingIncome": 191600000,
    "operatingIncomeRatio": 0.0708396495,
    "totalOtherIncomeExpensesNet": 0,
    "incomeBeforeTax": 191600000,
    "incomeBeforeTaxRatio": 0.0708396495,
    "incomeTaxExpense": -7200000,
    "netIncome": 195400000,
    "netIncomeRatio": 0.0722446112,
    "eps": 0.64,
    "epsdiluted": 0.63,
    "weightedAverageShsOut": 297142857,
    "weightedAverageShsOutDil": 297500000,
    "link": "https://www.sec.gov/Archives/edgar/data/1126328/000110465912072563/0001104659-12-072563-index.htm",
    "finalLink": "https://www.sec.gov/Archives/edgar/data/1126328/000110465912072563/a12-19844_110q.htm"
  },
  {
    "date": "2012-06-30",
    "symbol": "PFG",
    "reportedCurrency": "USD",
    "cik": "0001126328",
    "fillingDate": "2012-08-01",
    "acceptedDate": "2012-08-01 11:24:52",
    "calendarYear": "2012",
    "period": "Q2",
    "revenue": 2118600000,
    "costOfRevenue": 1110000000,
    "grossProfit": 1008600000,
    "grossProfitRatio": 0.4760691022,
    "researchAndDevelopmentExpenses": 0,
    "generalAndAdministrativeExpenses": 729600000,
    "sellingAndMarketingExpenses": 0,
    "sellingGeneralAndAdministrativeExpenses": 729600000,
    "otherExpenses": 49500000,
    "operatingExpenses": 779100000,
    "costAndExpenses": 1889100000,
    "interestIncome": 0,
    "interestExpense": 1300000,
    "depreciationAndAmortization": 33400000,
    "ebitda": 269700000,
    "ebitdaratio": 0.1273010479,
    "operatingIncome": 230800000,
    "operatingIncomeRatio": 0.1089398659,
    "totalOtherIncomeExpensesNet": -1300000,
    "incomeBeforeTax": 229500000,
    "incomeBeforeTaxRatio": 0.1083262532,
    "incomeTaxExpense": 50900000,
    "netIncome": 175900000,
    "netIncomeRatio": 0.083026527,
    "eps": 0.58,
    "epsdiluted": 0.57,
    "weightedAverageShsOut": 301900000,
    "weightedAverageShsOutDil": 301900000,
    "link": "https://www.sec.gov/Archives/edgar/data/1126328/000110465912053079/0001104659-12-053079-index.htm",
    "finalLink": "https://www.sec.gov/Archives/edgar/data/1126328/000110465912053079/a12-12420_110q.htm"
  },
  {
    "date": "2012-03-31",
    "symbol": "PFG",
    "reportedCurrency": "USD",
    "cik": "0001126328",
    "fillingDate": "2012-05-02",
    "acceptedDate": "2012-05-02 13:23:33",
    "calendarYear": "2012",
    "period": "Q1",
    "revenue": 2095900000,
    "costOfRevenue": 1212500000,
    "grossProfit": 883400000,
    "grossProfitRatio": 0.4214895749,
    "researchAndDevelopmentExpenses": 0,
    "generalAndAdministrativeExpenses": 555100000,
    "sellingAndMarketingExpenses": 0,
    "sellingGeneralAndAdministrativeExpenses": 555100000,
    "otherExpenses": 50300000,
    "operatingExpenses": 605400000,
    "costAndExpenses": 1817900000,
    "interestIncome": 0,
    "interestExpense": 0,
    "depreciationAndAmortization": 32800000,
    "ebitda": 310800000,
    "ebitdaratio": 0.1482895176,
    "operatingIncome": 278000000,
    "operatingIncomeRatio": 0.132639916,
    "totalOtherIncomeExpensesNet": 0,
    "incomeBeforeTax": 278000000,
    "incomeBeforeTaxRatio": 0.132639916,
    "incomeTaxExpense": 56700000,
    "netIncome": 212100000,
    "netIncomeRatio": 0.1011975762,
    "eps": 0.67,
    "epsdiluted": 0.66,
    "weightedAverageShsOut": 300900000,
    "weightedAverageShsOutDil": 304700000,
    "link": "https://www.sec.gov/Archives/edgar/data/1126328/000110465912031892/0001104659-12-031892-index.htm",
    "finalLink": "https://www.sec.gov/Archives/edgar/data/1126328/000110465912031892/a12-8589_110q.htm"
  },
  {
    "date": "2011-12-31",
    "symbol": "PFG",
    "reportedCurrency": "USD",
    "cik": "0001126328",
    "fillingDate": "2012-02-15",
    "acceptedDate": "2012-02-15 11:19:22",
    "calendarYear": "2011",
    "period": "Q4",
    "revenue": 2059000000,
    "costOfRevenue": 1117100000,
    "grossProfit": 941900000,
    "grossProfitRatio": 0.4574550753,
    "researchAndDevelopmentExpenses": 0,
    "generalAndAdministrativeExpenses": 0,
    "sellingAndMarketingExpenses": 0,
    "sellingGeneralAndAdministrativeExpenses": 0,
    "otherExpenses": 748300000,
    "operatingExpenses": 748300000,
    "costAndExpenses": 1865400000,
    "interestIncome": 0,
    "interestExpense": 0,
    "depreciationAndAmortization": 28400000,
    "ebitda": 222000000,
    "ebitdaratio": 0.1078193298,
    "operatingIncome": 193600000,
    "operatingIncomeRatio": 0.0940262263,
    "totalOtherIncomeExpensesNet": 0,
    "incomeBeforeTax": 193600000,
    "incomeBeforeTaxRatio": 0.0940262263,
    "incomeTaxExpense": 21700000,
    "netIncome": 172300000,
    "netIncomeRatio": 0.0836813987,
    "eps": 0.57,
    "epsdiluted": 0.57,
    "weightedAverageShsOut": 300900000,
    "weightedAverageShsOutDil": 300900000,
    "link": "https://www.sec.gov/Archives/edgar/data/1126328/000104746912001065/0001047469-12-001065-index.htm",
    "finalLink": "https://www.sec.gov/Archives/edgar/data/1126328/000104746912001065/a2207170z10-k.htm"
  },
  {
    "date": "2011-09-30",
    "symbol": "PFG",
    "reportedCurrency": "USD",
    "cik": "0001126328",
    "fillingDate": "2011-11-02",
    "acceptedDate": "2011-11-02 09:57:03",
    "calendarYear": "2011",
    "period": "Q3",
    "revenue": 2093600000,
    "costOfRevenue": 1114900000,
    "grossProfit": 978700000,
    "grossProfitRatio": 0.4674722965,
    "researchAndDevelopmentExpenses": 0,
    "generalAndAdministrativeExpenses": 0,
    "sellingAndMarketingExpenses": 0,
    "sellingGeneralAndAdministrativeExpenses": 0,
    "otherExpenses": 827600000,
    "operatingExpenses": 827600000,
    "costAndExpenses": 1942500000,
    "interestIncome": 0,
    "interestExpense": 1600000,
    "depreciationAndAmortization": 28100000,
    "ebitda": 167900000,
    "ebitdaratio": 0.0801967902,
    "operatingIncome": 152700000,
    "operatingIncomeRatio": 0.0729365686,
    "totalOtherIncomeExpensesNet": -1600000,
    "incomeBeforeTax": 151100000,
    "incomeBeforeTaxRatio": 0.0721723347,
    "incomeTaxExpense": 76600000,
    "netIncome": 80100000,
    "netIncomeRatio": 0.0382594574,
    "eps": 0.23,
    "epsdiluted": 0.23,
    "weightedAverageShsOut": 311900000,
    "weightedAverageShsOutDil": 314800000,
    "link": "https://www.sec.gov/Archives/edgar/data/1126328/000110465911059800/0001104659-11-059800-index.htm",
    "finalLink": "https://www.sec.gov/Archives/edgar/data/1126328/000110465911059800/a11-24603_110q.htm"
  },
  {
    "date": "2011-06-30",
    "symbol": "PFG",
    "reportedCurrency": "USD",
    "cik": "0001126328",
    "fillingDate": "2011-08-03",
    "acceptedDate": "2011-08-03 11:23:18",
    "calendarYear": "2011",
    "period": "Q2",
    "revenue": 2296400000,
    "costOfRevenue": 1193900000,
    "grossProfit": 1102500000,
    "grossProfitRatio": 0.4800992858,
    "researchAndDevelopmentExpenses": 0,
    "generalAndAdministrativeExpenses": 0,
    "sellingAndMarketingExpenses": 0,
    "sellingGeneralAndAdministrativeExpenses": 0,
    "otherExpenses": 792300000,
    "operatingExpenses": 792300000,
    "costAndExpenses": 1986200000,
    "interestIncome": 0,
    "interestExpense": 1700000,
    "depreciationAndAmortization": 27900000,
    "ebitda": 339800000,
    "ebitdaratio": 0.1479707368,
    "operatingIncome": 311900000,
    "operatingIncomeRatio": 0.1358212855,
    "totalOtherIncomeExpensesNet": -1700000,
    "incomeBeforeTax": 310200000,
    "incomeBeforeTaxRatio": 0.1350809963,
    "incomeTaxExpense": 61000000,
    "netIncome": 225600000,
    "netIncomeRatio": 0.0982407246,
    "eps": 0.68,
    "epsdiluted": 0.67,
    "weightedAverageShsOut": 320000000,
    "weightedAverageShsOutDil": 323200000,
    "link": "https://www.sec.gov/Archives/edgar/data/1126328/000110465911042988/0001104659-11-042988-index.htm",
    "finalLink": "https://www.sec.gov/Archives/edgar/data/1126328/000110465911042988/a11-12780_110q.htm"
  },
  {
    "date": "2011-03-31",
    "symbol": "PFG",
    "reportedCurrency": "USD",
    "cik": "0001126328",
    "fillingDate": "2011-05-04",
    "acceptedDate": "2011-05-04 12:01:15",
    "calendarYear": "2011",
    "period": "Q1",
    "revenue": 2221900000,
    "costOfRevenue": 1188900000,
    "grossProfit": 1033000000,
    "grossProfitRatio": 0.464917413,
    "researchAndDevelopmentExpenses": 0,
    "generalAndAdministrativeExpenses": 0,
    "sellingAndMarketingExpenses": 0,
    "sellingGeneralAndAdministrativeExpenses": 717900000,
    "otherExpenses": 53600000,
    "operatingExpenses": 771500000,
    "costAndExpenses": 1960400000,
    "interestIncome": 0,
    "interestExpense": 0,
    "depreciationAndAmortization": 31400000,
    "ebitda": 292900000,
    "ebitdaratio": 0.1318241145,
    "operatingIncome": 261500000,
    "operatingIncomeRatio": 0.1176920653,
    "totalOtherIncomeExpensesNet": 0,
    "incomeBeforeTax": 261500000,
    "incomeBeforeTaxRatio": 0.1176920653,
    "incomeTaxExpense": 52700000,
    "netIncome": 190200000,
    "netIncomeRatio": 0.0856024123,
    "eps": 0.57,
    "epsdiluted": 0.56,
    "weightedAverageShsOut": 321300000,
    "weightedAverageShsOutDil": 324700000,
    "link": "https://www.sec.gov/Archives/edgar/data/1126328/000110465911025598/0001104659-11-025598-index.htm",
    "finalLink": "https://www.sec.gov/Archives/edgar/data/1126328/000110465911025598/a11-8578_110q.htm"
  },
  {
    "date": "2010-12-31",
    "symbol": "PFG",
    "reportedCurrency": "USD",
    "cik": "0001126328",
    "fillingDate": "2011-02-16",
    "acceptedDate": "2011-02-16 12:48:23",
    "calendarYear": "2010",
    "period": "Q4",
    "revenue": 2372500000,
    "costOfRevenue": 1405800000,
    "grossProfit": 966700000,
    "grossProfitRatio": 0.4074604847,
    "researchAndDevelopmentExpenses": 0,
    "generalAndAdministrativeExpenses": 0,
    "sellingAndMarketingExpenses": 0,
    "sellingGeneralAndAdministrativeExpenses": 0,
    "otherExpenses": 703000000,
    "operatingExpenses": 703000000,
    "costAndExpenses": 2108800000,
    "interestIncome": 0,
    "interestExpense": 0,
    "depreciationAndAmortization": -178100000,
    "ebitda": 85600000,
    "ebitdaratio": 0.0360800843,
    "operatingIncome": 263700000,
    "operatingIncomeRatio": 0.1111485774,
    "totalOtherIncomeExpensesNet": 0,
    "incomeBeforeTax": 263700000,
    "incomeBeforeTaxRatio": 0.1111485774,
    "incomeTaxExpense": 45600000,
    "netIncome": 207600000,
    "netIncomeRatio": 0.0875026344,
    "eps": 0.65,
    "epsdiluted": 0.65,
    "weightedAverageShsOut": 320600000,
    "weightedAverageShsOutDil": 321300000,
    "link": "https://www.sec.gov/Archives/edgar/data/1126328/000104746911000974/0001047469-11-000974-index.htm",
    "finalLink": "https://www.sec.gov/Archives/edgar/data/1126328/000104746911000974/a2201860z10-k.htm"
  },
  {
    "date": "2010-09-30",
    "symbol": "PFG",
    "reportedCurrency": "USD",
    "cik": "0001126328",
    "fillingDate": "2010-11-03",
    "acceptedDate": "2010-11-03 16:22:00",
    "calendarYear": "2010",
    "period": "Q3",
    "revenue": 2288500000,
    "costOfRevenue": 1320300000,
    "grossProfit": 968200000,
    "grossProfitRatio": 0.4230718811,
    "researchAndDevelopmentExpenses": 0,
    "generalAndAdministrativeExpenses": 0,
    "sellingAndMarketingExpenses": 0,
    "sellingGeneralAndAdministrativeExpenses": 0,
    "otherExpenses": 804700000,
    "operatingExpenses": 804700000,
    "costAndExpenses": 2125000000,
    "interestIncome": 0,
    "interestExpense": 2200000,
    "depreciationAndAmortization": 71900000,
    "ebitda": 237600000,
    "ebitdaratio": 0.1038234652,
    "operatingIncome": 165700000,
    "operatingIncomeRatio": 0.0724055058,
    "totalOtherIncomeExpensesNet": -2200000,
    "incomeBeforeTax": 163500000,
    "incomeBeforeTaxRatio": 0.0714441774,
    "incomeTaxExpense": 12200000,
    "netIncome": 150400000,
    "netIncomeRatio": 0.0657199039,
    "eps": 0.44,
    "epsdiluted": 0.44,
    "weightedAverageShsOut": 320300000,
    "weightedAverageShsOutDil": 323181818,
    "link": "https://www.sec.gov/Archives/edgar/data/1126328/000110465910055606/0001104659-10-055606-index.htm",
    "finalLink": "https://www.sec.gov/Archives/edgar/data/1126328/000110465910055606/a10-16402_110q.htm"
  },
  {
    "date": "2010-06-30",
    "symbol": "PFG",
    "reportedCurrency": "USD",
    "cik": "0001126328",
    "fillingDate": "2010-08-04",
    "acceptedDate": "2010-08-04 14:32:42",
    "calendarYear": "2010",
    "period": "Q2",
    "revenue": 2233600000,
    "costOfRevenue": 1337000000,
    "grossProfit": 896600000,
    "grossProfitRatio": 0.4014147564,
    "researchAndDevelopmentExpenses": 0,
    "generalAndAdministrativeExpenses": 0,
    "sellingAndMarketingExpenses": 0,
    "sellingGeneralAndAdministrativeExpenses": 0,
    "otherExpenses": 738800000,
    "operatingExpenses": 738800000,
    "costAndExpenses": 2075800000,
    "interestIncome": 0,
    "interestExpense": 0,
    "depreciationAndAmortization": 29400000,
    "ebitda": 187200000,
    "ebitdaratio": 0.0838108883,
    "operatingIncome": 157800000,
    "operatingIncomeRatio": 0.0706482808,
    "totalOtherIncomeExpensesNet": 0,
    "incomeBeforeTax": 157800000,
    "incomeBeforeTaxRatio": 0.0706482808,
    "incomeTaxExpense": 13600000,
    "netIncome": 142300000,
    "netIncomeRatio": 0.0637088109,
    "eps": 0.42,
    "epsdiluted": 0.42,
    "weightedAverageShsOut": 320100000,
    "weightedAverageShsOutDil": 322900000,
    "link": "https://www.sec.gov/Archives/edgar/data/1126328/000110465910041816/0001104659-10-041816-index.htm",
    "finalLink": "https://www.sec.gov/Archives/edgar/data/1126328/000110465910041816/a10-10512_110q.htm"
  },
  {
    "date": "2010-03-31",
    "symbol": "PFG",
    "reportedCurrency": "USD",
    "cik": "0001126328",
    "fillingDate": "2010-05-05",
    "acceptedDate": "2010-05-05 09:20:21",
    "calendarYear": "2010",
    "period": "Q1",
    "revenue": 2264000000,
    "costOfRevenue": 1275300000,
    "grossProfit": 988700000,
    "grossProfitRatio": 0.436704947,
    "researchAndDevelopmentExpenses": 0,
    "generalAndAdministrativeExpenses": 0,
    "sellingAndMarketingExpenses": 0,
    "sellingGeneralAndAdministrativeExpenses": 0,
    "otherExpenses": 732400000,
    "operatingExpenses": 732400000,
    "costAndExpenses": 2007700000,
    "interestIncome": 0,
    "interestExpense": 0,
    "depreciationAndAmortization": 29900000,
    "ebitda": 286200000,
    "ebitdaratio": 0.1264134276,
    "operatingIncome": 256300000,
    "operatingIncomeRatio": 0.1132067138,
    "totalOtherIncomeExpensesNet": 0,
    "incomeBeforeTax": 256300000,
    "incomeBeforeTaxRatio": 0.1132067138,
    "incomeTaxExpense": 52700000,
    "netIncome": 199000000,
    "netIncomeRatio": 0.0878975265,
    "eps": 0.6,
    "epsdiluted": 0.59,
    "weightedAverageShsOut": 319800000,
    "weightedAverageShsOutDil": 322100000,
    "link": "https://www.sec.gov/Archives/edgar/data/1126328/000110465910025536/0001104659-10-025536-index.htm",
    "finalLink": "https://www.sec.gov/Archives/edgar/data/1126328/000110465910025536/a10-5719_110q.htm"
  },
  {
    "date": "2009-12-31",
    "symbol": "PFG",
    "reportedCurrency": "USD",
    "cik": "0001126328",
    "fillingDate": "2010-02-17",
    "acceptedDate": "2010-02-17 14:28:25",
    "calendarYear": "2009",
    "period": "Q4",
    "revenue": 2232400000,
    "costOfRevenue": 1376500000,
    "grossProfit": 855900000,
    "grossProfitRatio": 0.3833990324,
    "researchAndDevelopmentExpenses": 0,
    "generalAndAdministrativeExpenses": 0,
    "sellingAndMarketingExpenses": 0,
    "sellingGeneralAndAdministrativeExpenses": 0,
    "otherExpenses": 686400000,
    "operatingExpenses": 686400000,
    "costAndExpenses": 2062900000,
    "interestIncome": 0,
    "interestExpense": 0,
    "depreciationAndAmortization": -36300000,
    "ebitda": 133200000,
    "ebitdaratio": 0.0596667264,
    "operatingIncome": 169500000,
    "operatingIncomeRatio": 0.0759272532,
    "totalOtherIncomeExpensesNet": 0,
    "incomeBeforeTax": 169500000,
    "incomeBeforeTaxRatio": 0.0759272532,
    "incomeTaxExpense": 14600000,
    "netIncome": 150200000,
    "netIncomeRatio": 0.0672818491,
    "eps": 0.47,
    "epsdiluted": 0.47,
    "weightedAverageShsOut": 319500000,
    "weightedAverageShsOutDil": 319800000,
    "link": "https://www.sec.gov/Archives/edgar/data/1126328/000104746910000948/0001047469-10-000948-index.htm",
    "finalLink": "https://www.sec.gov/Archives/edgar/data/1126328/000104746910000948/a2196417z10-k.htm"
  },
  {
    "date": "2009-09-30",
    "symbol": "PFG",
    "reportedCurrency": "USD",
    "cik": "0001126328",
    "fillingDate": "2009-11-04",
    "acceptedDate": "2009-11-04 12:01:41",
    "calendarYear": "2009",
    "period": "Q3",
    "revenue": 2270300000,
    "costOfRevenue": 1317100000,
    "grossProfit": 953200000,
    "grossProfitRatio": 0.4198564066,
    "researchAndDevelopmentExpenses": 0,
    "generalAndAdministrativeExpenses": 0,
    "sellingAndMarketingExpenses": 0,
    "sellingGeneralAndAdministrativeExpenses": 0,
    "otherExpenses": 704900000,
    "operatingExpenses": 704900000,
    "costAndExpenses": 2022000000,
    "interestIncome": 0,
    "interestExpense": 0,
    "depreciationAndAmortization": 69800000,
    "ebitda": 318100000,
    "ebitdaratio": 0.1401136414,
    "operatingIncome": 248300000,
    "operatingIncomeRatio": 0.1093688059,
    "totalOtherIncomeExpensesNet": 0,
    "incomeBeforeTax": 248300000,
    "incomeBeforeTaxRatio": 0.1093688059,
    "incomeTaxExpense": 44100000,
    "netIncome": 192900000,
    "netIncomeRatio": 0.0849667445,
    "eps": 0.58,
    "epsdiluted": 0.57,
    "weightedAverageShsOut": 319100000,
    "weightedAverageShsOutDil": 321500000,
    "link": "https://www.sec.gov/Archives/edgar/data/1126328/000110465909062402/0001104659-09-062402-index.htm",
    "finalLink": "https://www.sec.gov/Archives/edgar/data/1126328/000110465909062402/a09-27109_110q.htm"
  },
  {
    "date": "2009-06-30",
    "symbol": "PFG",
    "reportedCurrency": "USD",
    "cik": "0001126328",
    "fillingDate": "2009-08-05",
    "acceptedDate": "2009-08-05 17:04:12",
    "calendarYear": "2009",
    "period": "Q2",
    "revenue": 2157800000,
    "costOfRevenue": 1897000000,
    "grossProfit": 260800000,
    "grossProfitRatio": 0.1208638428,
    "researchAndDevelopmentExpenses": 0,
    "generalAndAdministrativeExpenses": 0,
    "sellingAndMarketingExpenses": 0,
    "sellingGeneralAndAdministrativeExpenses": 0,
    "otherExpenses": 62900000,
    "operatingExpenses": 62900000,
    "costAndExpenses": 1959900000,
    "interestIncome": 0,
    "interestExpense": 0,
    "depreciationAndAmortization": -13400000,
    "ebitda": 184500000,
    "ebitdaratio": 0.0855037538,
    "operatingIncome": 197900000,
    "operatingIncomeRatio": 0.0917137826,
    "totalOtherIncomeExpensesNet": 0,
    "incomeBeforeTax": 197900000,
    "incomeBeforeTaxRatio": 0.0917137826,
    "incomeTaxExpense": 33900000,
    "netIncome": 158600000,
    "netIncomeRatio": 0.0735007878,
    "eps": 0.52,
    "epsdiluted": 0.52,
    "weightedAverageShsOut": 289900000,
    "weightedAverageShsOutDil": 291400000,
    "link": "https://www.sec.gov/Archives/edgar/data/1126328/000110465909047410/0001104659-09-047410-index.htm",
    "finalLink": "https://www.sec.gov/Archives/edgar/data/1126328/000110465909047410/a09-15218_110q.htm"
  },
  {
    "date": "2009-03-31",
    "symbol": "PFG",
    "reportedCurrency": "USD",
    "cik": "0001126328",
    "fillingDate": "2009-05-06",
    "acceptedDate": "2009-05-06 15:59:31",
    "calendarYear": "2009",
    "period": "Q1",
    "revenue": 2188600000,
    "costOfRevenue": 1995000000,
    "grossProfit": 193600000,
    "grossProfitRatio": 0.0884583752,
    "researchAndDevelopmentExpenses": 0,
    "generalAndAdministrativeExpenses": 0,
    "sellingAndMarketingExpenses": 0,
    "sellingGeneralAndAdministrativeExpenses": 0,
    "otherExpenses": 63500000,
    "operatingExpenses": 63500000,
    "costAndExpenses": 2058500000,
    "interestIncome": 0,
    "interestExpense": 0,
    "depreciationAndAmortization": 118400000,
    "ebitda": 248500000,
    "ebitdaratio": 0.1135429041,
    "operatingIncome": 130100000,
    "operatingIncomeRatio": 0.0594443937,
    "totalOtherIncomeExpensesNet": 0,
    "incomeBeforeTax": 130100000,
    "incomeBeforeTaxRatio": 0.0594443937,
    "incomeTaxExpense": 7500000,
    "netIncome": 121000000,
    "netIncomeRatio": 0.0552864845,
    "eps": 0.43,
    "epsdiluted": 0.43,
    "weightedAverageShsOut": 260000000,
    "weightedAverageShsOutDil": 260500000,
    "link": "https://www.sec.gov/Archives/edgar/data/1126328/000110465909029988/0001104659-09-029988-index.htm",
    "finalLink": "https://www.sec.gov/Archives/edgar/data/1126328/000110465909029988/a09-9328_110q.htm"
  },
  {
    "date": "2008-12-31",
    "symbol": "PFG",
    "reportedCurrency": "USD",
    "cik": "0001126328",
    "fillingDate": "2009-02-18",
    "acceptedDate": "2009-02-18 10:40:53",
    "calendarYear": "2008",
    "period": "Q4",
    "revenue": 2279200000,
    "costOfRevenue": 1516700000,
    "grossProfit": 762500000,
    "grossProfitRatio": 0.3345472095,
    "researchAndDevelopmentExpenses": 0,
    "generalAndAdministrativeExpenses": 0,
    "sellingAndMarketingExpenses": 0,
    "sellingGeneralAndAdministrativeExpenses": 0,
    "otherExpenses": 823000000,
    "operatingExpenses": 823000000,
    "costAndExpenses": 2339700000,
    "interestIncome": 0,
    "interestExpense": 0,
    "depreciationAndAmortization": -173000000,
    "ebitda": -233500000,
    "ebitdaratio": -0.1024482274,
    "operatingIncome": -60500000,
    "operatingIncomeRatio": -0.0265444015,
    "totalOtherIncomeExpensesNet": 0,
    "incomeBeforeTax": -60500000,
    "incomeBeforeTaxRatio": -0.0265444015,
    "incomeTaxExpense": -61300000,
    "netIncome": 800000,
    "netIncomeRatio": 0.0003510004,
    "eps": 0.0031,
    "epsdiluted": 0.0031,
    "weightedAverageShsOut": 259600000,
    "weightedAverageShsOutDil": 260000000,
    "link": "https://www.sec.gov/Archives/edgar/data/1126328/000104746909001547/0001047469-09-001547-index.htm",
    "finalLink": "https://www.sec.gov/Archives/edgar/data/1126328/000104746909001547/a2190573z10-k.htm"
  },
  {
    "date": "2008-09-30",
    "symbol": "PFG",
    "reportedCurrency": "USD",
    "cik": "0001126328",
    "fillingDate": "2008-11-05",
    "acceptedDate": "2008-11-05 14:59:06",
    "calendarYear": "2008",
    "period": "Q3",
    "revenue": 2497800000,
    "costOfRevenue": 1597200000,
    "grossProfit": 900600000,
    "grossProfitRatio": 0.3605572904,
    "researchAndDevelopmentExpenses": 0,
    "generalAndAdministrativeExpenses": 0,
    "sellingAndMarketingExpenses": 0,
    "sellingGeneralAndAdministrativeExpenses": 0,
    "otherExpenses": 794100000,
    "operatingExpenses": 794100000,
    "costAndExpenses": 2391300000,
    "interestIncome": 0,
    "interestExpense": 0,
    "depreciationAndAmortization": 121800000,
    "ebitda": 228300000,
    "ebitdaratio": 0.0914004324,
    "operatingIncome": 106500000,
    "operatingIncomeRatio": 0.042637521,
    "totalOtherIncomeExpensesNet": 0,
    "incomeBeforeTax": 106500000,
    "incomeBeforeTaxRatio": 0.042637521,
    "incomeTaxExpense": -2200000,
    "netIncome": 98300000,
    "netIncomeRatio": 0.0393546321,
    "eps": 0.35,
    "epsdiluted": 0.35,
    "weightedAverageShsOut": 259500000,
    "weightedAverageShsOutDil": 261000000,
    "link": "https://www.sec.gov/Archives/edgar/data/1126328/000110465908068166/0001104659-08-068166-index.htm",
    "finalLink": "https://www.sec.gov/Archives/edgar/data/1126328/000110465908068166/a08-25328_110q.htm"
  },
  {
    "date": "2008-06-30",
    "symbol": "PFG",
    "reportedCurrency": "USD",
    "cik": "0001126328",
    "fillingDate": "2008-08-06",
    "acceptedDate": "2008-08-06 13:06:57",
    "calendarYear": "2008",
    "period": "Q2",
    "revenue": 2658100000,
    "costOfRevenue": 2376600000,
    "grossProfit": 281500000,
    "grossProfitRatio": 0.1059027125,
    "researchAndDevelopmentExpenses": 0,
    "generalAndAdministrativeExpenses": 0,
    "sellingAndMarketingExpenses": 0,
    "sellingGeneralAndAdministrativeExpenses": 0,
    "otherExpenses": 69000000,
    "operatingExpenses": 69000000,
    "costAndExpenses": 2445600000,
    "interestIncome": 0,
    "interestExpense": 0,
    "depreciationAndAmortization": 93100000,
    "ebitda": 305600000,
    "ebitdaratio": 0.114969339,
    "operatingIncome": 212500000,
    "operatingIncomeRatio": 0.0799443211,
    "totalOtherIncomeExpensesNet": 0,
    "incomeBeforeTax": 212500000,
    "incomeBeforeTaxRatio": 0.0799443211,
    "incomeTaxExpense": 29400000,
    "netIncome": 176600000,
    "netIncomeRatio": 0.0664384335,
    "eps": 0.65,
    "epsdiluted": 0.64,
    "weightedAverageShsOut": 259100000,
    "weightedAverageShsOutDil": 261200000,
    "link": "https://www.sec.gov/Archives/edgar/data/1126328/000110465908050246/0001104659-08-050246-index.htm",
    "finalLink": "https://www.sec.gov/Archives/edgar/data/1126328/000110465908050246/a08-18625_110q.htm"
  },
  {
    "date": "2008-03-31",
    "symbol": "PFG",
    "reportedCurrency": "USD",
    "cik": "0001126328",
    "fillingDate": "2008-05-07",
    "acceptedDate": "2008-05-07 15:30:06",
    "calendarYear": "2008",
    "period": "Q1",
    "revenue": 2500700000,
    "costOfRevenue": 2222700000,
    "grossProfit": 278000000,
    "grossProfitRatio": 0.1111688727,
    "researchAndDevelopmentExpenses": 0,
    "generalAndAdministrativeExpenses": 0,
    "sellingAndMarketingExpenses": 0,
    "sellingGeneralAndAdministrativeExpenses": 0,
    "otherExpenses": 70800000,
    "operatingExpenses": 70800000,
    "costAndExpenses": 2293500000,
    "interestIncome": 0,
    "interestExpense": 0,
    "depreciationAndAmortization": 103100000,
    "ebitda": 310300000,
    "ebitdaratio": 0.1240852561,
    "operatingIncome": 207200000,
    "operatingIncomeRatio": 0.0828568001,
    "totalOtherIncomeExpensesNet": 0,
    "incomeBeforeTax": 207200000,
    "incomeBeforeTaxRatio": 0.0828568001,
    "incomeTaxExpense": 29600000,
    "netIncome": 182400000,
    "netIncomeRatio": 0.0729395769,
    "eps": 0.67,
    "epsdiluted": 0.67,
    "weightedAverageShsOut": 258900000,
    "weightedAverageShsOutDil": 261300000,
    "link": "https://www.sec.gov/Archives/edgar/data/1126328/000110465908030722/0001104659-08-030722-index.htm",
    "finalLink": "https://www.sec.gov/Archives/edgar/data/1126328/000110465908030722/a08-11231_110q.htm"
  },
  {
    "date": "2007-12-31",
    "symbol": "PFG",
    "reportedCurrency": "USD",
    "cik": "0001126328",
    "fillingDate": "2008-02-27",
    "acceptedDate": "2008-02-27 14:04:59",
    "calendarYear": "2007",
    "period": "Q4",
    "revenue": 2564500000,
    "costOfRevenue": 1709400000,
    "grossProfit": 855100000,
    "grossProfitRatio": 0.3334373172,
    "researchAndDevelopmentExpenses": 0,
    "generalAndAdministrativeExpenses": 0,
    "sellingAndMarketingExpenses": 0,
    "sellingGeneralAndAdministrativeExpenses": 0,
    "otherExpenses": 885100000,
    "operatingExpenses": 885100000,
    "costAndExpenses": 2594500000,
    "interestIncome": 0,
    "interestExpense": 0,
    "depreciationAndAmortization": 107000000,
    "ebitda": 77000000,
    "ebitdaratio": 0.0300253461,
    "operatingIncome": -30000000,
    "operatingIncomeRatio": -0.0116981868,
    "totalOtherIncomeExpensesNet": 0,
    "incomeBeforeTax": -30000000,
    "incomeBeforeTaxRatio": -0.0116981868,
    "incomeTaxExpense": -52200000,
    "netIncome": 42400000,
    "netIncomeRatio": 0.0165334373,
    "eps": 0.16,
    "epsdiluted": 0.16,
    "weightedAverageShsOut": 260000000,
    "weightedAverageShsOutDil": 260000000,
    "link": "https://www.sec.gov/Archives/edgar/data/1126328/000104746908001808/0001047469-08-001808-index.htm",
    "finalLink": "https://www.sec.gov/Archives/edgar/data/1126328/000104746908001808/a2182820z10-k.htm"
  },
  {
    "date": "2007-09-30",
    "symbol": "PFG",
    "reportedCurrency": "USD",
    "cik": "0001126328",
    "fillingDate": "2007-10-31",
    "acceptedDate": "2007-10-31 15:37:23",
    "calendarYear": "2007",
    "period": "Q3",
    "revenue": 2849600000,
    "costOfRevenue": 1643200000,
    "grossProfit": 1206400000,
    "grossProfitRatio": 0.4233576642,
    "researchAndDevelopmentExpenses": 0,
    "generalAndAdministrativeExpenses": 0,
    "sellingAndMarketingExpenses": 0,
    "sellingGeneralAndAdministrativeExpenses": 0,
    "otherExpenses": 874800000,
    "operatingExpenses": 874800000,
    "costAndExpenses": 2518000000,
    "interestIncome": 0,
    "interestExpense": 0,
    "depreciationAndAmortization": 162500000,
    "ebitda": 494100000,
    "ebitdaratio": 0.1733927569,
    "operatingIncome": 331600000,
    "operatingIncomeRatio": 0.1163672094,
    "totalOtherIncomeExpensesNet": 0,
    "incomeBeforeTax": 331600000,
    "incomeBeforeTaxRatio": 0.1163672094,
    "incomeTaxExpense": 90900000,
    "netIncome": 240500000,
    "netIncomeRatio": 0.0843978102,
    "eps": 0.88,
    "epsdiluted": 0.87,
    "weightedAverageShsOut": 264700000,
    "weightedAverageShsOutDil": 267300000,
    "link": "https://www.sec.gov/Archives/edgar/data/1126328/000110465907078459/0001104659-07-078459-index.htm",
    "finalLink": "https://www.sec.gov/Archives/edgar/data/1126328/000110465907078459/a07-25457_110q.htm"
  },
  {
    "date": "2007-06-30",
    "symbol": "PFG",
    "reportedCurrency": "USD",
    "cik": "0001126328",
    "fillingDate": "2007-08-01",
    "acceptedDate": "2007-08-01 12:04:22",
    "calendarYear": "2007",
    "period": "Q2",
    "revenue": 2831800000,
    "costOfRevenue": 1584700000,
    "grossProfit": 1247100000,
    "grossProfitRatio": 0.4403912706,
    "researchAndDevelopmentExpenses": 0,
    "generalAndAdministrativeExpenses": 0,
    "sellingAndMarketingExpenses": 0,
    "sellingGeneralAndAdministrativeExpenses": 0,
    "otherExpenses": 834400000,
    "operatingExpenses": 834400000,
    "costAndExpenses": 2419100000,
    "interestIncome": 0,
    "interestExpense": 0,
    "depreciationAndAmortization": 103500000,
    "ebitda": 516200000,
    "ebitdaratio": 0.1822868847,
    "operatingIncome": 412700000,
    "operatingIncomeRatio": 0.1457376933,
    "totalOtherIncomeExpensesNet": 0,
    "incomeBeforeTax": 412700000,
    "incomeBeforeTaxRatio": 0.1457376933,
    "incomeTaxExpense": 100400000,
    "netIncome": 312100000,
    "netIncomeRatio": 0.1102125856,
    "eps": 1.14,
    "epsdiluted": 1.12,
    "weightedAverageShsOut": 267700000,
    "weightedAverageShsOutDil": 270300000,
    "link": "https://www.sec.gov/Archives/edgar/data/1126328/000110465907057790/0001104659-07-057790-index.htm",
    "finalLink": "https://www.sec.gov/Archives/edgar/data/1126328/000110465907057790/a07-18757_110q.htm"
  },
  {
    "date": "2007-03-31",
    "symbol": "PFG",
    "reportedCurrency": "USD",
    "cik": "0001126328",
    "fillingDate": "2007-05-02",
    "acceptedDate": "2007-05-02 13:30:25",
    "calendarYear": "2007",
    "period": "Q1",
    "revenue": 2661000000,
    "costOfRevenue": 1498000000,
    "grossProfit": 1163000000,
    "grossProfitRatio": 0.4370537392,
    "researchAndDevelopmentExpenses": 0,
    "generalAndAdministrativeExpenses": 0,
    "sellingAndMarketingExpenses": 0,
    "sellingGeneralAndAdministrativeExpenses": 0,
    "otherExpenses": 828700000,
    "operatingExpenses": 828700000,
    "costAndExpenses": 2326700000,
    "interestIncome": 0,
    "interestExpense": 0,
    "depreciationAndAmortization": 112400000,
    "ebitda": 446700000,
    "ebitdaratio": 0.1678692221,
    "operatingIncome": 334300000,
    "operatingIncomeRatio": 0.1256294626,
    "totalOtherIncomeExpensesNet": 0,
    "incomeBeforeTax": 334300000,
    "incomeBeforeTaxRatio": 0.1256294626,
    "incomeTaxExpense": 69000000,
    "netIncome": 265300000,
    "netIncomeRatio": 0.0996993611,
    "eps": 0.96,
    "epsdiluted": 0.95,
    "weightedAverageShsOut": 267812500,
    "weightedAverageShsOutDil": 270631579,
    "link": "https://www.sec.gov/Archives/edgar/data/1126328/000110465907034740/0001104659-07-034740-index.htm",
    "finalLink": "https://www.sec.gov/Archives/edgar/data/1126328/000110465907034740/a07-10699_110q.htm"
  },
  {
    "date": "2006-12-31",
    "symbol": "PFG",
    "reportedCurrency": "USD",
    "cik": "0001126328",
    "fillingDate": "2007-02-28",
    "acceptedDate": "2007-02-27 17:31:24",
    "calendarYear": "2006",
    "period": "Q4",
    "revenue": 2591500000,
    "costOfRevenue": 1538100000,
    "grossProfit": 1053400000,
    "grossProfitRatio": 0.406482732,
    "researchAndDevelopmentExpenses": 0,
    "generalAndAdministrativeExpenses": 0,
    "sellingAndMarketingExpenses": 0,
    "sellingGeneralAndAdministrativeExpenses": 0,
    "otherExpenses": 726300000,
    "operatingExpenses": 726300000,
    "costAndExpenses": 2264400000,
    "interestIncome": 0,
    "interestExpense": 0,
    "depreciationAndAmortization": 77700000,
    "ebitda": 404800000,
    "ebitdaratio": 0.1562029713,
    "operatingIncome": 327100000,
    "operatingIncomeRatio": 0.1262203357,
    "totalOtherIncomeExpensesNet": 0,
    "incomeBeforeTax": 327100000,
    "incomeBeforeTaxRatio": 0.1262203357,
    "incomeTaxExpense": 65300000,
    "netIncome": 292400000,
    "netIncomeRatio": 0.1128304071,
    "eps": 1.09,
    "epsdiluted": 1.09,
    "weightedAverageShsOut": 267812500,
    "weightedAverageShsOutDil": 267812500,
    "link": "https://www.sec.gov/Archives/edgar/data/1126328/000104746907001453/0001047469-07-001453-index.htm",
    "finalLink": "https://www.sec.gov/Archives/edgar/data/1126328/000104746907001453/a2176222z10-k.htm"
  },
  {
    "date": "2006-09-30",
    "symbol": "PFG",
    "reportedCurrency": "USD",
    "cik": "0001126328",
    "fillingDate": "2006-11-01",
    "acceptedDate": "2006-11-01 14:52:39",
    "calendarYear": "2006",
    "period": "Q3",
    "revenue": 2449600000,
    "costOfRevenue": 1426200000,
    "grossProfit": 1023400000,
    "grossProfitRatio": 0.4177824951,
    "researchAndDevelopmentExpenses": 0,
    "generalAndAdministrativeExpenses": 0,
    "sellingAndMarketingExpenses": 0,
    "sellingGeneralAndAdministrativeExpenses": 0,
    "otherExpenses": 692500000,
    "operatingExpenses": 692500000,
    "costAndExpenses": 2118700000,
    "interestIncome": 0,
    "interestExpense": 0,
    "depreciationAndAmortization": 80500000,
    "ebitda": 411400000,
    "ebitdaratio": 0.1679457871,
    "operatingIncome": 330900000,
    "operatingIncomeRatio": 0.1350832789,
    "totalOtherIncomeExpensesNet": 0,
    "incomeBeforeTax": 330900000,
    "incomeBeforeTaxRatio": 0.1350832789,
    "incomeTaxExpense": 72100000,
    "netIncome": 259200000,
    "netIncomeRatio": 0.105813194,
    "eps": 0.93,
    "epsdiluted": 0.92,
    "weightedAverageShsOut": 269892473,
    "weightedAverageShsOutDil": 272826087,
    "link": "https://www.sec.gov/Archives/edgar/data/1126328/000110465906070216/0001104659-06-070216-index.htm",
    "finalLink": "https://www.sec.gov/Archives/edgar/data/1126328/000110465906070216/a06-21547_110q.htm"
  },
  {
    "date": "2006-06-30",
    "symbol": "PFG",
    "reportedCurrency": "USD",
    "cik": "0001126328",
    "fillingDate": "2006-08-02",
    "acceptedDate": "2006-08-02 14:55:25",
    "calendarYear": "2006",
    "period": "Q2",
    "revenue": 2459800000,
    "costOfRevenue": 1459600000,
    "grossProfit": 1000200000,
    "grossProfitRatio": 0.4066184243,
    "researchAndDevelopmentExpenses": 0,
    "generalAndAdministrativeExpenses": 0,
    "sellingAndMarketingExpenses": 0,
    "sellingGeneralAndAdministrativeExpenses": 0,
    "otherExpenses": 703600000,
    "operatingExpenses": 703600000,
    "costAndExpenses": 2163200000,
    "interestIncome": 0,
    "interestExpense": 0,
    "depreciationAndAmortization": 89900000,
    "ebitda": 386500000,
    "ebitdaratio": 0.1571265957,
    "operatingIncome": 296600000,
    "operatingIncomeRatio": 0.1205789089,
    "totalOtherIncomeExpensesNet": 0,
    "incomeBeforeTax": 296600000,
    "incomeBeforeTaxRatio": 0.1205789089,
    "incomeTaxExpense": 77700000,
    "netIncome": 218800000,
    "netIncomeRatio": 0.0889503212,
    "eps": 0.77,
    "epsdiluted": 0.76,
    "weightedAverageShsOut": 273376623,
    "weightedAverageShsOutDil": 276973684,
    "link": "https://www.sec.gov/Archives/edgar/data/1126328/000110465906050642/0001104659-06-050642-index.htm",
    "finalLink": "https://www.sec.gov/Archives/edgar/data/1126328/000110465906050642/a06-15194_110q.htm"
  },
  {
    "date": "2006-03-31",
    "symbol": "PFG",
    "reportedCurrency": "USD",
    "cik": "0001126328",
    "fillingDate": "2006-05-04",
    "acceptedDate": "2006-05-04 15:07:58",
    "calendarYear": "2006",
    "period": "Q1",
    "revenue": 2402200000,
    "costOfRevenue": 1341800000,
    "grossProfit": 1060400000,
    "grossProfitRatio": 0.4414286904,
    "researchAndDevelopmentExpenses": 0,
    "generalAndAdministrativeExpenses": 0,
    "sellingAndMarketingExpenses": 0,
    "sellingGeneralAndAdministrativeExpenses": 0,
    "otherExpenses": 687100000,
    "operatingExpenses": 687100000,
    "costAndExpenses": 2028900000,
    "interestIncome": 0,
    "interestExpense": 0,
    "depreciationAndAmortization": 94100000,
    "ebitda": 467400000,
    "ebitdaratio": 0.1945716427,
    "operatingIncome": 373300000,
    "operatingIncomeRatio": 0.1553992174,
    "totalOtherIncomeExpensesNet": 0,
    "incomeBeforeTax": 373300000,
    "incomeBeforeTaxRatio": 0.1553992174,
    "incomeTaxExpense": 79600000,
    "netIncome": 293900000,
    "netIncomeRatio": 0.1223461827,
    "eps": 1.02,
    "epsdiluted": 1.01,
    "weightedAverageShsOut": 280098039,
    "weightedAverageShsOutDil": 282871287,
    "link": "https://www.sec.gov/Archives/edgar/data/1126328/000110465906031122/0001104659-06-031122-index.htm",
    "finalLink": "https://www.sec.gov/Archives/edgar/data/1126328/000110465906031122/a06-9257_110q.htm"
  },
  {
    "date": "2005-12-31",
    "symbol": "PFG",
    "reportedCurrency": "USD",
    "cik": "0001126328",
    "fillingDate": "2006-03-02",
    "acceptedDate": "2006-03-02 17:15:58",
    "calendarYear": "2005",
    "period": "Q4",
    "revenue": 2445200000,
    "costOfRevenue": 1283800000,
    "grossProfit": 1161400000,
    "grossProfitRatio": 0.4749713725,
    "researchAndDevelopmentExpenses": 0,
    "generalAndAdministrativeExpenses": 0,
    "sellingAndMarketingExpenses": 0,
    "sellingGeneralAndAdministrativeExpenses": 0,
    "otherExpenses": 886000000,
    "operatingExpenses": 886000000,
    "costAndExpenses": 2169800000,
    "interestIncome": 0,
    "interestExpense": 0,
    "depreciationAndAmortization": -151500000,
    "ebitda": 123900000,
    "ebitdaratio": 0.0506707018,
    "operatingIncome": 275400000,
    "operatingIncomeRatio": 0.1126288238,
    "totalOtherIncomeExpensesNet": 0,
    "incomeBeforeTax": 275400000,
    "incomeBeforeTaxRatio": 0.1126288238,
    "incomeTaxExpense": 31300000,
    "netIncome": 255200000,
    "netIncomeRatio": 0.1043677409,
    "eps": 0.91,
    "epsdiluted": 0.91,
    "weightedAverageShsOut": 279287753,
    "weightedAverageShsOutDil": 280098039,
    "link": "https://www.sec.gov/Archives/edgar/data/1126328/000104746906002772/0001047469-06-002772-index.htm",
    "finalLink": "https://www.sec.gov/Archives/edgar/data/1126328/000104746906002772/a2167692z10-k.htm"
  },
  {
    "date": "2005-09-30",
    "symbol": "PFG",
    "reportedCurrency": "USD",
    "cik": "0001126328",
    "fillingDate": "2005-11-02",
    "acceptedDate": "2005-11-02 14:48:12",
    "calendarYear": "2005",
    "period": "Q3",
    "revenue": 2218400000,
    "costOfRevenue": 1355200000,
    "grossProfit": 863200000,
    "grossProfitRatio": 0.3891092679,
    "researchAndDevelopmentExpenses": 0,
    "generalAndAdministrativeExpenses": 0,
    "sellingAndMarketingExpenses": 0,
    "sellingGeneralAndAdministrativeExpenses": 0,
    "otherExpenses": 576800000,
    "operatingExpenses": 576800000,
    "costAndExpenses": 1932000000,
    "interestIncome": 0,
    "interestExpense": 0,
    "depreciationAndAmortization": 79000000,
    "ebitda": 365400000,
    "ebitdaratio": 0.1647133069,
    "operatingIncome": 286400000,
    "operatingIncomeRatio": 0.1291020555,
    "totalOtherIncomeExpensesNet": 0,
    "incomeBeforeTax": 286400000,
    "incomeBeforeTaxRatio": 0.1291020555,
    "incomeTaxExpense": 67100000,
    "netIncome": 219400000,
    "netIncomeRatio": 0.0989001082,
    "eps": 0.75,
    "epsdiluted": 0.74,
    "weightedAverageShsOut": 280000000,
    "weightedAverageShsOutDil": 283783784,
    "link": "https://www.sec.gov/Archives/edgar/data/1126328/000110465905051851/0001104659-05-051851-index.htm",
    "finalLink": "https://www.sec.gov/Archives/edgar/data/1126328/000110465905051851/a05-17955_110q.htm"
  },
  {
    "date": "2005-06-30",
    "symbol": "PFG",
    "reportedCurrency": "USD",
    "cik": "0001126328",
    "fillingDate": "2005-08-03",
    "acceptedDate": "2005-08-03 10:41:15",
    "calendarYear": "2005",
    "period": "Q2",
    "revenue": 2200400000,
    "costOfRevenue": 1336700000,
    "grossProfit": 863700000,
    "grossProfitRatio": 0.3925195419,
    "researchAndDevelopmentExpenses": 0,
    "generalAndAdministrativeExpenses": 0,
    "sellingAndMarketingExpenses": 0,
    "sellingGeneralAndAdministrativeExpenses": 0,
    "otherExpenses": 580800000,
    "operatingExpenses": 580800000,
    "costAndExpenses": 1917500000,
    "interestIncome": 0,
    "interestExpense": 0,
    "depreciationAndAmortization": 86600000,
    "ebitda": 369500000,
    "ebitdaratio": 0.1679240138,
    "operatingIncome": 282900000,
    "operatingIncomeRatio": 0.1285675332,
    "totalOtherIncomeExpensesNet": 0,
    "incomeBeforeTax": 282900000,
    "incomeBeforeTaxRatio": 0.1285675332,
    "incomeTaxExpense": 59300000,
    "netIncome": 238900000,
    "netIncomeRatio": 0.1085711689,
    "eps": 0.83,
    "epsdiluted": 0.82,
    "weightedAverageShsOut": 287831325,
    "weightedAverageShsOutDil": 291341463,
    "link": "https://www.sec.gov/Archives/edgar/data/1126328/000110465905035907/0001104659-05-035907-index.htm",
    "finalLink": "https://www.sec.gov/Archives/edgar/data/1126328/000110465905035907/a05-12572_110q.htm"
  },
  {
    "date": "2005-03-31",
    "symbol": "PFG",
    "reportedCurrency": "USD",
    "cik": "0001126328",
    "fillingDate": "2005-05-04",
    "acceptedDate": "2005-05-04 15:01:17",
    "calendarYear": "2005",
    "period": "Q1",
    "revenue": 2143700000,
    "costOfRevenue": 1307200000,
    "grossProfit": 836500000,
    "grossProfitRatio": 0.3902131828,
    "researchAndDevelopmentExpenses": 0,
    "generalAndAdministrativeExpenses": 0,
    "sellingAndMarketingExpenses": 0,
    "sellingGeneralAndAdministrativeExpenses": 0,
    "otherExpenses": 556900000,
    "operatingExpenses": 556900000,
    "costAndExpenses": 1864100000,
    "interestIncome": 0,
    "interestExpense": 0,
    "depreciationAndAmortization": 87500000,
    "ebitda": 367100000,
    "ebitdaratio": 0.1712459766,
    "operatingIncome": 279600000,
    "operatingIncomeRatio": 0.130428698,
    "totalOtherIncomeExpensesNet": 0,
    "incomeBeforeTax": 279600000,
    "incomeBeforeTaxRatio": 0.130428698,
    "incomeTaxExpense": 74700000,
    "netIncome": 205500000,
    "netIncomeRatio": 0.0958622942,
    "eps": 0.69,
    "epsdiluted": 0.68,
    "weightedAverageShsOut": 297826087,
    "weightedAverageShsOutDil": 302205882,
    "link": "https://www.sec.gov/Archives/edgar/data/1126328/000110465905020343/0001104659-05-020343-index.htm",
    "finalLink": "https://www.sec.gov/Archives/edgar/data/1126328/000110465905020343/a05-7797_110q.htm"
  },
  {
    "date": "2004-12-31",
    "symbol": "PFG",
    "reportedCurrency": "USD",
    "cik": "0001126328",
    "fillingDate": "2005-03-04",
    "acceptedDate": "2005-03-04 14:08:53",
    "calendarYear": "2004",
    "period": "Q4",
    "revenue": 2238700000,
    "costOfRevenue": 1094600000,
    "grossProfit": 1144100000,
    "grossProfitRatio": 0.5110555233,
    "researchAndDevelopmentExpenses": 0,
    "generalAndAdministrativeExpenses": 0,
    "sellingAndMarketingExpenses": 0,
    "sellingGeneralAndAdministrativeExpenses": 0,
    "otherExpenses": 868700000,
    "operatingExpenses": 868700000,
    "costAndExpenses": 1963300000,
    "interestIncome": 0,
    "interestExpense": 0,
    "depreciationAndAmortization": 87200000,
    "ebitda": 362600000,
    "ebitdaratio": 0.1619689999,
    "operatingIncome": 275400000,
    "operatingIncomeRatio": 0.1230178228,
    "totalOtherIncomeExpensesNet": 0,
    "incomeBeforeTax": 275400000,
    "incomeBeforeTaxRatio": 0.1230178228,
    "incomeTaxExpense": 59800000,
    "netIncome": 213500000,
    "netIncomeRatio": 0.0953678474,
    "eps": 0.72,
    "epsdiluted": 0.72,
    "weightedAverageShsOut": 297826087,
    "weightedAverageShsOutDil": 297826087,
    "link": "https://www.sec.gov/Archives/edgar/data/1126328/000104746905005426/0001047469-05-005426-index.htm",
    "finalLink": "https://www.sec.gov/Archives/edgar/data/1126328/000104746905005426/a2152718z10-k.htm"
  },
  {
    "date": "2004-09-30",
    "symbol": "PFG",
    "reportedCurrency": "USD",
    "cik": "0001126328",
    "fillingDate": "2004-11-04",
    "acceptedDate": "2004-11-04 07:11:55",
    "calendarYear": "2004",
    "period": "Q3",
    "revenue": 2088700000,
    "costOfRevenue": 1310000000,
    "grossProfit": 778700000,
    "grossProfitRatio": 0.3728156269,
    "researchAndDevelopmentExpenses": 0,
    "generalAndAdministrativeExpenses": 0,
    "sellingAndMarketingExpenses": 0,
    "sellingGeneralAndAdministrativeExpenses": 0,
    "otherExpenses": 543300000,
    "operatingExpenses": 543300000,
    "costAndExpenses": 1853300000,
    "interestIncome": 0,
    "interestExpense": 0,
    "depreciationAndAmortization": 25900000,
    "ebitda": 261300000,
    "ebitdaratio": 0.1251017379,
    "operatingIncome": 235400000,
    "operatingIncomeRatio": 0.1127016805,
    "totalOtherIncomeExpensesNet": 0,
    "incomeBeforeTax": 235400000,
    "incomeBeforeTaxRatio": 0.1127016805,
    "incomeTaxExpense": 40700000,
    "netIncome": 298800000,
    "netIncomeRatio": 0.1430554891,
    "eps": 0.96,
    "epsdiluted": 0.95,
    "weightedAverageShsOut": 311250000,
    "weightedAverageShsOutDil": 314526316,
    "link": "https://www.sec.gov/Archives/edgar/data/1126328/000112632804000384/0001126328-04-000384-index.htm",
    "finalLink": "https://www.sec.gov/Archives/edgar/data/1126328/000112632804000384/final10q3qtr04.txt"
  },
  {
    "date": "2004-06-30",
    "symbol": "PFG",
    "reportedCurrency": "USD",
    "cik": "0001126328",
    "fillingDate": "2004-08-04",
    "acceptedDate": "2004-08-04 16:34:22",
    "calendarYear": "2004",
    "period": "Q2",
    "revenue": 1979700000,
    "costOfRevenue": 1295500000,
    "grossProfit": 684200000,
    "grossProfitRatio": 0.3456079204,
    "researchAndDevelopmentExpenses": 0,
    "generalAndAdministrativeExpenses": 0,
    "sellingAndMarketingExpenses": 0,
    "sellingGeneralAndAdministrativeExpenses": 0,
    "otherExpenses": 521100000,
    "operatingExpenses": 521100000,
    "costAndExpenses": 1816600000,
    "interestIncome": 0,
    "interestExpense": 0,
    "depreciationAndAmortization": 25900000,
    "ebitda": 189000000,
    "ebitdaratio": 0.0954690105,
    "operatingIncome": 163100000,
    "operatingIncomeRatio": 0.0823862201,
    "totalOtherIncomeExpensesNet": 0,
    "incomeBeforeTax": 163100000,
    "incomeBeforeTaxRatio": 0.0823862201,
    "incomeTaxExpense": 34200000,
    "netIncome": 119700000,
    "netIncomeRatio": 0.0604637066,
    "eps": 0.38,
    "epsdiluted": 0.37,
    "weightedAverageShsOut": 315000000,
    "weightedAverageShsOutDil": 323513514,
    "link": "https://www.sec.gov/Archives/edgar/data/1126328/000112632804000293/0001126328-04-000293-index.htm",
    "finalLink": "https://www.sec.gov/Archives/edgar/data/1126328/000112632804000293/finalsecondquarter10q.txt"
  },
  {
    "date": "2004-03-31",
    "symbol": "PFG",
    "reportedCurrency": "USD",
    "cik": "0001126328",
    "fillingDate": "2004-05-05",
    "acceptedDate": "2004-05-05 16:52:40",
    "calendarYear": "2004",
    "period": "Q1",
    "revenue": 1996700000,
    "costOfRevenue": 1259400000,
    "grossProfit": 737300000,
    "grossProfitRatio": 0.3692592778,
    "researchAndDevelopmentExpenses": 0,
    "generalAndAdministrativeExpenses": 0,
    "sellingAndMarketingExpenses": 0,
    "sellingGeneralAndAdministrativeExpenses": 0,
    "otherExpenses": 529500000,
    "operatingExpenses": 529500000,
    "costAndExpenses": 1788900000,
    "interestIncome": 0,
    "interestExpense": 0,
    "depreciationAndAmortization": 27000000,
    "ebitda": 234800000,
    "ebitdaratio": 0.1175940301,
    "operatingIncome": 207800000,
    "operatingIncomeRatio": 0.1040717183,
    "totalOtherIncomeExpensesNet": 0,
    "incomeBeforeTax": 207800000,
    "incomeBeforeTaxRatio": 0.1040717183,
    "incomeTaxExpense": 44400000,
    "netIncome": 193600000,
    "netIncomeRatio": 0.096959984,
    "eps": 0.6,
    "epsdiluted": 0.6,
    "weightedAverageShsOut": 322666667,
    "weightedAverageShsOutDil": 322666667,
    "link": "https://www.sec.gov/Archives/edgar/data/1126328/000112632804000150/0001126328-04-000150-index.htm",
    "finalLink": "https://www.sec.gov/Archives/edgar/data/1126328/000112632804000150/final1q10q2004.txt"
  },
  {
    "date": "2003-12-31",
    "symbol": "PFG",
    "reportedCurrency": "USD",
    "cik": "0001126328",
    "fillingDate": "2004-03-03",
    "acceptedDate": "2004-03-03 17:07:50",
    "calendarYear": "2003",
    "period": "Q4",
    "revenue": 2428900000,
    "costOfRevenue": 1069900000,
    "grossProfit": 1359000000,
    "grossProfitRatio": 0.5595125365,
    "researchAndDevelopmentExpenses": 0,
    "generalAndAdministrativeExpenses": 0,
    "sellingAndMarketingExpenses": 0,
    "sellingGeneralAndAdministrativeExpenses": 0,
    "otherExpenses": 1196800000,
    "operatingExpenses": 1196800000,
    "costAndExpenses": 2266700000,
    "interestIncome": 0,
    "interestExpense": 0,
    "depreciationAndAmortization": 136000000,
    "ebitda": 298200000,
    "ebitdaratio": 0.122771625,
    "operatingIncome": 162200000,
    "operatingIncomeRatio": 0.0667792005,
    "totalOtherIncomeExpensesNet": 0,
    "incomeBeforeTax": 162200000,
    "incomeBeforeTaxRatio": 0.0667792005,
    "incomeTaxExpense": -600000,
    "netIncome": 172100000,
    "netIncomeRatio": 0.0708551196,
    "eps": 0.53,
    "epsdiluted": 0.53,
    "weightedAverageShsOut": 322666667,
    "weightedAverageShsOutDil": 322666667,
    "link": "https://www.sec.gov/Archives/edgar/data/1126328/000112632804000056/0001126328-04-000056-index.htm",
    "finalLink": "https://www.sec.gov/Archives/edgar/data/1126328/000112632804000056/final10k2004.txt"
  },
  {
    "date": "2003-09-30",
    "symbol": "PFG",
    "reportedCurrency": "USD",
    "cik": "0001126328",
    "fillingDate": "2004-02-13",
    "acceptedDate": "2004-02-13 12:29:48",
    "calendarYear": "2003",
    "period": "Q3",
    "revenue": 1972100000,
    "costOfRevenue": 1253100000,
    "grossProfit": 719000000,
    "grossProfitRatio": 0.3645859743,
    "researchAndDevelopmentExpenses": 0,
    "generalAndAdministrativeExpenses": 0,
    "sellingAndMarketingExpenses": 0,
    "sellingGeneralAndAdministrativeExpenses": 0,
    "otherExpenses": 494500000,
    "operatingExpenses": 494500000,
    "costAndExpenses": 1747600000,
    "interestIncome": 0,
    "interestExpense": 0,
    "depreciationAndAmortization": 27400000,
    "ebitda": 251900000,
    "ebitdaratio": 0.1277318594,
    "operatingIncome": 224500000,
    "operatingIncomeRatio": 0.1138380407,
    "totalOtherIncomeExpensesNet": 0,
    "incomeBeforeTax": 224500000,
    "incomeBeforeTaxRatio": 0.1138380407,
    "incomeTaxExpense": 55800000,
    "netIncome": 184500000,
    "netIncomeRatio": 0.0935550936,
    "eps": 0.57,
    "epsdiluted": 0.57,
    "weightedAverageShsOut": 323684211,
    "weightedAverageShsOutDil": 323684211,
    "link": "https://www.sec.gov/Archives/edgar/data/1126328/000112632804000022/0001126328-04-000022-index.htm",
    "finalLink": "https://www.sec.gov/Archives/edgar/data/1126328/000112632804000022/finalamended10q3q2003.txt"
  },
  {
    "date": "2003-06-30",
    "symbol": "PFG",
    "reportedCurrency": "USD",
    "cik": "0001126328",
    "fillingDate": "2003-08-06",
    "acceptedDate": "2003-08-06 13:22:29",
    "calendarYear": "2003",
    "period": "Q2",
    "revenue": 1951500000,
    "costOfRevenue": 1259100000,
    "grossProfit": 692400000,
    "grossProfitRatio": 0.3548039969,
    "researchAndDevelopmentExpenses": 0,
    "generalAndAdministrativeExpenses": 0,
    "sellingAndMarketingExpenses": 0,
    "sellingGeneralAndAdministrativeExpenses": 0,
    "otherExpenses": 490300000,
    "operatingExpenses": 490300000,
    "costAndExpenses": 1749400000,
    "interestIncome": 0,
    "interestExpense": 0,
    "depreciationAndAmortization": -84600000,
    "ebitda": 117500000,
    "ebitdaratio": 0.0602100948,
    "operatingIncome": 202100000,
    "operatingIncomeRatio": 0.1035613631,
    "totalOtherIncomeExpensesNet": 0,
    "incomeBeforeTax": 202100000,
    "incomeBeforeTaxRatio": 0.1035613631,
    "incomeTaxExpense": 50000000,
    "netIncome": 202200000,
    "netIncomeRatio": 0.1036126057,
    "eps": 0.62,
    "epsdiluted": 0.62,
    "weightedAverageShsOut": 326129032,
    "weightedAverageShsOutDil": 326129032,
    "link": "https://www.sec.gov/Archives/edgar/data/1126328/000112632803000413/0001126328-03-000413-index.htm",
    "finalLink": "https://www.sec.gov/Archives/edgar/data/1126328/000112632803000413/final10q2q2003.txt"
  },
  {
    "date": "2003-03-31",
    "symbol": "PFG",
    "reportedCurrency": "USD",
    "cik": "0001126328",
    "fillingDate": "2003-05-07",
    "acceptedDate": "2003-05-07 15:32:43",
    "calendarYear": "2003",
    "period": "Q1",
    "revenue": 2296800000,
    "costOfRevenue": 1275300000,
    "grossProfit": 1021500000,
    "grossProfitRatio": 0.4447492163,
    "researchAndDevelopmentExpenses": 0,
    "generalAndAdministrativeExpenses": 0,
    "sellingAndMarketingExpenses": 0,
    "sellingGeneralAndAdministrativeExpenses": 0,
    "otherExpenses": 799300000,
    "operatingExpenses": 799300000,
    "costAndExpenses": 2074600000,
    "interestIncome": 0,
    "interestExpense": 0,
    "depreciationAndAmortization": 135800000,
    "ebitda": 358000000,
    "ebitdaratio": 0.1558690352,
    "operatingIncome": 222200000,
    "operatingIncomeRatio": 0.096743295,
    "totalOtherIncomeExpensesNet": 0,
    "incomeBeforeTax": 222200000,
    "incomeBeforeTaxRatio": 0.096743295,
    "incomeTaxExpense": 65800000,
    "netIncome": 155700000,
    "netIncomeRatio": 0.0677899687,
    "eps": 0.47,
    "epsdiluted": 0.47,
    "weightedAverageShsOut": 331276596,
    "weightedAverageShsOutDil": 331276596,
    "link": "https://www.sec.gov/Archives/edgar/data/1126328/000112632803000235/0001126328-03-000235-index.htm",
    "finalLink": "https://www.sec.gov/Archives/edgar/data/1126328/000112632803000235/final10q2003.txt"
  },
  {
    "date": "2002-12-31",
    "symbol": "PFG",
    "reportedCurrency": "USD",
    "cik": "0001126328",
    "fillingDate": "2003-03-05",
    "acceptedDate": "2003-03-05 17:17:49",
    "calendarYear": "2002",
    "period": "Q4",
    "revenue": 2263300000,
    "costOfRevenue": 1033200000,
    "grossProfit": 1230100000,
    "grossProfitRatio": 0.5434984315,
    "researchAndDevelopmentExpenses": 0,
    "generalAndAdministrativeExpenses": 0,
    "sellingAndMarketingExpenses": 0,
    "sellingGeneralAndAdministrativeExpenses": 0,
    "otherExpenses": 1107600000,
    "operatingExpenses": 1107600000,
    "costAndExpenses": 2140800000,
    "interestIncome": 0,
    "interestExpense": 0,
    "depreciationAndAmortization": 317000000,
    "ebitda": 439500000,
    "ebitdaratio": 0.1941854814,
    "operatingIncome": 122500000,
    "operatingIncomeRatio": 0.0541245085,
    "totalOtherIncomeExpensesNet": 0,
    "incomeBeforeTax": 122500000,
    "incomeBeforeTaxRatio": 0.0541245085,
    "incomeTaxExpense": -94700000,
    "netIncome": 215400000,
    "netIncomeRatio": 0.0951707683,
    "eps": 0.65,
    "epsdiluted": 0.65,
    "weightedAverageShsOut": 331276596,
    "weightedAverageShsOutDil": 331276596,
    "link": "https://www.sec.gov/Archives/edgar/data/1126328/000112632803000122/0001126328-03-000122-index.htm",
    "finalLink": "https://www.sec.gov/Archives/edgar/data/1126328/000112632803000122/final10k2002.txt"
  },
  {
    "date": "2002-09-30",
    "symbol": "PFG",
    "reportedCurrency": "USD",
    "cik": "0001126328",
    "fillingDate": "2002-11-07",
    "acceptedDate": "2002-11-07 16:29:39",
    "calendarYear": "2002",
    "period": "Q3",
    "revenue": 1995900000,
    "costOfRevenue": 1310700000,
    "grossProfit": 685200000,
    "grossProfitRatio": 0.3433037727,
    "researchAndDevelopmentExpenses": 0,
    "generalAndAdministrativeExpenses": 1231600000,
    "sellingAndMarketingExpenses": 0,
    "sellingGeneralAndAdministrativeExpenses": 1231600000,
    "otherExpenses": -591400000,
    "operatingExpenses": 640200000,
    "costAndExpenses": 1950900000,
    "interestIncome": 0,
    "interestExpense": 0,
    "depreciationAndAmortization": -24100000,
    "ebitda": 20900000,
    "ebitdaratio": 0.0104714665,
    "operatingIncome": 45000000,
    "operatingIncomeRatio": 0.0225462198,
    "totalOtherIncomeExpensesNet": 0,
    "incomeBeforeTax": 45000000,
    "incomeBeforeTaxRatio": 0.0225462198,
    "incomeTaxExpense": 2400000,
    "netIncome": -158400000,
    "netIncomeRatio": -0.0793626935,
    "eps": -0.46,
    "epsdiluted": -0.45,
    "weightedAverageShsOut": 344347826,
    "weightedAverageShsOutDil": 352000000,
    "link": "https://www.sec.gov/Archives/edgar/data/1126328/000112632802000102/0001126328-02-000102-index.htm",
    "finalLink": "https://www.sec.gov/Archives/edgar/data/1126328/000112632802000102/pfg10q3q2002final.txt"
  },
  {
    "date": "2002-06-30",
    "symbol": "PFG",
    "reportedCurrency": "USD",
    "cik": "0001126328",
    "fillingDate": "2002-08-08",
    "acceptedDate": "2002-08-08 15:54:25",
    "calendarYear": "2002",
    "period": "Q2",
    "revenue": 2335500000,
    "costOfRevenue": 1587400000,
    "grossProfit": 748100000,
    "grossProfitRatio": 0.3203168486,
    "researchAndDevelopmentExpenses": 0,
    "generalAndAdministrativeExpenses": 638600000,
    "sellingAndMarketingExpenses": 0,
    "sellingGeneralAndAdministrativeExpenses": 638600000,
    "otherExpenses": 0,
    "operatingExpenses": 638600000,
    "costAndExpenses": 2226000000,
    "interestIncome": 0,
    "interestExpense": 0,
    "depreciationAndAmortization": 212000000,
    "ebitda": 360300000,
    "ebitdaratio": 0.154271034,
    "operatingIncome": 148300000,
    "operatingIncomeRatio": 0.0634981803,
    "totalOtherIncomeExpensesNet": 0,
    "incomeBeforeTax": 148300000,
    "incomeBeforeTaxRatio": 0.0634981803,
    "incomeTaxExpense": 31900000,
    "netIncome": 120200000,
    "netIncomeRatio": 0.0514664954,
    "eps": 0.34,
    "epsdiluted": 0.34,
    "weightedAverageShsOut": 360800000,
    "weightedAverageShsOutDil": 360800000,
    "link": "https://www.sec.gov/Archives/edgar/data/1126328/000112632802000048/0001126328-02-000048-index.htm",
    "finalLink": "https://www.sec.gov/Archives/edgar/data/1126328/000112632802000048/pfg10q2q2002.txt"
  },
  {
    "date": "2002-03-31",
    "symbol": "PFG",
    "reportedCurrency": "USD",
    "cik": "0001126328",
    "fillingDate": "2002-05-10",
    "acceptedDate": "2002-05-10 12:10:25",
    "calendarYear": "2002",
    "period": "Q1",
    "revenue": 2227800000,
    "costOfRevenue": 1285600000,
    "grossProfit": 942200000,
    "grossProfitRatio": 0.4229284496,
    "researchAndDevelopmentExpenses": 0,
    "generalAndAdministrativeExpenses": 1203200000,
    "sellingAndMarketingExpenses": 0,
    "sellingGeneralAndAdministrativeExpenses": 1203200000,
    "otherExpenses": -1285600000,
    "operatingExpenses": -82400000,
    "costAndExpenses": 1203200000,
    "interestIncome": 0,
    "interestExpense": 0,
    "depreciationAndAmortization": 110500000,
    "ebitda": 460500000,
    "ebitdaratio": 0.2067061675,
    "operatingIncome": 350000000,
    "operatingIncomeRatio": 0.1571056648,
    "totalOtherIncomeExpensesNet": 0,
    "incomeBeforeTax": 350000000,
    "incomeBeforeTaxRatio": 0.1571056648,
    "incomeTaxExpense": 106300000,
    "netIncome": -34900000,
    "netIncomeRatio": -0.0156656791,
    "eps": -0.0968,
    "epsdiluted": -0.0968,
    "weightedAverageShsOut": 360400000,
    "weightedAverageShsOutDil": 360700000,
    "link": "https://www.sec.gov/Archives/edgar/data/1126328/000112632802000033/0001126328-02-000033-index.htm",
    "finalLink": "https://www.sec.gov/Archives/edgar/data/1126328/000112632802000033/pfg10q1q2002.txt"
  },
  {
    "date": "2001-12-31",
    "symbol": "PFG",
    "reportedCurrency": "USD",
    "cik": "0001126328",
    "fillingDate": "2002-03-12",
    "acceptedDate": "2002-03-12 00:00:00",
    "calendarYear": "2001",
    "period": "Q4",
    "revenue": 2040300000,
    "costOfRevenue": 1318100000,
    "grossProfit": 722200000,
    "grossProfitRatio": 0.3539675538,
    "researchAndDevelopmentExpenses": 0,
    "generalAndAdministrativeExpenses": 0,
    "sellingAndMarketingExpenses": 0,
    "sellingGeneralAndAdministrativeExpenses": 0,
    "otherExpenses": 713500000,
    "operatingExpenses": 713500000,
    "costAndExpenses": 2031600000,
    "interestIncome": 0,
    "interestExpense": 0,
    "depreciationAndAmortization": 249800000,
    "ebitda": 258500000,
    "ebitdaratio": 0.1266970544,
    "operatingIncome": 8700000,
    "operatingIncomeRatio": 0.0042640788,
    "totalOtherIncomeExpensesNet": 0,
    "incomeBeforeTax": 8700000,
    "incomeBeforeTaxRatio": 0.0042640788,
    "incomeTaxExpense": -9900000,
    "netIncome": 18600000,
    "netIncomeRatio": 0.0091163064,
    "eps": 0.0533,
    "epsdiluted": 0.0533,
    "weightedAverageShsOut": 349000000,
    "weightedAverageShsOutDil": 349000000,
    "link": "https://www.sec.gov/Archives/edgar/data/1126328/000112632802000031/0001126328-02-000031-index.htm",
    "finalLink": "https://www.sec.gov/Archives/edgar/data/1126328/000112632802000031/pfg200110k.txt"
  },
  {
    "date": "2001-09-30",
    "symbol": "PFG",
    "reportedCurrency": "USD",
    "cik": "0001126328",
    "fillingDate": "2001-11-19",
    "acceptedDate": "2001-11-19 00:00:00",
    "calendarYear": "2001",
    "period": "Q3",
    "revenue": 2405000000,
    "costOfRevenue": 1676400000,
    "grossProfit": 728600000,
    "grossProfitRatio": 0.302952183,
    "researchAndDevelopmentExpenses": 0,
    "generalAndAdministrativeExpenses": 1597300000,
    "sellingAndMarketingExpenses": 0,
    "sellingGeneralAndAdministrativeExpenses": 1597300000,
    "otherExpenses": -1676400000,
    "operatingExpenses": -79100000,
    "costAndExpenses": 1597300000,
    "interestIncome": 0,
    "interestExpense": 0,
    "depreciationAndAmortization": 0,
    "ebitda": 154400000,
    "ebitdaratio": 0.0641995842,
    "operatingIncome": 154400000,
    "operatingIncomeRatio": 0.0641995842,
    "totalOtherIncomeExpensesNet": 0,
    "incomeBeforeTax": 154400000,
    "incomeBeforeTaxRatio": 0.0641995842,
    "incomeTaxExpense": 34500000,
    "netIncome": 115800000,
    "netIncomeRatio": 0.0481496881,
    "eps": 0.32,
    "epsdiluted": 0.32,
    "weightedAverageShsOut": 360600000,
    "weightedAverageShsOutDil": 360600000,
    "link": "https://www.sec.gov/Archives/edgar/data/1126328/000112632801500014/0001126328-01-500014-index.htm",
    "finalLink": "https://www.sec.gov/Archives/edgar/data/1126328/000112632801500014/pfg10q3q2001.txt"
  },
  {
    "date": "2001-06-30",
    "symbol": "PFG",
    "reportedCurrency": "USD",
    "cik": "0001126328",
    "fillingDate": "2001-06-30",
    "acceptedDate": "2001-06-29 20:00:00",
    "calendarYear": "2001",
    "period": "Q2",
    "revenue": 1215900000,
    "costOfRevenue": 0,
    "grossProfit": 1215900000,
    "grossProfitRatio": 1,
    "researchAndDevelopmentExpenses": 0,
    "generalAndAdministrativeExpenses": 81100000,
    "sellingAndMarketingExpenses": 1723700000,
    "sellingGeneralAndAdministrativeExpenses": 1804800000,
    "otherExpenses": 0,
    "operatingExpenses": 1804800000,
    "costAndExpenses": 1804800000,
    "interestIncome": 0,
    "interestExpense": 0,
    "depreciationAndAmortization": 147800000,
    "ebitda": 298800000,
    "ebitdaratio": 0.2457438934,
    "operatingIncome": 155100000,
    "operatingIncomeRatio": 0.1275598322,
    "totalOtherIncomeExpensesNet": 0,
    "incomeBeforeTax": 155100000,
    "incomeBeforeTaxRatio": 0.1275598322,
    "incomeTaxExpense": 31900000,
    "netIncome": 119100000,
    "netIncomeRatio": 0.0979521342,
    "eps": 0.33,
    "epsdiluted": 0.33,
    "weightedAverageShsOut": 360600000,
    "weightedAverageShsOutDil": 360600000,
    "link": "",
    "finalLink": ""
  },
  {
    "date": "2001-03-31",
    "symbol": "PFG",
    "reportedCurrency": "USD",
    "cik": "0001126328",
    "fillingDate": "2001-03-31",
    "acceptedDate": "2001-03-30 19:00:00",
    "calendarYear": "2001",
    "period": "Q1",
    "revenue": 1477200000,
    "costOfRevenue": 0,
    "grossProfit": 1477200000,
    "grossProfitRatio": 1,
    "researchAndDevelopmentExpenses": 0,
    "generalAndAdministrativeExpenses": 81000000,
    "sellingAndMarketingExpenses": 2014600000,
    "sellingGeneralAndAdministrativeExpenses": 2095600000,
    "otherExpenses": 0,
    "operatingExpenses": 2095600000,
    "costAndExpenses": 2095600000,
    "interestIncome": 0,
    "interestExpense": 0,
    "depreciationAndAmortization": 159500000,
    "ebitda": 289200000,
    "ebitdaratio": 0.195775792,
    "operatingIncome": 140400000,
    "operatingIncomeRatio": 0.0950446791,
    "totalOtherIncomeExpensesNet": 0,
    "incomeBeforeTax": 140400000,
    "incomeBeforeTaxRatio": 0.0950446791,
    "incomeTaxExpense": 24400000,
    "netIncome": 105300000,
    "netIncomeRatio": 0.0712835093,
    "eps": 0.29,
    "epsdiluted": 0.29,
    "weightedAverageShsOut": 360600000,
    "weightedAverageShsOutDil": 360600000,
    "link": "",
    "finalLink": ""
  },
  {
    "date": "2000-12-31",
    "symbol": "PFG",
    "reportedCurrency": "USD",
    "cik": "0001126328",
    "fillingDate": "2000-12-31",
    "acceptedDate": "2000-12-30 19:00:00",
    "calendarYear": "2000",
    "period": "Q4",
    "revenue": 1471800000,
    "costOfRevenue": 0,
    "grossProfit": 1471800000,
    "grossProfitRatio": 1,
    "researchAndDevelopmentExpenses": 0,
    "generalAndAdministrativeExpenses": 81100000,
    "sellingAndMarketingExpenses": 2033700000,
    "sellingGeneralAndAdministrativeExpenses": 2114800000,
    "otherExpenses": 0,
    "operatingExpenses": 2114800000,
    "costAndExpenses": 2114800000,
    "interestIncome": 0,
    "interestExpense": 0,
    "depreciationAndAmortization": 94400000,
    "ebitda": 375200000,
    "ebitdaratio": 0.254925941,
    "operatingIncome": 280800000,
    "operatingIncomeRatio": 0.1907867917,
    "totalOtherIncomeExpensesNet": 0,
    "incomeBeforeTax": 280800000,
    "incomeBeforeTaxRatio": 0.1907867917,
    "incomeTaxExpense": 79800000,
    "netIncome": 201000000,
    "netIncomeRatio": 0.1365674684,
    "eps": 0.56,
    "epsdiluted": 0.56,
    "weightedAverageShsOut": 360600000,
    "weightedAverageShsOutDil": 360600000,
    "link": "",
    "finalLink": ""
  }
]