[
  {
    "date": "2024-12-31",
    "symbol": "PFG",
    "reportedCurrency": "USD",
    "cik": "0001126328",
    "fillingDate": "2025-02-19",
    "acceptedDate": "2025-02-19 16:23:25",
    "calendarYear": "2024",
    "period": "FY",
    "revenue": 16127700000,
    "costOfRevenue": 8774300000,
    "grossProfit": 7353400000,
    "grossProfitRatio": 0.4559484613,
    "researchAndDevelopmentExpenses": 0,
    "generalAndAdministrativeExpenses": 0,
    "sellingAndMarketingExpenses": 0,
    "sellingGeneralAndAdministrativeExpenses": 0,
    "otherExpenses": 5463800000,
    "operatingExpenses": 5463800000,
    "costAndExpenses": 14238100000,
    "interestIncome": 0,
    "interestExpense": 2600000,
    "depreciationAndAmortization": 256200000,
    "ebitda": 2145800000,
    "ebitdaratio": 0.13305059,
    "operatingIncome": 1889600000,
    "operatingIncomeRatio": 0.1171648778,
    "totalOtherIncomeExpensesNet": 0,
    "incomeBeforeTax": 1889600000,
    "incomeBeforeTaxRatio": 0.1171648778,
    "incomeTaxExpense": 291700000,
    "netIncome": 1571000000,
    "netIncomeRatio": 0.0974100461,
    "eps": 6.77,
    "epsdiluted": 6.68,
    "weightedAverageShsOut": 226225161,
    "weightedAverageShsOutDil": 226225161,
    "link": "https://www.sec.gov/Archives/edgar/data/1126328/000141057825000160/0001410578-25-000160-index.htm",
    "finalLink": "https://www.sec.gov/Archives/edgar/data/1126328/000141057825000160/pfg-20241231x10k.htm"
  },
  {
    "date": "2023-12-31",
    "symbol": "PFG",
    "reportedCurrency": "USD",
    "cik": "0001126328",
    "fillingDate": "2024-02-20",
    "acceptedDate": "2024-02-20 16:11:56",
    "calendarYear": "2023",
    "period": "FY",
    "revenue": 13665800000,
    "costOfRevenue": 7765700000,
    "grossProfit": 5900100000,
    "grossProfitRatio": 0.4317420129,
    "researchAndDevelopmentExpenses": 0,
    "generalAndAdministrativeExpenses": 0,
    "sellingAndMarketingExpenses": 0,
    "sellingGeneralAndAdministrativeExpenses": 0,
    "otherExpenses": 5161300000,
    "operatingExpenses": 5161300000,
    "costAndExpenses": 12927000000,
    "interestIncome": 0,
    "interestExpense": 1900000,
    "depreciationAndAmortization": 272700000,
    "ebitda": 1011500000,
    "ebitdaratio": 0.0740168889,
    "operatingIncome": 738800000,
    "operatingIncomeRatio": 0.0540619649,
    "totalOtherIncomeExpensesNet": 0,
    "incomeBeforeTax": 738800000,
    "incomeBeforeTaxRatio": 0.0540619649,
    "incomeTaxExpense": 68700000,
    "netIncome": 623200000,
    "netIncomeRatio": 0.0456028919,
    "eps": 2.58,
    "epsdiluted": 2.55,
    "weightedAverageShsOut": 236438294,
    "weightedAverageShsOutDil": 244600000,
    "link": "https://www.sec.gov/Archives/edgar/data/1126328/000110465924025516/0001104659-24-025516-index.htm",
    "finalLink": "https://www.sec.gov/Archives/edgar/data/1126328/000110465924025516/pfg-20231231x10k.htm"
  },
  {
    "date": "2022-12-31",
    "symbol": "PFG",
    "reportedCurrency": "USD",
    "cik": "0001126328",
    "fillingDate": "2023-02-16",
    "acceptedDate": "2023-02-16 16:59:23",
    "calendarYear": "2022",
    "period": "FY",
    "revenue": 17536100000,
    "costOfRevenue": 6492100000,
    "grossProfit": 11044000000,
    "grossProfitRatio": 0.6297865546,
    "researchAndDevelopmentExpenses": 0,
    "generalAndAdministrativeExpenses": 0,
    "sellingAndMarketingExpenses": 0,
    "sellingGeneralAndAdministrativeExpenses": 0,
    "otherExpenses": 5057000000,
    "operatingExpenses": 5057000000,
    "costAndExpenses": 11549100000,
    "interestIncome": 0,
    "interestExpense": 1200000,
    "depreciationAndAmortization": 295900000,
    "ebitda": 6282900000,
    "ebitdaratio": 0.3582837689,
    "operatingIncome": 5987000000,
    "operatingIncomeRatio": 0.3414100056,
    "totalOtherIncomeExpensesNet": 0,
    "incomeBeforeTax": 5987000000,
    "incomeBeforeTaxRatio": 0.3414100056,
    "incomeTaxExpense": 1189500000,
    "netIncome": 4756900000,
    "netIncomeRatio": 0.2712632797,
    "eps": 18.94,
    "epsdiluted": 18.63,
    "weightedAverageShsOut": 251100000,
    "weightedAverageShsOutDil": 255300000,
    "link": "https://www.sec.gov/Archives/edgar/data/1126328/000110465923022860/0001104659-23-022860-index.htm",
    "finalLink": "https://www.sec.gov/Archives/edgar/data/1126328/000110465923022860/pfg-20221231x10k.htm"
  },
  {
    "date": "2021-12-31",
    "symbol": "PFG",
    "reportedCurrency": "USD",
    "cik": "0001126328",
    "fillingDate": "2022-02-11",
    "acceptedDate": "2022-02-11 15:43:04",
    "calendarYear": "2021",
    "period": "FY",
    "revenue": 14427800000,
    "costOfRevenue": 7352100000,
    "grossProfit": 7075700000,
    "grossProfitRatio": 0.49042127,
    "researchAndDevelopmentExpenses": 0,
    "generalAndAdministrativeExpenses": 0,
    "sellingAndMarketingExpenses": 0,
    "sellingGeneralAndAdministrativeExpenses": 0,
    "otherExpenses": 5164800000,
    "operatingExpenses": 5164800000,
    "costAndExpenses": 12516900000,
    "interestIncome": 0,
    "interestExpense": 1000000,
    "depreciationAndAmortization": 275300000,
    "ebitda": 2186200000,
    "ebitdaratio": 0.1515269133,
    "operatingIncome": 1910900000,
    "operatingIncomeRatio": 0.1324456951,
    "totalOtherIncomeExpensesNet": 0,
    "incomeBeforeTax": 1910900000,
    "incomeBeforeTaxRatio": 0.1324456951,
    "incomeTaxExpense": 283900000,
    "netIncome": 1580200000,
    "netIncomeRatio": 0.1095246677,
    "eps": 5.87,
    "epsdiluted": 5.79,
    "weightedAverageShsOut": 269000000,
    "weightedAverageShsOutDil": 272900000,
    "link": "https://www.sec.gov/Archives/edgar/data/1126328/000110465922020401/0001104659-22-020401-index.htm",
    "finalLink": "https://www.sec.gov/Archives/edgar/data/1126328/000110465922020401/pfg-20211231x10k.htm"
  },
  {
    "date": "2020-12-31",
    "symbol": "PFG",
    "reportedCurrency": "USD",
    "cik": "0001126328",
    "fillingDate": "2021-02-12",
    "acceptedDate": "2021-02-12 17:00:44",
    "calendarYear": "2020",
    "period": "FY",
    "revenue": 14741700000,
    "costOfRevenue": 8281500000,
    "grossProfit": 6460200000,
    "grossProfitRatio": 0.4382262561,
    "researchAndDevelopmentExpenses": 0,
    "generalAndAdministrativeExpenses": 4646500000,
    "sellingAndMarketingExpenses": 0,
    "sellingGeneralAndAdministrativeExpenses": 4646500000,
    "otherExpenses": 120200000,
    "operatingExpenses": 4766700000,
    "costAndExpenses": 13048200000,
    "interestIncome": 0,
    "interestExpense": 1000000,
    "depreciationAndAmortization": 251900000,
    "ebitda": 1945400000,
    "ebitdaratio": 0.1319657841,
    "operatingIncome": 1693500000,
    "operatingIncomeRatio": 0.1148782026,
    "totalOtherIncomeExpensesNet": 0,
    "incomeBeforeTax": 1693500000,
    "incomeBeforeTaxRatio": 0.1148782026,
    "incomeTaxExpense": 265000000,
    "netIncome": 1395800000,
    "netIncomeRatio": 0.0946837882,
    "eps": 5.08,
    "epsdiluted": 5.05,
    "weightedAverageShsOut": 274700000,
    "weightedAverageShsOutDil": 276600000,
    "link": "https://www.sec.gov/Archives/edgar/data/1126328/000110465921022074/0001104659-21-022074-index.htm",
    "finalLink": "https://www.sec.gov/Archives/edgar/data/1126328/000110465921022074/pfg-20201231x10k.htm"
  },
  {
    "date": "2019-12-31",
    "symbol": "PFG",
    "reportedCurrency": "USD",
    "cik": "0001126328",
    "fillingDate": "2020-02-14",
    "acceptedDate": "2020-02-14 12:01:06",
    "calendarYear": "2019",
    "period": "FY",
    "revenue": 16222100000,
    "costOfRevenue": 9905800000,
    "grossProfit": 6316300000,
    "grossProfitRatio": 0.3893638925,
    "researchAndDevelopmentExpenses": 0,
    "generalAndAdministrativeExpenses": 4503900000,
    "sellingAndMarketingExpenses": 0,
    "sellingGeneralAndAdministrativeExpenses": 4503900000,
    "otherExpenses": 119100000,
    "operatingExpenses": 4623000000,
    "costAndExpenses": 14528800000,
    "interestIncome": 0,
    "interestExpense": 0,
    "depreciationAndAmortization": 226800000,
    "ebitda": 1920100000,
    "ebitdaratio": 0.1183632205,
    "operatingIncome": 1693300000,
    "operatingIncomeRatio": 0.1043822933,
    "totalOtherIncomeExpensesNet": 0,
    "incomeBeforeTax": 1693300000,
    "incomeBeforeTaxRatio": 0.1043822933,
    "incomeTaxExpense": 249200000,
    "netIncome": 1394200000,
    "netIncomeRatio": 0.0859444831,
    "eps": 5,
    "epsdiluted": 4.96,
    "weightedAverageShsOut": 278600000,
    "weightedAverageShsOutDil": 281000000,
    "link": "https://www.sec.gov/Archives/edgar/data/1126328/000110465920021174/0001104659-20-021174-index.htm",
    "finalLink": "https://www.sec.gov/Archives/edgar/data/1126328/000110465920021174/pfg-20191231x10k0da4e5.htm"
  },
  {
    "date": "2018-12-31",
    "symbol": "PFG",
    "reportedCurrency": "USD",
    "cik": "0001126328",
    "fillingDate": "2019-02-13",
    "acceptedDate": "2019-02-13 13:11:31",
    "calendarYear": "2018",
    "period": "FY",
    "revenue": 14237200000,
    "costOfRevenue": 8192500000,
    "grossProfit": 6044700000,
    "grossProfitRatio": 0.4245708426,
    "researchAndDevelopmentExpenses": 0,
    "generalAndAdministrativeExpenses": 4136700000,
    "sellingAndMarketingExpenses": 0,
    "sellingGeneralAndAdministrativeExpenses": 4136700000,
    "otherExpenses": 123600000,
    "operatingExpenses": 4260300000,
    "costAndExpenses": 12452800000,
    "interestIncome": 0,
    "interestExpense": 0,
    "depreciationAndAmortization": 205100000,
    "ebitda": 1989500000,
    "ebitdaratio": 0.1397395555,
    "operatingIncome": 1784400000,
    "operatingIncomeRatio": 0.125333633,
    "totalOtherIncomeExpensesNet": 0,
    "incomeBeforeTax": 1784400000,
    "incomeBeforeTaxRatio": 0.125333633,
    "incomeTaxExpense": 230700000,
    "netIncome": 1546500000,
    "netIncomeRatio": 0.1086238867,
    "eps": 5.41,
    "epsdiluted": 5.35,
    "weightedAverageShsOut": 285800000,
    "weightedAverageShsOutDil": 288800000,
    "link": "https://www.sec.gov/Archives/edgar/data/1126328/000104746919000469/0001047469-19-000469-index.htm",
    "finalLink": "https://www.sec.gov/Archives/edgar/data/1126328/000104746919000469/a2237639z10-k.htm"
  },
  {
    "date": "2017-12-31",
    "symbol": "PFG",
    "reportedCurrency": "USD",
    "cik": "0001126328",
    "fillingDate": "2018-02-09",
    "acceptedDate": "2018-02-09 10:48:53",
    "calendarYear": "2017",
    "period": "FY",
    "revenue": 14093200000,
    "costOfRevenue": 7822600000,
    "grossProfit": 6270600000,
    "grossProfitRatio": 0.4449379843,
    "researchAndDevelopmentExpenses": 0,
    "generalAndAdministrativeExpenses": 3893800000,
    "sellingAndMarketingExpenses": 0,
    "sellingGeneralAndAdministrativeExpenses": 3893800000,
    "otherExpenses": 124600000,
    "operatingExpenses": 4018400000,
    "costAndExpenses": 11841000000,
    "interestIncome": 0,
    "interestExpense": 0,
    "depreciationAndAmortization": 195700000,
    "ebitda": 2447900000,
    "ebitdaratio": 0.1736936963,
    "operatingIncome": 2252200000,
    "operatingIncomeRatio": 0.1598075668,
    "totalOtherIncomeExpensesNet": 0,
    "incomeBeforeTax": 2252200000,
    "incomeBeforeTaxRatio": 0.1598075668,
    "incomeTaxExpense": -72300000,
    "netIncome": 2310400000,
    "netIncomeRatio": 0.1639372179,
    "eps": 8,
    "epsdiluted": 7.88,
    "weightedAverageShsOut": 293100000,
    "weightedAverageShsOutDil": 293197969,
    "link": "https://www.sec.gov/Archives/edgar/data/1126328/000104746918000695/0001047469-18-000695-index.htm",
    "finalLink": "https://www.sec.gov/Archives/edgar/data/1126328/000104746918000695/a2234426z10-k.htm"
  },
  {
    "date": "2016-12-31",
    "symbol": "PFG",
    "reportedCurrency": "USD",
    "cik": "0001126328",
    "fillingDate": "2017-02-08",
    "acceptedDate": "2017-02-08 11:57:30",
    "calendarYear": "2016",
    "period": "FY",
    "revenue": 12394100000,
    "costOfRevenue": 6913200000,
    "grossProfit": 5480900000,
    "grossProfitRatio": 0.4422184749,
    "researchAndDevelopmentExpenses": 0,
    "generalAndAdministrativeExpenses": 3732600000,
    "sellingAndMarketingExpenses": 0,
    "sellingGeneralAndAdministrativeExpenses": 3732600000,
    "otherExpenses": 156600000,
    "operatingExpenses": 3889200000,
    "costAndExpenses": 10802400000,
    "interestIncome": 0,
    "interestExpense": 0,
    "depreciationAndAmortization": 186600000,
    "ebitda": 1778300000,
    "ebitdaratio": 0.1434795588,
    "operatingIncome": 1591700000,
    "operatingIncomeRatio": 0.1284240082,
    "totalOtherIncomeExpensesNet": 0,
    "incomeBeforeTax": 1591700000,
    "incomeBeforeTaxRatio": 0.1284240082,
    "incomeTaxExpense": 229900000,
    "netIncome": 1316500000,
    "netIncomeRatio": 0.106219895,
    "eps": 4.55,
    "epsdiluted": 4.5,
    "weightedAverageShsOut": 292555555,
    "weightedAverageShsOutDil": 292700000,
    "link": "https://www.sec.gov/Archives/edgar/data/1126328/000104746917000589/0001047469-17-000589-index.htm",
    "finalLink": "https://www.sec.gov/Archives/edgar/data/1126328/000104746917000589/a2230820z10-k.htm"
  },
  {
    "date": "2015-12-31",
    "symbol": "PFG",
    "reportedCurrency": "USD",
    "cik": "0001126328",
    "fillingDate": "2016-02-10",
    "acceptedDate": "2016-02-10 12:20:48",
    "calendarYear": "2015",
    "period": "FY",
    "revenue": 11964400000,
    "costOfRevenue": 6697700000,
    "grossProfit": 5266700000,
    "grossProfitRatio": 0.4401975862,
    "researchAndDevelopmentExpenses": 0,
    "generalAndAdministrativeExpenses": 3672400000,
    "sellingAndMarketingExpenses": 0,
    "sellingGeneralAndAdministrativeExpenses": 3672400000,
    "otherExpenses": 163500000,
    "operatingExpenses": 3835900000,
    "costAndExpenses": 10533600000,
    "interestIncome": 0,
    "interestExpense": 0,
    "depreciationAndAmortization": 193000000,
    "ebitda": 1623800000,
    "ebitdaratio": 0.1357193006,
    "operatingIncome": 1430800000,
    "operatingIncomeRatio": 0.1195881114,
    "totalOtherIncomeExpensesNet": 0,
    "incomeBeforeTax": 1430800000,
    "incomeBeforeTaxRatio": 0.1195881114,
    "incomeTaxExpense": 177600000,
    "netIncome": 1234000000,
    "netIncomeRatio": 0.1031393133,
    "eps": 4.11,
    "epsdiluted": 4.06,
    "weightedAverageShsOut": 297857142,
    "weightedAverageShsOutDil": 298000000,
    "link": "https://www.sec.gov/Archives/edgar/data/1126328/000104746916010094/0001047469-16-010094-index.htm",
    "finalLink": "https://www.sec.gov/Archives/edgar/data/1126328/000104746916010094/a2227257z10-k.htm"
  },
  {
    "date": "2014-12-31",
    "symbol": "PFG",
    "reportedCurrency": "USD",
    "cik": "0001126328",
    "fillingDate": "2015-02-11",
    "acceptedDate": "2015-02-11 12:58:06",
    "calendarYear": "2014",
    "period": "FY",
    "revenue": 10477600000,
    "costOfRevenue": 5231000000,
    "grossProfit": 5246600000,
    "grossProfitRatio": 0.5007444453,
    "researchAndDevelopmentExpenses": 0,
    "generalAndAdministrativeExpenses": 3574300000,
    "sellingAndMarketingExpenses": 0,
    "sellingGeneralAndAdministrativeExpenses": 3574300000,
    "otherExpenses": 177400000,
    "operatingExpenses": 3751700000,
    "costAndExpenses": 8982700000,
    "interestIncome": 0,
    "interestExpense": 0,
    "depreciationAndAmortization": 169500000,
    "ebitda": 1664400000,
    "ebitdaratio": 0.1588531725,
    "operatingIncome": 1494900000,
    "operatingIncomeRatio": 0.1426758036,
    "totalOtherIncomeExpensesNet": 0,
    "incomeBeforeTax": 1494900000,
    "incomeBeforeTaxRatio": 0.1426758036,
    "incomeTaxExpense": 318500000,
    "netIncome": 1144100000,
    "netIncomeRatio": 0.1091948538,
    "eps": 3.7,
    "epsdiluted": 3.65,
    "weightedAverageShsOut": 298700000,
    "weightedAverageShsOutDil": 299013698,
    "link": "https://www.sec.gov/Archives/edgar/data/1126328/000104746915000727/0001047469-15-000727-index.htm",
    "finalLink": "https://www.sec.gov/Archives/edgar/data/1126328/000104746915000727/a2222934z10-k.htm"
  },
  {
    "date": "2013-12-31",
    "symbol": "PFG",
    "reportedCurrency": "USD",
    "cik": "0001126328",
    "fillingDate": "2014-02-12",
    "acceptedDate": "2014-02-12 12:08:26",
    "calendarYear": "2013",
    "period": "FY",
    "revenue": 9289500000,
    "costOfRevenue": 4683600000,
    "grossProfit": 4605900000,
    "grossProfitRatio": 0.4958178589,
    "researchAndDevelopmentExpenses": 0,
    "generalAndAdministrativeExpenses": 3292900000,
    "sellingAndMarketingExpenses": 0,
    "sellingGeneralAndAdministrativeExpenses": 3292900000,
    "otherExpenses": 189000000,
    "operatingExpenses": 3481900000,
    "costAndExpenses": 8165500000,
    "interestIncome": 0,
    "interestExpense": 0,
    "depreciationAndAmortization": 153900000,
    "ebitda": 1277900000,
    "ebitdaratio": 0.1375639162,
    "operatingIncome": 1124000000,
    "operatingIncomeRatio": 0.1209968244,
    "totalOtherIncomeExpensesNet": 0,
    "incomeBeforeTax": 1124000000,
    "incomeBeforeTaxRatio": 0.1209968244,
    "incomeTaxExpense": 187900000,
    "netIncome": 912700000,
    "netIncomeRatio": 0.0982507132,
    "eps": 2.99,
    "epsdiluted": 2.95,
    "weightedAverageShsOut": 298200000,
    "weightedAverageShsOutDil": 298203389,
    "link": "https://www.sec.gov/Archives/edgar/data/1126328/000104746914000817/0001047469-14-000817-index.htm",
    "finalLink": "https://www.sec.gov/Archives/edgar/data/1126328/000104746914000817/a2218175z10-k.htm"
  },
  {
    "date": "2012-12-31",
    "symbol": "PFG",
    "reportedCurrency": "USD",
    "cik": "0001126328",
    "fillingDate": "2013-02-13",
    "acceptedDate": "2013-02-13 09:53:04",
    "calendarYear": "2012",
    "period": "FY",
    "revenue": 9215100000,
    "costOfRevenue": 5123900000,
    "grossProfit": 4091200000,
    "grossProfitRatio": 0.4439669673,
    "researchAndDevelopmentExpenses": 0,
    "generalAndAdministrativeExpenses": 2933500000,
    "sellingAndMarketingExpenses": 0,
    "sellingGeneralAndAdministrativeExpenses": 2933500000,
    "otherExpenses": 197700000,
    "operatingExpenses": 3131200000,
    "costAndExpenses": 8255100000,
    "interestIncome": 0,
    "interestExpense": 0,
    "depreciationAndAmortization": 132100000,
    "ebitda": 1092100000,
    "ebitdaratio": 0.1185120075,
    "operatingIncome": 960000000,
    "operatingIncomeRatio": 0.1041768402,
    "totalOtherIncomeExpensesNet": 0,
    "incomeBeforeTax": 960000000,
    "incomeBeforeTaxRatio": 0.1041768402,
    "incomeTaxExpense": 134600000,
    "netIncome": 806600000,
    "netIncomeRatio": 0.0875302493,
    "eps": 2.6,
    "epsdiluted": 2.58,
    "weightedAverageShsOut": 299844961,
    "weightedAverageShsOutDil": 300400000,
    "link": "https://www.sec.gov/Archives/edgar/data/1126328/000104746913000940/0001047469-13-000940-index.htm",
    "finalLink": "https://www.sec.gov/Archives/edgar/data/1126328/000104746913000940/a2212740z10-k.htm"
  },
  {
    "date": "2011-12-31",
    "symbol": "PFG",
    "reportedCurrency": "USD",
    "cik": "0001126328",
    "fillingDate": "2012-02-15",
    "acceptedDate": "2012-02-15 11:19:22",
    "calendarYear": "2011",
    "period": "FY",
    "revenue": 8670700000,
    "costOfRevenue": 4616600000,
    "grossProfit": 4054100000,
    "grossProfitRatio": 0.4675631725,
    "researchAndDevelopmentExpenses": 0,
    "generalAndAdministrativeExpenses": 2971100000,
    "sellingAndMarketingExpenses": 86600000,
    "sellingGeneralAndAdministrativeExpenses": 3057700000,
    "otherExpenses": 123600000,
    "operatingExpenses": 3181300000,
    "costAndExpenses": 7797900000,
    "interestIncome": 0,
    "interestExpense": 0,
    "depreciationAndAmortization": 119900000,
    "ebitda": 992700000,
    "ebitdaratio": 0.1144890263,
    "operatingIncome": 872800000,
    "operatingIncomeRatio": 0.1006608463,
    "totalOtherIncomeExpensesNet": 0,
    "incomeBeforeTax": 872800000,
    "incomeBeforeTaxRatio": 0.1006608463,
    "incomeTaxExpense": 198300000,
    "netIncome": 638300000,
    "netIncomeRatio": 0.0736157404,
    "eps": 1.92,
    "epsdiluted": 1.91,
    "weightedAverageShsOut": 314500000,
    "weightedAverageShsOutDil": 317600000,
    "link": "https://www.sec.gov/Archives/edgar/data/1126328/000104746912001065/0001047469-12-001065-index.htm",
    "finalLink": "https://www.sec.gov/Archives/edgar/data/1126328/000104746912001065/a2207170z10-k.htm"
  },
  {
    "date": "2010-12-31",
    "symbol": "PFG",
    "reportedCurrency": "USD",
    "cik": "0001126328",
    "fillingDate": "2011-02-16",
    "acceptedDate": "2011-02-16 12:48:23",
    "calendarYear": "2010",
    "period": "FY",
    "revenue": 9198200000,
    "costOfRevenue": 5204300000,
    "grossProfit": 3993900000,
    "grossProfitRatio": 0.4342045183,
    "researchAndDevelopmentExpenses": 0,
    "generalAndAdministrativeExpenses": 2988300000,
    "sellingAndMarketingExpenses": 0,
    "sellingGeneralAndAdministrativeExpenses": 2988300000,
    "otherExpenses": 219900000,
    "operatingExpenses": 3208200000,
    "costAndExpenses": 8412500000,
    "interestIncome": 0,
    "interestExpense": 0,
    "depreciationAndAmortization": 164700000,
    "ebitda": 950400000,
    "ebitdaratio": 0.1033245635,
    "operatingIncome": 785700000,
    "operatingIncomeRatio": 0.0854188863,
    "totalOtherIncomeExpensesNet": 0,
    "incomeBeforeTax": 785700000,
    "incomeBeforeTaxRatio": 0.0854188863,
    "incomeTaxExpense": 104900000,
    "netIncome": 662900000,
    "netIncomeRatio": 0.0720684482,
    "eps": 2.08,
    "epsdiluted": 2.06,
    "weightedAverageShsOut": 320400000,
    "weightedAverageShsOutDil": 323000000,
    "link": "https://www.sec.gov/Archives/edgar/data/1126328/000104746911000974/0001047469-11-000974-index.htm",
    "finalLink": "https://www.sec.gov/Archives/edgar/data/1126328/000104746911000974/a2201860z10-k.htm"
  },
  {
    "date": "2009-12-31",
    "symbol": "PFG",
    "reportedCurrency": "USD",
    "cik": "0001126328",
    "fillingDate": "2010-02-17",
    "acceptedDate": "2010-02-17 14:28:25",
    "calendarYear": "2009",
    "period": "FY",
    "revenue": 8849100000,
    "costOfRevenue": 5334500000,
    "grossProfit": 3514600000,
    "grossProfitRatio": 0.3971703337,
    "researchAndDevelopmentExpenses": 0,
    "generalAndAdministrativeExpenses": 0,
    "sellingAndMarketingExpenses": 0,
    "sellingGeneralAndAdministrativeExpenses": 0,
    "otherExpenses": 2768800000,
    "operatingExpenses": 2768800000,
    "costAndExpenses": 8103300000,
    "interestIncome": 0,
    "interestExpense": 0,
    "depreciationAndAmortization": 138500000,
    "ebitda": 884300000,
    "ebitdaratio": 0.0999310664,
    "operatingIncome": 745800000,
    "operatingIncomeRatio": 0.0842797573,
    "totalOtherIncomeExpensesNet": 0,
    "incomeBeforeTax": 745800000,
    "incomeBeforeTaxRatio": 0.0842797573,
    "incomeTaxExpense": 100100000,
    "netIncome": 622700000,
    "netIncomeRatio": 0.0703687381,
    "eps": 1.98,
    "epsdiluted": 1.97,
    "weightedAverageShsOut": 297300000,
    "weightedAverageShsOutDil": 298900000,
    "link": "https://www.sec.gov/Archives/edgar/data/1126328/000104746910000948/0001047469-10-000948-index.htm",
    "finalLink": "https://www.sec.gov/Archives/edgar/data/1126328/000104746910000948/a2196417z10-k.htm"
  },
  {
    "date": "2008-12-31",
    "symbol": "PFG",
    "reportedCurrency": "USD",
    "cik": "0001126328",
    "fillingDate": "2009-02-18",
    "acceptedDate": "2009-02-18 10:40:53",
    "calendarYear": "2008",
    "period": "FY",
    "revenue": 9935900000,
    "costOfRevenue": 6219900000,
    "grossProfit": 3716000000,
    "grossProfitRatio": 0.3739973228,
    "researchAndDevelopmentExpenses": 0,
    "generalAndAdministrativeExpenses": 0,
    "sellingAndMarketingExpenses": 0,
    "sellingGeneralAndAdministrativeExpenses": 2995100000,
    "otherExpenses": 259600000,
    "operatingExpenses": 3254700000,
    "costAndExpenses": 9474600000,
    "interestIncome": 0,
    "interestExpense": 0,
    "depreciationAndAmortization": 145000000,
    "ebitda": 606300000,
    "ebitdaratio": 0.0610211455,
    "operatingIncome": 461300000,
    "operatingIncomeRatio": 0.0464276009,
    "totalOtherIncomeExpensesNet": 0,
    "incomeBeforeTax": 461300000,
    "incomeBeforeTaxRatio": 0.0464276009,
    "incomeTaxExpense": -4500000,
    "netIncome": 458100000,
    "netIncomeRatio": 0.0461055365,
    "eps": 1.64,
    "epsdiluted": 1.63,
    "weightedAverageShsOut": 259300000,
    "weightedAverageShsOutDil": 261100000,
    "link": "https://www.sec.gov/Archives/edgar/data/1126328/000104746909001547/0001047469-09-001547-index.htm",
    "finalLink": "https://www.sec.gov/Archives/edgar/data/1126328/000104746909001547/a2190573z10-k.htm"
  },
  {
    "date": "2007-12-31",
    "symbol": "PFG",
    "reportedCurrency": "USD",
    "cik": "0001126328",
    "fillingDate": "2008-02-27",
    "acceptedDate": "2008-02-27 14:04:59",
    "calendarYear": "2007",
    "period": "FY",
    "revenue": 10906500000,
    "costOfRevenue": 6435300000,
    "grossProfit": 4471200000,
    "grossProfitRatio": 0.4099573649,
    "researchAndDevelopmentExpenses": 0,
    "generalAndAdministrativeExpenses": 0,
    "sellingAndMarketingExpenses": 0,
    "sellingGeneralAndAdministrativeExpenses": 0,
    "otherExpenses": 3398800000,
    "operatingExpenses": 3398800000,
    "costAndExpenses": 9834100000,
    "interestIncome": 0,
    "interestExpense": 0,
    "depreciationAndAmortization": 130200000,
    "ebitda": 1202600000,
    "ebitdaratio": 0.1102645212,
    "operatingIncome": 1072400000,
    "operatingIncomeRatio": 0.0983266859,
    "totalOtherIncomeExpensesNet": 0,
    "incomeBeforeTax": 1072400000,
    "incomeBeforeTaxRatio": 0.0983266859,
    "incomeTaxExpense": 208100000,
    "netIncome": 860300000,
    "netIncomeRatio": 0.0788795672,
    "eps": 3.12,
    "epsdiluted": 3.09,
    "weightedAverageShsOut": 265400000,
    "weightedAverageShsOutDil": 268100000,
    "link": "https://www.sec.gov/Archives/edgar/data/1126328/000104746908001808/0001047469-08-001808-index.htm",
    "finalLink": "https://www.sec.gov/Archives/edgar/data/1126328/000104746908001808/a2182820z10-k.htm"
  },
  {
    "date": "2006-12-31",
    "symbol": "PFG",
    "reportedCurrency": "USD",
    "cik": "0001126328",
    "fillingDate": "2007-02-28",
    "acceptedDate": "2007-02-27 17:31:24",
    "calendarYear": "2006",
    "period": "FY",
    "revenue": 9873100000,
    "costOfRevenue": 5692400000,
    "grossProfit": 4180700000,
    "grossProfitRatio": 0.423443498,
    "researchAndDevelopmentExpenses": 0,
    "generalAndAdministrativeExpenses": 0,
    "sellingAndMarketingExpenses": 0,
    "sellingGeneralAndAdministrativeExpenses": 2558700000,
    "otherExpenses": 290700000,
    "operatingExpenses": 2849400000,
    "costAndExpenses": 8541800000,
    "interestIncome": 0,
    "interestExpense": 0,
    "depreciationAndAmortization": 101300000,
    "ebitda": 1432600000,
    "ebitdaratio": 0.145101336,
    "operatingIncome": 1331300000,
    "operatingIncomeRatio": 0.134841134,
    "totalOtherIncomeExpensesNet": 0,
    "incomeBeforeTax": 1331300000,
    "incomeBeforeTaxRatio": 0.134841134,
    "incomeTaxExpense": 295900000,
    "netIncome": 1064300000,
    "netIncomeRatio": 0.1077979561,
    "eps": 3.78,
    "epsdiluted": 3.74,
    "weightedAverageShsOut": 272900000,
    "weightedAverageShsOutDil": 275500000,
    "link": "https://www.sec.gov/Archives/edgar/data/1126328/000104746907001453/0001047469-07-001453-index.htm",
    "finalLink": "https://www.sec.gov/Archives/edgar/data/1126328/000104746907001453/a2176222z10-k.htm"
  },
  {
    "date": "2005-12-31",
    "symbol": "PFG",
    "reportedCurrency": "USD",
    "cik": "0001126328",
    "fillingDate": "2006-03-02",
    "acceptedDate": "2006-03-02 17:15:58",
    "calendarYear": "2005",
    "period": "FY",
    "revenue": 9007700000,
    "costOfRevenue": 5282900000,
    "grossProfit": 3724800000,
    "grossProfitRatio": 0.4135128834,
    "researchAndDevelopmentExpenses": 0,
    "generalAndAdministrativeExpenses": 0,
    "sellingAndMarketingExpenses": 0,
    "sellingGeneralAndAdministrativeExpenses": 0,
    "otherExpenses": 2600500000,
    "operatingExpenses": 2600500000,
    "costAndExpenses": 7883400000,
    "interestIncome": 0,
    "interestExpense": 0,
    "depreciationAndAmortization": 101600000,
    "ebitda": 1225900000,
    "ebitdaratio": 0.1360946746,
    "operatingIncome": 1124300000,
    "operatingIncomeRatio": 0.1248154357,
    "totalOtherIncomeExpensesNet": 0,
    "incomeBeforeTax": 1124300000,
    "incomeBeforeTaxRatio": 0.1248154357,
    "incomeTaxExpense": 232400000,
    "netIncome": 919000000,
    "netIncomeRatio": 0.1020238241,
    "eps": 3.13,
    "epsdiluted": 3.11,
    "weightedAverageShsOut": 287955272,
    "weightedAverageShsOutDil": 289807074,
    "link": "https://www.sec.gov/Archives/edgar/data/1126328/000104746906002772/0001047469-06-002772-index.htm",
    "finalLink": "https://www.sec.gov/Archives/edgar/data/1126328/000104746906002772/a2167692z10-k.htm"
  },
  {
    "date": "2004-12-31",
    "symbol": "PFG",
    "reportedCurrency": "USD",
    "cik": "0001126328",
    "fillingDate": "2005-03-04",
    "acceptedDate": "2005-03-04 14:08:53",
    "calendarYear": "2004",
    "period": "FY",
    "revenue": 8303700000,
    "costOfRevenue": 4959500000,
    "grossProfit": 3344200000,
    "grossProfitRatio": 0.4027361297,
    "researchAndDevelopmentExpenses": 0,
    "generalAndAdministrativeExpenses": 0,
    "sellingAndMarketingExpenses": 0,
    "sellingGeneralAndAdministrativeExpenses": 0,
    "otherExpenses": 2462600000,
    "operatingExpenses": 2462600000,
    "costAndExpenses": 7422100000,
    "interestIncome": 0,
    "interestExpense": 0,
    "depreciationAndAmortization": 321600000,
    "ebitda": 1203200000,
    "ebitdaratio": 0.1448992618,
    "operatingIncome": 881600000,
    "operatingIncomeRatio": 0.1061695389,
    "totalOtherIncomeExpensesNet": 0,
    "incomeBeforeTax": 881600000,
    "incomeBeforeTaxRatio": 0.1061695389,
    "incomeTaxExpense": 179100000,
    "netIncome": 825600000,
    "netIncomeRatio": 0.0994255573,
    "eps": 2.64,
    "epsdiluted": 2.62,
    "weightedAverageShsOut": 312727273,
    "weightedAverageShsOutDil": 315114504,
    "link": "https://www.sec.gov/Archives/edgar/data/1126328/000104746905005426/0001047469-05-005426-index.htm",
    "finalLink": "https://www.sec.gov/Archives/edgar/data/1126328/000104746905005426/a2152718z10-k.htm"
  },
  {
    "date": "2003-12-31",
    "symbol": "PFG",
    "reportedCurrency": "USD",
    "cik": "0001126328",
    "fillingDate": "2004-03-03",
    "acceptedDate": "2004-03-03 17:07:50",
    "calendarYear": "2003",
    "period": "FY",
    "revenue": 7992100000,
    "costOfRevenue": 4861300000,
    "grossProfit": 3130800000,
    "grossProfitRatio": 0.3917368401,
    "researchAndDevelopmentExpenses": 0,
    "generalAndAdministrativeExpenses": 0,
    "sellingAndMarketingExpenses": 0,
    "sellingGeneralAndAdministrativeExpenses": 0,
    "otherExpenses": 3589200000,
    "operatingExpenses": 3589200000,
    "costAndExpenses": 8450500000,
    "interestIncome": 0,
    "interestExpense": 0,
    "depreciationAndAmortization": 255800000,
    "ebitda": 1076400000,
    "ebitdaratio": 0.1346829995,
    "operatingIncome": 820600000,
    "operatingIncomeRatio": 0.1026763929,
    "totalOtherIncomeExpensesNet": 0,
    "incomeBeforeTax": 820600000,
    "incomeBeforeTaxRatio": 0.1026763929,
    "incomeTaxExpense": 177000000,
    "netIncome": 746300000,
    "netIncomeRatio": 0.0933797125,
    "eps": 2.29,
    "epsdiluted": 2.28,
    "weightedAverageShsOut": 325895197,
    "weightedAverageShsOutDil": 327324561,
    "link": "https://www.sec.gov/Archives/edgar/data/1126328/000112632804000056/0001126328-04-000056-index.htm",
    "finalLink": "https://www.sec.gov/Archives/edgar/data/1126328/000112632804000056/final10k2004.txt"
  },
  {
    "date": "2002-12-31",
    "symbol": "PFG",
    "reportedCurrency": "USD",
    "cik": "0001126328",
    "fillingDate": "2003-03-05",
    "acceptedDate": "2003-03-05 17:17:49",
    "calendarYear": "2002",
    "period": "FY",
    "revenue": 7631000000,
    "costOfRevenue": 5216900000,
    "grossProfit": 2414100000,
    "grossProfitRatio": 0.3163543441,
    "researchAndDevelopmentExpenses": 0,
    "generalAndAdministrativeExpenses": 0,
    "sellingAndMarketingExpenses": 0,
    "sellingGeneralAndAdministrativeExpenses": 0,
    "otherExpenses": 2939800000,
    "operatingExpenses": 2939800000,
    "costAndExpenses": 8156700000,
    "interestIncome": 0,
    "interestExpense": 0,
    "depreciationAndAmortization": 249300000,
    "ebitda": 620800000,
    "ebitdaratio": 0.0813523785,
    "operatingIncome": 371500000,
    "operatingIncomeRatio": 0.0486830035,
    "totalOtherIncomeExpensesNet": 0,
    "incomeBeforeTax": 371500000,
    "incomeBeforeTaxRatio": 0.0486830035,
    "incomeTaxExpense": -74900000,
    "netIncome": 142300000,
    "netIncomeRatio": 0.0186476215,
    "eps": 0.41,
    "epsdiluted": 0.41,
    "weightedAverageShsOut": 347073171,
    "weightedAverageShsOutDil": 347073171,
    "link": "https://www.sec.gov/Archives/edgar/data/1126328/000112632803000122/0001126328-03-000122-index.htm",
    "finalLink": "https://www.sec.gov/Archives/edgar/data/1126328/000112632803000122/final10k2002.txt"
  },
  {
    "date": "2001-12-31",
    "symbol": "PFG",
    "reportedCurrency": "USD",
    "cik": "0001126328",
    "fillingDate": "2002-03-12",
    "acceptedDate": "2002-03-12 00:00:00",
    "calendarYear": "2001",
    "period": "FY",
    "revenue": 7798400000,
    "costOfRevenue": 5795800000,
    "grossProfit": 2002600000,
    "grossProfitRatio": 0.2567962659,
    "researchAndDevelopmentExpenses": 0,
    "generalAndAdministrativeExpenses": 0,
    "sellingAndMarketingExpenses": 0,
    "sellingGeneralAndAdministrativeExpenses": 0,
    "otherExpenses": 2573200000,
    "operatingExpenses": 2573200000,
    "costAndExpenses": 8369000000,
    "interestIncome": 0,
    "interestExpense": 0,
    "depreciationAndAmortization": 476300000,
    "ebitda": 809500000,
    "ebitdaratio": 0.1038033443,
    "operatingIncome": 333200000,
    "operatingIncomeRatio": 0.0427267132,
    "totalOtherIncomeExpensesNet": 0,
    "incomeBeforeTax": 333200000,
    "incomeBeforeTaxRatio": 0.0427267132,
    "incomeTaxExpense": 83400000,
    "netIncome": 358800000,
    "netIncomeRatio": 0.0460094378,
    "eps": 0.99,
    "epsdiluted": 0.99,
    "weightedAverageShsOut": 362424242,
    "weightedAverageShsOutDil": 362424242,
    "link": "https://www.sec.gov/Archives/edgar/data/1126328/000112632802000031/0001126328-02-000031-index.htm",
    "finalLink": "https://www.sec.gov/Archives/edgar/data/1126328/000112632802000031/pfg200110k.txt"
  },
  {
    "date": "2000-12-31",
    "symbol": "PFG",
    "reportedCurrency": "USD",
    "cik": "0001126328",
    "fillingDate": "2000-12-31",
    "acceptedDate": "2000-12-30 19:00:00",
    "calendarYear": "2000",
    "period": "FY",
    "revenue": 8205400000,
    "costOfRevenue": 0,
    "grossProfit": 8205400000,
    "grossProfitRatio": 1,
    "researchAndDevelopmentExpenses": 0,
    "generalAndAdministrativeExpenses": 0,
    "sellingAndMarketingExpenses": 0,
    "sellingGeneralAndAdministrativeExpenses": 0,
    "otherExpenses": 0,
    "operatingExpenses": 0,
    "costAndExpenses": 0,
    "interestIncome": 0,
    "interestExpense": 0,
    "depreciationAndAmortization": 0,
    "ebitda": 8205400000,
    "ebitdaratio": 1,
    "operatingIncome": 8205400000,
    "operatingIncomeRatio": 1,
    "totalOtherIncomeExpensesNet": 0,
    "incomeBeforeTax": 8205400000,
    "incomeBeforeTaxRatio": 1,
    "incomeTaxExpense": 0,
    "netIncome": 620200000,
    "netIncomeRatio": 0.0755843713,
    "eps": 1.72,
    "epsdiluted": 1.72,
    "weightedAverageShsOut": 360600000,
    "weightedAverageShsOutDil": 360600000,
    "link": "",
    "finalLink": ""
  }
]