[
  {
    "date": "2025-06-30",
    "symbol": "PG",
    "reportedCurrency": "USD",
    "cik": "0000080424",
    "fillingDate": "2025-08-04",
    "acceptedDate": "2025-08-04 16:20:16",
    "calendarYear": "2025",
    "period": "Q4",
    "revenue": 20889000000,
    "costOfRevenue": 10631000000,
    "grossProfit": 10258000000,
    "grossProfitRatio": 0.491071856,
    "researchAndDevelopmentExpenses": 0,
    "generalAndAdministrativeExpenses": 0,
    "sellingAndMarketingExpenses": 0,
    "sellingGeneralAndAdministrativeExpenses": 5903000000,
    "otherExpenses": 0,
    "operatingExpenses": 5903000000,
    "costAndExpenses": 16534000000,
    "interestIncome": 104000000,
    "interestExpense": 212000000,
    "depreciationAndAmortization": -2124000000,
    "ebitda": 2610000000,
    "ebitdaratio": 0.1249461439,
    "operatingIncome": 4355000000,
    "operatingIncomeRatio": 0.2084829336,
    "totalOtherIncomeExpensesNet": 166000000,
    "incomeBeforeTax": 4521000000,
    "incomeBeforeTaxRatio": 0.2164296998,
    "incomeTaxExpense": 895000000,
    "netIncome": 3616000000,
    "netIncomeRatio": 0.1731054622,
    "eps": 1.5,
    "epsdiluted": 1.48,
    "weightedAverageShsOut": 2454400000,
    "weightedAverageShsOutDil": 2454400000,
    "link": "https://www.sec.gov/Archives/edgar/data/80424/000008042425000076/0000080424-25-000076-index.htm",
    "finalLink": "https://www.sec.gov/Archives/edgar/data/80424/000008042425000076/pg-20250630.htm"
  },
  {
    "date": "2025-03-31",
    "symbol": "PG",
    "reportedCurrency": "USD",
    "cik": "0000080424",
    "fillingDate": "2025-04-24",
    "acceptedDate": "2025-04-24 16:20:00",
    "calendarYear": "2025",
    "period": "Q3",
    "revenue": 19776000000,
    "costOfRevenue": 9694000000,
    "grossProfit": 10082000000,
    "grossProfitRatio": 0.5098098706,
    "researchAndDevelopmentExpenses": 0,
    "generalAndAdministrativeExpenses": 0,
    "sellingAndMarketingExpenses": 0,
    "sellingGeneralAndAdministrativeExpenses": 5524000000,
    "otherExpenses": 0,
    "operatingExpenses": 5524000000,
    "costAndExpenses": 15218000000,
    "interestIncome": 111000000,
    "interestExpense": 217000000,
    "depreciationAndAmortization": 690000000,
    "ebitda": 5567000000,
    "ebitdaratio": 0.2815028317,
    "operatingIncome": 4558000000,
    "operatingIncomeRatio": 0.2304813916,
    "totalOtherIncomeExpensesNet": 103000000,
    "incomeBeforeTax": 4661000000,
    "incomeBeforeTaxRatio": 0.2356897249,
    "incomeTaxExpense": 868000000,
    "netIncome": 3769000000,
    "netIncomeRatio": 0.1905845469,
    "eps": 1.58,
    "epsdiluted": 1.54,
    "weightedAverageShsOut": 2347200000,
    "weightedAverageShsOutDil": 2449800000,
    "link": "https://www.sec.gov/Archives/edgar/data/80424/000008042425000037/0000080424-25-000037-index.htm",
    "finalLink": "https://www.sec.gov/Archives/edgar/data/80424/000008042425000037/pg-20250331.htm"
  },
  {
    "date": "2024-12-31",
    "symbol": "PG",
    "reportedCurrency": "USD",
    "cik": "0000080424",
    "fillingDate": "2025-01-22",
    "acceptedDate": "2025-01-22 16:16:26",
    "calendarYear": "2025",
    "period": "Q2",
    "revenue": 21882000000,
    "costOfRevenue": 10418000000,
    "grossProfit": 11464000000,
    "grossProfitRatio": 0.5239009231,
    "researchAndDevelopmentExpenses": 0,
    "generalAndAdministrativeExpenses": 0,
    "sellingAndMarketingExpenses": 0,
    "sellingGeneralAndAdministrativeExpenses": 5723000000,
    "otherExpenses": 0,
    "operatingExpenses": 5723000000,
    "costAndExpenses": 16141000000,
    "interestIncome": 119000000,
    "interestExpense": 240000000,
    "depreciationAndAmortization": 706000000,
    "ebitda": 6791000000,
    "ebitdaratio": 0.3103464034,
    "operatingIncome": 5741000000,
    "operatingIncomeRatio": 0.2623617585,
    "totalOtherIncomeExpensesNet": 104000000,
    "incomeBeforeTax": 5845000000,
    "incomeBeforeTaxRatio": 0.2671145234,
    "incomeTaxExpense": 1187000000,
    "netIncome": 4630000000,
    "netIncomeRatio": 0.2115894342,
    "eps": 1.94,
    "epsdiluted": 1.88,
    "weightedAverageShsOut": 2351900000,
    "weightedAverageShsOutDil": 2458100000,
    "link": "https://www.sec.gov/Archives/edgar/data/80424/000008042425000013/0000080424-25-000013-index.htm",
    "finalLink": "https://www.sec.gov/Archives/edgar/data/80424/000008042425000013/pg-20241231.htm"
  },
  {
    "date": "2024-09-30",
    "symbol": "PG",
    "reportedCurrency": "USD",
    "cik": "0000080424",
    "fillingDate": "2024-10-18",
    "acceptedDate": "2024-10-18 16:15:59",
    "calendarYear": "2025",
    "period": "Q1",
    "revenue": 21737000000,
    "costOfRevenue": 10421000000,
    "grossProfit": 11316000000,
    "grossProfitRatio": 0.5205870175,
    "researchAndDevelopmentExpenses": 0,
    "generalAndAdministrativeExpenses": 0,
    "sellingAndMarketingExpenses": 0,
    "sellingGeneralAndAdministrativeExpenses": 5519000000,
    "otherExpenses": 0,
    "operatingExpenses": 5519000000,
    "costAndExpenses": 15940000000,
    "interestIncome": 135000000,
    "interestExpense": 238000000,
    "depreciationAndAmortization": 728000000,
    "ebitda": 6106000000,
    "ebitdaratio": 0.2809035285,
    "operatingIncome": 5797000000,
    "operatingIncomeRatio": 0.2666881354,
    "totalOtherIncomeExpensesNet": -657000000,
    "incomeBeforeTax": 5140000000,
    "incomeBeforeTaxRatio": 0.2364631734,
    "incomeTaxExpense": 1152000000,
    "netIncome": 3959000000,
    "netIncomeRatio": 0.1821318489,
    "eps": 1.65,
    "epsdiluted": 1.58,
    "weightedAverageShsOut": 2356200000,
    "weightedAverageShsOutDil": 2466000000,
    "link": "https://www.sec.gov/Archives/edgar/data/80424/000008042424000113/0000080424-24-000113-index.htm",
    "finalLink": "https://www.sec.gov/Archives/edgar/data/80424/000008042424000113/pg-20240930.htm"
  },
  {
    "date": "2024-06-30",
    "symbol": "PG",
    "reportedCurrency": "USD",
    "cik": "0000080424",
    "fillingDate": "2024-08-05",
    "acceptedDate": "2024-08-05 16:16:53",
    "calendarYear": "2024",
    "period": "Q4",
    "revenue": 20532000000,
    "costOfRevenue": 10348000000,
    "grossProfit": 10184000000,
    "grossProfitRatio": 0.4960062342,
    "researchAndDevelopmentExpenses": 0,
    "generalAndAdministrativeExpenses": 0,
    "sellingAndMarketingExpenses": 0,
    "sellingGeneralAndAdministrativeExpenses": 6299000000,
    "otherExpenses": 0,
    "operatingExpenses": 6299000000,
    "costAndExpenses": 16647000000,
    "interestIncome": 107000000,
    "interestExpense": 220000000,
    "depreciationAndAmortization": 761000000,
    "ebitda": 4849000000,
    "ebitdaratio": 0.236167933,
    "operatingIncome": 3885000000,
    "operatingIncomeRatio": 0.1892168323,
    "totalOtherIncomeExpensesNet": -15000000,
    "incomeBeforeTax": 3870000000,
    "incomeBeforeTaxRatio": 0.1884862653,
    "incomeTaxExpense": 726000000,
    "netIncome": 3137000000,
    "netIncomeRatio": 0.1527858952,
    "eps": 1.3,
    "epsdiluted": 1.27,
    "weightedAverageShsOut": 2472200000,
    "weightedAverageShsOutDil": 2472200000,
    "link": "https://www.sec.gov/Archives/edgar/data/80424/000008042424000083/0000080424-24-000083-index.htm",
    "finalLink": "https://www.sec.gov/Archives/edgar/data/80424/000008042424000083/pg-20240630.htm"
  },
  {
    "date": "2024-03-31",
    "symbol": "PG",
    "reportedCurrency": "USD",
    "cik": "0000080424",
    "fillingDate": "2024-04-19",
    "acceptedDate": "2024-04-19 16:17:56",
    "calendarYear": "2024",
    "period": "Q3",
    "revenue": 20195000000,
    "costOfRevenue": 9855000000,
    "grossProfit": 10340000000,
    "grossProfitRatio": 0.5120079228,
    "researchAndDevelopmentExpenses": 0,
    "generalAndAdministrativeExpenses": 0,
    "sellingAndMarketingExpenses": 0,
    "sellingGeneralAndAdministrativeExpenses": 5880000000,
    "otherExpenses": 0,
    "operatingExpenses": 5880000000,
    "costAndExpenses": 15735000000,
    "interestIncome": 104000000,
    "interestExpense": 233000000,
    "depreciationAndAmortization": 712000000,
    "ebitda": 5528000000,
    "ebitdaratio": 0.2737311216,
    "operatingIncome": 4460000000,
    "operatingIncomeRatio": 0.2208467442,
    "totalOtherIncomeExpensesNet": 132000000,
    "incomeBeforeTax": 4592000000,
    "incomeBeforeTaxRatio": 0.2273830156,
    "incomeTaxExpense": 812000000,
    "netIncome": 3754000000,
    "netIncomeRatio": 0.1858875959,
    "eps": 1.56,
    "epsdiluted": 1.52,
    "weightedAverageShsOut": 2360500000,
    "weightedAverageShsOutDil": 2472000000,
    "link": "https://www.sec.gov/Archives/edgar/data/80424/000008042424000051/0000080424-24-000051-index.htm",
    "finalLink": "https://www.sec.gov/Archives/edgar/data/80424/000008042424000051/pg-20240331.htm"
  },
  {
    "date": "2023-12-31",
    "symbol": "PG",
    "reportedCurrency": "USD",
    "cik": "0000080424",
    "fillingDate": "2024-01-23",
    "acceptedDate": "2024-01-23 16:11:37",
    "calendarYear": "2024",
    "period": "Q2",
    "revenue": 21441000000,
    "costOfRevenue": 10144000000,
    "grossProfit": 11297000000,
    "grossProfitRatio": 0.5268877384,
    "researchAndDevelopmentExpenses": 0,
    "generalAndAdministrativeExpenses": 0,
    "sellingAndMarketingExpenses": 0,
    "sellingGeneralAndAdministrativeExpenses": 5522000000,
    "otherExpenses": 1342000000,
    "operatingExpenses": 6864000000,
    "costAndExpenses": 17008000000,
    "interestIncome": 133000000,
    "interestExpense": 248000000,
    "depreciationAndAmortization": 721000000,
    "ebitda": 5465000000,
    "ebitdaratio": 0.2548854997,
    "operatingIncome": 4433000000,
    "operatingIncomeRatio": 0.2067534164,
    "totalOtherIncomeExpensesNet": 63000000,
    "incomeBeforeTax": 4496000000,
    "incomeBeforeTaxRatio": 0.2096917121,
    "incomeTaxExpense": 1003000000,
    "netIncome": 3468000000,
    "netIncomeRatio": 0.1617461872,
    "eps": 1.44,
    "epsdiluted": 1.4,
    "weightedAverageShsOut": 2358000000,
    "weightedAverageShsOutDil": 2468400000,
    "link": "https://www.sec.gov/Archives/edgar/data/80424/000008042424000018/0000080424-24-000018-index.htm",
    "finalLink": "https://www.sec.gov/Archives/edgar/data/80424/000008042424000018/pg-20231231.htm"
  },
  {
    "date": "2023-09-30",
    "symbol": "PG",
    "reportedCurrency": "USD",
    "cik": "0000080424",
    "fillingDate": "2023-10-18",
    "acceptedDate": "2023-10-18 16:07:40",
    "calendarYear": "2024",
    "period": "Q1",
    "revenue": 21871000000,
    "costOfRevenue": 10501000000,
    "grossProfit": 11370000000,
    "grossProfitRatio": 0.5198664899,
    "researchAndDevelopmentExpenses": 0,
    "generalAndAdministrativeExpenses": 0,
    "sellingAndMarketingExpenses": 0,
    "sellingGeneralAndAdministrativeExpenses": 5604000000,
    "otherExpenses": 0,
    "operatingExpenses": 5603000000,
    "costAndExpenses": 16104000000,
    "interestIncome": 128000000,
    "interestExpense": 225000000,
    "depreciationAndAmortization": 702000000,
    "ebitda": 6739000000,
    "ebitdaratio": 0.3081249143,
    "operatingIncome": 5767000000,
    "operatingIncomeRatio": 0.2636825019,
    "totalOtherIncomeExpensesNet": 35000000,
    "incomeBeforeTax": 5802000000,
    "incomeBeforeTaxRatio": 0.2652827946,
    "incomeTaxExpense": 1246000000,
    "netIncome": 4521000000,
    "netIncomeRatio": 0.2067120845,
    "eps": 1.89,
    "epsdiluted": 1.83,
    "weightedAverageShsOut": 2360000000,
    "weightedAverageShsOutDil": 2475200000,
    "link": "https://www.sec.gov/Archives/edgar/data/80424/000008042423000103/0000080424-23-000103-index.htm",
    "finalLink": "https://www.sec.gov/Archives/edgar/data/80424/000008042423000103/pg-20230930.htm"
  },
  {
    "date": "2023-06-30",
    "symbol": "PG",
    "reportedCurrency": "USD",
    "cik": "0000080424",
    "fillingDate": "2023-08-04",
    "acceptedDate": "2023-08-04 16:16:13",
    "calendarYear": "2023",
    "period": "Q4",
    "revenue": 20553000000,
    "costOfRevenue": 10613000000,
    "grossProfit": 9940000000,
    "grossProfitRatio": 0.4836276943,
    "researchAndDevelopmentExpenses": 0,
    "generalAndAdministrativeExpenses": 0,
    "sellingAndMarketingExpenses": 0,
    "sellingGeneralAndAdministrativeExpenses": 5778000000,
    "otherExpenses": 0,
    "operatingExpenses": 5778000000,
    "costAndExpenses": 16391000000,
    "interestIncome": 116000000,
    "interestExpense": 240000000,
    "depreciationAndAmortization": 706000000,
    "ebitda": 5179000000,
    "ebitdaratio": 0.2519826789,
    "operatingIncome": 4162000000,
    "operatingIncomeRatio": 0.2025008515,
    "totalOtherIncomeExpensesNet": 71000000,
    "incomeBeforeTax": 4233000000,
    "incomeBeforeTaxRatio": 0.205955335,
    "incomeTaxExpense": 841000000,
    "netIncome": 3384000000,
    "netIncomeRatio": 0.1646474967,
    "eps": 1.4,
    "epsdiluted": 1.45,
    "weightedAverageShsOut": 2477500000,
    "weightedAverageShsOutDil": 2477500000,
    "link": "https://www.sec.gov/Archives/edgar/data/80424/000008042423000073/0000080424-23-000073-index.htm",
    "finalLink": "https://www.sec.gov/Archives/edgar/data/80424/000008042423000073/pg-20230630.htm"
  },
  {
    "date": "2023-03-31",
    "symbol": "PG",
    "reportedCurrency": "USD",
    "cik": "0000080424",
    "fillingDate": "2023-04-21",
    "acceptedDate": "2023-04-21 16:10:59",
    "calendarYear": "2023",
    "period": "Q3",
    "revenue": 20068000000,
    "costOfRevenue": 10404000000,
    "grossProfit": 9664000000,
    "grossProfitRatio": 0.4815626869,
    "researchAndDevelopmentExpenses": 0,
    "generalAndAdministrativeExpenses": 0,
    "sellingAndMarketingExpenses": 0,
    "sellingGeneralAndAdministrativeExpenses": 5416000000,
    "otherExpenses": 0,
    "operatingExpenses": 5416000000,
    "costAndExpenses": 15820000000,
    "interestIncome": 83000000,
    "interestExpense": 222000000,
    "depreciationAndAmortization": 692000000,
    "ebitda": 5202000000,
    "ebitdaratio": 0.2592186566,
    "operatingIncome": 4248000000,
    "operatingIncomeRatio": 0.211680287,
    "totalOtherIncomeExpensesNet": 40000000,
    "incomeBeforeTax": 4288000000,
    "incomeBeforeTaxRatio": 0.2136735101,
    "incomeTaxExpense": 864000000,
    "netIncome": 3397000000,
    "netIncomeRatio": 0.1692744668,
    "eps": 1.41,
    "epsdiluted": 1.37,
    "weightedAverageShsOut": 2359100000,
    "weightedAverageShsOutDil": 2473200000,
    "link": "https://www.sec.gov/Archives/edgar/data/80424/000008042423000046/0000080424-23-000046-index.htm",
    "finalLink": "https://www.sec.gov/Archives/edgar/data/80424/000008042423000046/pg-20230331.htm"
  },
  {
    "date": "2022-12-31",
    "symbol": "PG",
    "reportedCurrency": "USD",
    "cik": "0000080424",
    "fillingDate": "2023-01-19",
    "acceptedDate": "2023-01-19 16:14:25",
    "calendarYear": "2023",
    "period": "Q2",
    "revenue": 20773000000,
    "costOfRevenue": 10897000000,
    "grossProfit": 9876000000,
    "grossProfitRatio": 0.4754248303,
    "researchAndDevelopmentExpenses": 0,
    "generalAndAdministrativeExpenses": 0,
    "sellingAndMarketingExpenses": 0,
    "sellingGeneralAndAdministrativeExpenses": 5091000000,
    "otherExpenses": 0,
    "operatingExpenses": 5091000000,
    "costAndExpenses": 15988000000,
    "interestIncome": 66000000,
    "interestExpense": 171000000,
    "depreciationAndAmortization": 653000000,
    "ebitda": 5659000000,
    "ebitdaratio": 0.272420931,
    "operatingIncome": 4785000000,
    "operatingIncomeRatio": 0.2303470852,
    "totalOtherIncomeExpensesNet": 50000000,
    "incomeBeforeTax": 4835000000,
    "incomeBeforeTaxRatio": 0.2327540557,
    "incomeTaxExpense": 876000000,
    "netIncome": 3933000000,
    "netIncomeRatio": 0.1893323064,
    "eps": 1.63,
    "epsdiluted": 1.59,
    "weightedAverageShsOut": 2365900000,
    "weightedAverageShsOutDil": 2481200000,
    "link": "https://www.sec.gov/Archives/edgar/data/80424/000008042423000014/0000080424-23-000014-index.htm",
    "finalLink": "https://www.sec.gov/Archives/edgar/data/80424/000008042423000014/pg-20221231.htm"
  },
  {
    "date": "2022-09-30",
    "symbol": "PG",
    "reportedCurrency": "USD",
    "cik": "0000080424",
    "fillingDate": "2022-10-19",
    "acceptedDate": "2022-10-19 16:16:47",
    "calendarYear": "2023",
    "period": "Q1",
    "revenue": 20612000000,
    "costOfRevenue": 10846000000,
    "grossProfit": 9766000000,
    "grossProfitRatio": 0.4738016689,
    "researchAndDevelopmentExpenses": 0,
    "generalAndAdministrativeExpenses": 0,
    "sellingAndMarketingExpenses": 0,
    "sellingGeneralAndAdministrativeExpenses": 4827000000,
    "otherExpenses": 0,
    "operatingExpenses": 4827000000,
    "costAndExpenses": 15673000000,
    "interestIncome": 42000000,
    "interestExpense": 123000000,
    "depreciationAndAmortization": 663000000,
    "ebitda": 5783000000,
    "ebitdaratio": 0.2805647196,
    "operatingIncome": 4939000000,
    "operatingIncomeRatio": 0.2396176984,
    "totalOtherIncomeExpensesNet": 58000000,
    "incomeBeforeTax": 4997000000,
    "incomeBeforeTaxRatio": 0.2424315932,
    "incomeTaxExpense": 1034000000,
    "netIncome": 3939000000,
    "netIncomeRatio": 0.1911022705,
    "eps": 1.62,
    "epsdiluted": 1.57,
    "weightedAverageShsOut": 2385500000,
    "weightedAverageShsOutDil": 2503600000,
    "link": "https://www.sec.gov/Archives/edgar/data/80424/000008042422000102/0000080424-22-000102-index.htm",
    "finalLink": "https://www.sec.gov/Archives/edgar/data/80424/000008042422000102/pg-20220930.htm"
  },
  {
    "date": "2022-06-30",
    "symbol": "PG",
    "reportedCurrency": "USD",
    "cik": "0000080424",
    "fillingDate": "2022-08-05",
    "acceptedDate": "2022-08-05 16:21:50",
    "calendarYear": "2022",
    "period": "Q4",
    "revenue": 19515000000,
    "costOfRevenue": 10802000000,
    "grossProfit": 8713000000,
    "grossProfitRatio": 0.4464770689,
    "researchAndDevelopmentExpenses": 0,
    "generalAndAdministrativeExpenses": 0,
    "sellingAndMarketingExpenses": 0,
    "sellingGeneralAndAdministrativeExpenses": 5115000000,
    "otherExpenses": 0,
    "operatingExpenses": 5115000000,
    "costAndExpenses": 15917000000,
    "interestIncome": 21000000,
    "interestExpense": 115000000,
    "depreciationAndAmortization": 722000000,
    "ebitda": 4487000000,
    "ebitdaratio": 0.2299256982,
    "operatingIncome": 3598000000,
    "operatingIncomeRatio": 0.1843709967,
    "totalOtherIncomeExpensesNet": 52000000,
    "incomeBeforeTax": 3650000000,
    "incomeBeforeTaxRatio": 0.1870356136,
    "incomeTaxExpense": 592000000,
    "netIncome": 3052000000,
    "netIncomeRatio": 0.1563925186,
    "eps": 1.24,
    "epsdiluted": 1.21,
    "weightedAverageShsOut": 2523300000,
    "weightedAverageShsOutDil": 2523300000,
    "link": "https://www.sec.gov/Archives/edgar/data/80424/000008042422000064/0000080424-22-000064-index.htm",
    "finalLink": "https://www.sec.gov/Archives/edgar/data/80424/000008042422000064/pg-20220630.htm"
  },
  {
    "date": "2022-03-31",
    "symbol": "PG",
    "reportedCurrency": "USD",
    "cik": "0000080424",
    "fillingDate": "2022-04-20",
    "acceptedDate": "2022-04-20 16:16:34",
    "calendarYear": "2022",
    "period": "Q3",
    "revenue": 19381000000,
    "costOfRevenue": 10326000000,
    "grossProfit": 9055000000,
    "grossProfitRatio": 0.4672101543,
    "researchAndDevelopmentExpenses": 0,
    "generalAndAdministrativeExpenses": 0,
    "sellingAndMarketingExpenses": 0,
    "sellingGeneralAndAdministrativeExpenses": 5031000000,
    "otherExpenses": 0,
    "operatingExpenses": 5031000000,
    "costAndExpenses": 15357000000,
    "interestIncome": 9000000,
    "interestExpense": 109000000,
    "depreciationAndAmortization": 690000000,
    "ebitda": 4870000000,
    "ebitdaratio": 0.2512770239,
    "operatingIncome": 4024000000,
    "operatingIncomeRatio": 0.2076260255,
    "totalOtherIncomeExpensesNet": 47000000,
    "incomeBeforeTax": 4071000000,
    "incomeBeforeTaxRatio": 0.210051081,
    "incomeTaxExpense": 704000000,
    "netIncome": 3355000000,
    "netIncomeRatio": 0.1731076828,
    "eps": 1.37,
    "epsdiluted": 1.33,
    "weightedAverageShsOut": 2400500000,
    "weightedAverageShsOutDil": 2530200000,
    "link": "https://www.sec.gov/Archives/edgar/data/80424/000008042422000035/0000080424-22-000035-index.htm",
    "finalLink": "https://www.sec.gov/Archives/edgar/data/80424/000008042422000035/pg-20220331.htm"
  },
  {
    "date": "2021-12-31",
    "symbol": "PG",
    "reportedCurrency": "USD",
    "cik": "0000080424",
    "fillingDate": "2022-01-19",
    "acceptedDate": "2022-01-19 16:17:41",
    "calendarYear": "2022",
    "period": "Q2",
    "revenue": 20953000000,
    "costOfRevenue": 10664000000,
    "grossProfit": 10289000000,
    "grossProfitRatio": 0.4910514008,
    "researchAndDevelopmentExpenses": 0,
    "generalAndAdministrativeExpenses": 0,
    "sellingAndMarketingExpenses": 0,
    "sellingGeneralAndAdministrativeExpenses": 5121000000,
    "otherExpenses": 0,
    "operatingExpenses": 5121000000,
    "costAndExpenses": 15785000000,
    "interestIncome": 10000000,
    "interestExpense": 106000000,
    "depreciationAndAmortization": 684000000,
    "ebitda": 6029000000,
    "ebitdaratio": 0.2877392259,
    "operatingIncome": 5168000000,
    "operatingIncomeRatio": 0.2466472581,
    "totalOtherIncomeExpensesNet": 71000000,
    "incomeBeforeTax": 5239000000,
    "incomeBeforeTaxRatio": 0.2500357944,
    "incomeTaxExpense": 997000000,
    "netIncome": 4223000000,
    "netIncomeRatio": 0.2015463179,
    "eps": 1.72,
    "epsdiluted": 1.66,
    "weightedAverageShsOut": 2413400000,
    "weightedAverageShsOutDil": 2544200000,
    "link": "https://www.sec.gov/Archives/edgar/data/80424/000008042422000016/0000080424-22-000016-index.htm",
    "finalLink": "https://www.sec.gov/Archives/edgar/data/80424/000008042422000016/pg-20211231.htm"
  },
  {
    "date": "2021-09-30",
    "symbol": "PG",
    "reportedCurrency": "USD",
    "cik": "0000080424",
    "fillingDate": "2021-10-19",
    "acceptedDate": "2021-10-19 16:27:06",
    "calendarYear": "2022",
    "period": "Q1",
    "revenue": 20338000000,
    "costOfRevenue": 10365000000,
    "grossProfit": 9973000000,
    "grossProfitRatio": 0.4903628675,
    "researchAndDevelopmentExpenses": 0,
    "generalAndAdministrativeExpenses": 0,
    "sellingAndMarketingExpenses": 0,
    "sellingGeneralAndAdministrativeExpenses": 4950000000,
    "otherExpenses": 0,
    "operatingExpenses": 4950000000,
    "costAndExpenses": 15315000000,
    "interestIncome": 11000000,
    "interestExpense": 109000000,
    "depreciationAndAmortization": 711000000,
    "ebitda": 5855000000,
    "ebitdaratio": 0.2878847478,
    "operatingIncome": 5023000000,
    "operatingIncomeRatio": 0.2469761038,
    "totalOtherIncomeExpensesNet": 12000000,
    "incomeBeforeTax": 5035000000,
    "incomeBeforeTaxRatio": 0.2475661324,
    "incomeTaxExpense": 909000000,
    "netIncome": 4112000000,
    "netIncomeRatio": 0.2021831055,
    "eps": 1.66,
    "epsdiluted": 1.61,
    "weightedAverageShsOut": 2428100000,
    "weightedAverageShsOutDil": 2558900000,
    "link": "https://www.sec.gov/Archives/edgar/data/80424/000008042421000129/0000080424-21-000129-index.htm",
    "finalLink": "https://www.sec.gov/Archives/edgar/data/80424/000008042421000129/pg-20210930.htm"
  },
  {
    "date": "2021-06-30",
    "symbol": "PG",
    "reportedCurrency": "USD",
    "cik": "0000080424",
    "fillingDate": "2021-08-06",
    "acceptedDate": "2021-08-06 16:19:59",
    "calendarYear": "2021",
    "period": "Q4",
    "revenue": 18946000000,
    "costOfRevenue": 9791000000,
    "grossProfit": 9155000000,
    "grossProfitRatio": 0.4832154544,
    "researchAndDevelopmentExpenses": 0,
    "generalAndAdministrativeExpenses": 0,
    "sellingAndMarketingExpenses": 0,
    "sellingGeneralAndAdministrativeExpenses": 5615000000,
    "otherExpenses": 0,
    "operatingExpenses": 5615000000,
    "costAndExpenses": 15406000000,
    "interestIncome": 15000000,
    "interestExpense": 117000000,
    "depreciationAndAmortization": 710000000,
    "ebitda": 4391000000,
    "ebitdaratio": 0.2317639607,
    "operatingIncome": 3540000000,
    "operatingIncomeRatio": 0.1868468278,
    "totalOtherIncomeExpensesNet": 24000000,
    "incomeBeforeTax": 3564000000,
    "incomeBeforeTaxRatio": 0.188113586,
    "incomeTaxExpense": 656000000,
    "netIncome": 2906000000,
    "netIncomeRatio": 0.1533832999,
    "eps": 1.16,
    "epsdiluted": 1.13,
    "weightedAverageShsOut": 2505172414,
    "weightedAverageShsOutDil": 2573100000,
    "link": "https://www.sec.gov/Archives/edgar/data/80424/000008042421000100/0000080424-21-000100-index.htm",
    "finalLink": "https://www.sec.gov/Archives/edgar/data/80424/000008042421000100/pg-20210630.htm"
  },
  {
    "date": "2021-03-31",
    "symbol": "PG",
    "reportedCurrency": "USD",
    "cik": "0000080424",
    "fillingDate": "2021-04-20",
    "acceptedDate": "2021-04-20 16:25:09",
    "calendarYear": "2021",
    "period": "Q3",
    "revenue": 18109000000,
    "costOfRevenue": 8922000000,
    "grossProfit": 9187000000,
    "grossProfitRatio": 0.5073168038,
    "researchAndDevelopmentExpenses": 0,
    "generalAndAdministrativeExpenses": 0,
    "sellingAndMarketingExpenses": 0,
    "sellingGeneralAndAdministrativeExpenses": 5402000000,
    "otherExpenses": 0,
    "operatingExpenses": 5402000000,
    "costAndExpenses": 14324000000,
    "interestIncome": 11000000,
    "interestExpense": 106000000,
    "depreciationAndAmortization": 683000000,
    "ebitda": 4666000000,
    "ebitdaratio": 0.2576619361,
    "operatingIncome": 3785000000,
    "operatingIncomeRatio": 0.2090120934,
    "totalOtherIncomeExpensesNet": 92000000,
    "incomeBeforeTax": 3877000000,
    "incomeBeforeTaxRatio": 0.2140924402,
    "incomeTaxExpense": 628000000,
    "netIncome": 3269000000,
    "netIncomeRatio": 0.1805179745,
    "eps": 1.3,
    "epsdiluted": 1.26,
    "weightedAverageShsOut": 2459100000,
    "weightedAverageShsOutDil": 2590300000,
    "link": "https://www.sec.gov/Archives/edgar/data/80424/000008042421000062/0000080424-21-000062-index.htm",
    "finalLink": "https://www.sec.gov/Archives/edgar/data/80424/000008042421000062/pg-20210331.htm"
  },
  {
    "date": "2020-12-31",
    "symbol": "PG",
    "reportedCurrency": "USD",
    "cik": "0000080424",
    "fillingDate": "2021-01-20",
    "acceptedDate": "2021-01-20 16:17:09",
    "calendarYear": "2021",
    "period": "Q2",
    "revenue": 19745000000,
    "costOfRevenue": 9253000000,
    "grossProfit": 10492000000,
    "grossProfitRatio": 0.5313750317,
    "researchAndDevelopmentExpenses": 0,
    "generalAndAdministrativeExpenses": 0,
    "sellingAndMarketingExpenses": 0,
    "sellingGeneralAndAdministrativeExpenses": 5112000000,
    "otherExpenses": 0,
    "operatingExpenses": 5112000000,
    "costAndExpenses": 14365000000,
    "interestIncome": 9000000,
    "interestExpense": 143000000,
    "depreciationAndAmortization": 671000000,
    "ebitda": 5691000000,
    "ebitdaratio": 0.2882248671,
    "operatingIncome": 5380000000,
    "operatingIncomeRatio": 0.2724740441,
    "totalOtherIncomeExpensesNet": -503000000,
    "incomeBeforeTax": 4877000000,
    "incomeBeforeTaxRatio": 0.2469992403,
    "incomeTaxExpense": 990000000,
    "netIncome": 3854000000,
    "netIncomeRatio": 0.1951886554,
    "eps": 1.53,
    "epsdiluted": 1.47,
    "weightedAverageShsOut": 2518954248,
    "weightedAverageShsOutDil": 2615400000,
    "link": "https://www.sec.gov/Archives/edgar/data/80424/000008042421000026/0000080424-21-000026-index.htm",
    "finalLink": "https://www.sec.gov/Archives/edgar/data/80424/000008042421000026/pg-20201231.htm"
  },
  {
    "date": "2020-09-30",
    "symbol": "PG",
    "reportedCurrency": "USD",
    "cik": "0000080424",
    "fillingDate": "2020-10-20",
    "acceptedDate": "2020-10-20 16:18:06",
    "calendarYear": "2021",
    "period": "Q1",
    "revenue": 19318000000,
    "costOfRevenue": 9142000000,
    "grossProfit": 10176000000,
    "grossProfitRatio": 0.5267626048,
    "researchAndDevelopmentExpenses": 0,
    "generalAndAdministrativeExpenses": 0,
    "sellingAndMarketingExpenses": 0,
    "sellingGeneralAndAdministrativeExpenses": 4895000000,
    "otherExpenses": 0,
    "operatingExpenses": 4895000000,
    "costAndExpenses": 14037000000,
    "interestIncome": 10000000,
    "interestExpense": 136000000,
    "depreciationAndAmortization": 671000000,
    "ebitda": 6104000000,
    "ebitdaratio": 0.3159747386,
    "operatingIncome": 5281000000,
    "operatingIncomeRatio": 0.2733719847,
    "totalOtherIncomeExpensesNet": 16000000,
    "incomeBeforeTax": 5297000000,
    "incomeBeforeTaxRatio": 0.2742002278,
    "incomeTaxExpense": 989000000,
    "netIncome": 4277000000,
    "netIncomeRatio": 0.2213997308,
    "eps": 1.69,
    "epsdiluted": 1.63,
    "weightedAverageShsOut": 2486100000,
    "weightedAverageShsOutDil": 2625300000,
    "link": "https://www.sec.gov/Archives/edgar/data/80424/000008042420000097/0000080424-20-000097-index.htm",
    "finalLink": "https://www.sec.gov/Archives/edgar/data/80424/000008042420000097/pg-20200930.htm"
  },
  {
    "date": "2020-06-30",
    "symbol": "PG",
    "reportedCurrency": "USD",
    "cik": "0000080424",
    "fillingDate": "2020-08-06",
    "acceptedDate": "2020-08-06 16:17:03",
    "calendarYear": "2020",
    "period": "Q4",
    "revenue": 17698000000,
    "costOfRevenue": 8942000000,
    "grossProfit": 8756000000,
    "grossProfitRatio": 0.4947451689,
    "researchAndDevelopmentExpenses": 0,
    "generalAndAdministrativeExpenses": -2025000000,
    "sellingAndMarketingExpenses": 7300000000,
    "sellingGeneralAndAdministrativeExpenses": 5275000000,
    "otherExpenses": 0,
    "operatingExpenses": 5275000000,
    "costAndExpenses": 14217000000,
    "interestIncome": 22000000,
    "interestExpense": 157000000,
    "depreciationAndAmortization": 814000000,
    "ebitda": 4432000000,
    "ebitdaratio": 0.2504237767,
    "operatingIncome": 3481000000,
    "operatingIncomeRatio": 0.1966888914,
    "totalOtherIncomeExpensesNet": -20000000,
    "incomeBeforeTax": 3461000000,
    "incomeBeforeTaxRatio": 0.1955588202,
    "incomeTaxExpense": 675000000,
    "netIncome": 2800000000,
    "netIncomeRatio": 0.1582099672,
    "eps": 1.1,
    "epsdiluted": 1.07,
    "weightedAverageShsOut": 2545454545,
    "weightedAverageShsOutDil": 2612100000,
    "link": "https://www.sec.gov/Archives/edgar/data/80424/000008042420000053/0000080424-20-000053-index.htm",
    "finalLink": "https://www.sec.gov/Archives/edgar/data/80424/000008042420000053/pg-20200630.htm"
  },
  {
    "date": "2020-03-31",
    "symbol": "PG",
    "reportedCurrency": "USD",
    "cik": "0000080424",
    "fillingDate": "2020-04-20",
    "acceptedDate": "2020-04-20 16:17:10",
    "calendarYear": "2020",
    "period": "Q3",
    "revenue": 17214000000,
    "costOfRevenue": 8716000000,
    "grossProfit": 8498000000,
    "grossProfitRatio": 0.4936679447,
    "researchAndDevelopmentExpenses": 0,
    "generalAndAdministrativeExpenses": 0,
    "sellingAndMarketingExpenses": 0,
    "sellingGeneralAndAdministrativeExpenses": 5045000000,
    "otherExpenses": 0,
    "operatingExpenses": 5045000000,
    "costAndExpenses": 13761000000,
    "interestIncome": 39000000,
    "interestExpense": 100000000,
    "depreciationAndAmortization": 799000000,
    "ebitda": 4397000000,
    "ebitdaratio": 0.2554316254,
    "operatingIncome": 3453000000,
    "operatingIncomeRatio": 0.200592541,
    "totalOtherIncomeExpensesNet": 45000000,
    "incomeBeforeTax": 3498000000,
    "incomeBeforeTaxRatio": 0.2032066922,
    "incomeTaxExpense": 541000000,
    "netIncome": 2917000000,
    "netIncomeRatio": 0.1694550947,
    "eps": 1.15,
    "epsdiluted": 1.12,
    "weightedAverageShsOut": 2536521739,
    "weightedAverageShsOutDil": 2613300000,
    "link": "https://www.sec.gov/Archives/edgar/data/80424/000008042420000038/0000080424-20-000038-index.htm",
    "finalLink": "https://www.sec.gov/Archives/edgar/data/80424/000008042420000038/pg-20200331.htm"
  },
  {
    "date": "2019-12-31",
    "symbol": "PG",
    "reportedCurrency": "USD",
    "cik": "0000080424",
    "fillingDate": "2020-01-23",
    "acceptedDate": "2020-01-23 16:16:32",
    "calendarYear": "2020",
    "period": "Q2",
    "revenue": 18240000000,
    "costOfRevenue": 8869000000,
    "grossProfit": 9371000000,
    "grossProfitRatio": 0.5137609649,
    "researchAndDevelopmentExpenses": 0,
    "generalAndAdministrativeExpenses": 0,
    "sellingAndMarketingExpenses": 0,
    "sellingGeneralAndAdministrativeExpenses": 4889000000,
    "otherExpenses": 0,
    "operatingExpenses": 4889000000,
    "costAndExpenses": 13758000000,
    "interestIncome": 36000000,
    "interestExpense": 100000000,
    "depreciationAndAmortization": 677000000,
    "ebitda": 5309000000,
    "ebitdaratio": 0.2910635965,
    "operatingIncome": 4482000000,
    "operatingIncomeRatio": 0.2457236842,
    "totalOtherIncomeExpensesNet": 50000000,
    "incomeBeforeTax": 4532000000,
    "incomeBeforeTaxRatio": 0.2484649123,
    "incomeTaxExpense": 789000000,
    "netIncome": 3717000000,
    "netIncomeRatio": 0.2037828947,
    "eps": 1.47,
    "epsdiluted": 1.41,
    "weightedAverageShsOut": 2487000000,
    "weightedAverageShsOutDil": 2630100000,
    "link": "https://www.sec.gov/Archives/edgar/data/80424/000008042420000017/0000080424-20-000017-index.htm",
    "finalLink": "https://www.sec.gov/Archives/edgar/data/80424/000008042420000017/pg-20191231.htm"
  },
  {
    "date": "2019-09-30",
    "symbol": "PG",
    "reportedCurrency": "USD",
    "cik": "0000080424",
    "fillingDate": "2019-10-22",
    "acceptedDate": "2019-10-22 16:18:13",
    "calendarYear": "2020",
    "period": "Q1",
    "revenue": 17798000000,
    "costOfRevenue": 8723000000,
    "grossProfit": 9075000000,
    "grossProfitRatio": 0.5098887515,
    "researchAndDevelopmentExpenses": 0,
    "generalAndAdministrativeExpenses": 0,
    "sellingAndMarketingExpenses": 0,
    "sellingGeneralAndAdministrativeExpenses": 4785000000,
    "otherExpenses": 0,
    "operatingExpenses": 4785000000,
    "costAndExpenses": 13508000000,
    "interestIncome": 58000000,
    "interestExpense": 108000000,
    "depreciationAndAmortization": 723000000,
    "ebitda": 5174000000,
    "ebitdaratio": 0.290706821,
    "operatingIncome": 4290000000,
    "operatingIncomeRatio": 0.2410383189,
    "totalOtherIncomeExpensesNet": 53000000,
    "incomeBeforeTax": 4343000000,
    "incomeBeforeTaxRatio": 0.2440161816,
    "incomeTaxExpense": 726000000,
    "netIncome": 3593000000,
    "netIncomeRatio": 0.2018766154,
    "eps": 1.41,
    "epsdiluted": 1.36,
    "weightedAverageShsOut": 2504000000,
    "weightedAverageShsOutDil": 2647500000,
    "link": "https://www.sec.gov/Archives/edgar/data/80424/000008042419000086/0000080424-19-000086-index.htm",
    "finalLink": "https://www.sec.gov/Archives/edgar/data/80424/000008042419000086/fy1920q1jas10-qreport.htm"
  },
  {
    "date": "2019-06-30",
    "symbol": "PG",
    "reportedCurrency": "USD",
    "cik": "0000080424",
    "fillingDate": "2019-08-06",
    "acceptedDate": "2019-08-06 16:26:04",
    "calendarYear": "2019",
    "period": "Q4",
    "revenue": 17094000000,
    "costOfRevenue": 8938000000,
    "grossProfit": 8156000000,
    "grossProfitRatio": 0.4771264771,
    "researchAndDevelopmentExpenses": 0,
    "generalAndAdministrativeExpenses": -1748000000,
    "sellingAndMarketingExpenses": 6751000000,
    "sellingGeneralAndAdministrativeExpenses": 5003000000,
    "otherExpenses": 8345000000,
    "operatingExpenses": 13348000000,
    "costAndExpenses": 22286000000,
    "interestIncome": 52000000,
    "interestExpense": 111000000,
    "depreciationAndAmortization": 820000000,
    "ebitda": -4134000000,
    "ebitdaratio": -0.2418392418,
    "operatingIncome": -5192000000,
    "operatingIncomeRatio": -0.3037323037,
    "totalOtherIncomeExpensesNet": 127000000,
    "incomeBeforeTax": -5065000000,
    "incomeBeforeTaxRatio": -0.2963027963,
    "incomeTaxExpense": 172000000,
    "netIncome": -5241000000,
    "netIncomeRatio": -0.3065988066,
    "eps": -2.12,
    "epsdiluted": -2.12,
    "weightedAverageShsOut": 2502259668,
    "weightedAverageShsOutDil": 2509600000,
    "link": "https://www.sec.gov/Archives/edgar/data/80424/000008042419000050/0000080424-19-000050-index.htm",
    "finalLink": "https://www.sec.gov/Archives/edgar/data/80424/000008042419000050/fy181910-kreport.htm"
  },
  {
    "date": "2019-03-31",
    "symbol": "PG",
    "reportedCurrency": "USD",
    "cik": "0000080424",
    "fillingDate": "2019-04-23",
    "acceptedDate": "2019-04-23 16:17:21",
    "calendarYear": "2019",
    "period": "Q3",
    "revenue": 16462000000,
    "costOfRevenue": 8427000000,
    "grossProfit": 8035000000,
    "grossProfitRatio": 0.4880937918,
    "researchAndDevelopmentExpenses": 0,
    "generalAndAdministrativeExpenses": 0,
    "sellingAndMarketingExpenses": 0,
    "sellingGeneralAndAdministrativeExpenses": 4806000000,
    "otherExpenses": 0,
    "operatingExpenses": 4806000000,
    "costAndExpenses": 13233000000,
    "interestIncome": 52000000,
    "interestExpense": 131000000,
    "depreciationAndAmortization": 711000000,
    "ebitda": 4120000000,
    "ebitdaratio": 0.2502733568,
    "operatingIncome": 3229000000,
    "operatingIncomeRatio": 0.1961487061,
    "totalOtherIncomeExpensesNet": 49000000,
    "incomeBeforeTax": 3278000000,
    "incomeBeforeTaxRatio": 0.1991252582,
    "incomeTaxExpense": 502000000,
    "netIncome": 2745000000,
    "netIncomeRatio": 0.1667476613,
    "eps": 1.07,
    "epsdiluted": 1.04,
    "weightedAverageShsOut": 2509100000,
    "weightedAverageShsOutDil": 2637700000,
    "link": "https://www.sec.gov/Archives/edgar/data/80424/000008042419000031/0000080424-19-000031-index.htm",
    "finalLink": "https://www.sec.gov/Archives/edgar/data/80424/000008042419000031/fy1819q3jfm10-qreport.htm"
  },
  {
    "date": "2018-12-31",
    "symbol": "PG",
    "reportedCurrency": "USD",
    "cik": "0000080424",
    "fillingDate": "2019-01-23",
    "acceptedDate": "2019-01-23 16:19:23",
    "calendarYear": "2019",
    "period": "Q2",
    "revenue": 17438000000,
    "costOfRevenue": 8919000000,
    "grossProfit": 8519000000,
    "grossProfitRatio": 0.4885307948,
    "researchAndDevelopmentExpenses": 0,
    "generalAndAdministrativeExpenses": 0,
    "sellingAndMarketingExpenses": 0,
    "sellingGeneralAndAdministrativeExpenses": 4623000000,
    "otherExpenses": 0,
    "operatingExpenses": 4623000000,
    "costAndExpenses": 13542000000,
    "interestIncome": 63000000,
    "interestExpense": 138000000,
    "depreciationAndAmortization": 650000000,
    "ebitda": 4704000000,
    "ebitdaratio": 0.2697557059,
    "operatingIncome": 3896000000,
    "operatingIncomeRatio": 0.223420117,
    "totalOtherIncomeExpensesNet": 20000000,
    "incomeBeforeTax": 3916000000,
    "incomeBeforeTaxRatio": 0.2245670375,
    "incomeTaxExpense": 700000000,
    "netIncome": 3194000000,
    "netIncomeRatio": 0.1831632068,
    "eps": 1.25,
    "epsdiluted": 1.22,
    "weightedAverageShsOut": 2499700000,
    "weightedAverageShsOutDil": 2623000000,
    "link": "https://www.sec.gov/Archives/edgar/data/80424/000008042419000014/0000080424-19-000014-index.htm",
    "finalLink": "https://www.sec.gov/Archives/edgar/data/80424/000008042419000014/fy1819q2ond10-qreport.htm"
  },
  {
    "date": "2018-09-30",
    "symbol": "PG",
    "reportedCurrency": "USD",
    "cik": "0000080424",
    "fillingDate": "2018-10-19",
    "acceptedDate": "2018-10-19 16:17:31",
    "calendarYear": "2019",
    "period": "Q1",
    "revenue": 16690000000,
    "costOfRevenue": 8484000000,
    "grossProfit": 8206000000,
    "grossProfitRatio": 0.4916716597,
    "researchAndDevelopmentExpenses": 0,
    "generalAndAdministrativeExpenses": 0,
    "sellingAndMarketingExpenses": 0,
    "sellingGeneralAndAdministrativeExpenses": 4652000000,
    "otherExpenses": 0,
    "operatingExpenses": 4652000000,
    "costAndExpenses": 13136000000,
    "interestIncome": 53000000,
    "interestExpense": 129000000,
    "depreciationAndAmortization": 643000000,
    "ebitda": 4712000000,
    "ebitdaratio": 0.2823247454,
    "operatingIncome": 3554000000,
    "operatingIncomeRatio": 0.2129418814,
    "totalOtherIncomeExpensesNet": 386000000,
    "incomeBeforeTax": 3940000000,
    "incomeBeforeTaxRatio": 0.2360695027,
    "incomeTaxExpense": 729000000,
    "netIncome": 3199000000,
    "netIncomeRatio": 0.1916716597,
    "eps": 1.26,
    "epsdiluted": 1.22,
    "weightedAverageShsOut": 2495800000,
    "weightedAverageShsOutDil": 2612100000,
    "link": "https://www.sec.gov/Archives/edgar/data/80424/000008042418000100/0000080424-18-000100-index.htm",
    "finalLink": "https://www.sec.gov/Archives/edgar/data/80424/000008042418000100/fy1819q1jas10-qreport.htm"
  },
  {
    "date": "2018-06-30",
    "symbol": "PG",
    "reportedCurrency": "USD",
    "cik": "0000080424",
    "fillingDate": "2018-08-07",
    "acceptedDate": "2018-08-07 16:19:22",
    "calendarYear": "2018",
    "period": "Q4",
    "revenue": 16503000000,
    "costOfRevenue": 9029000000,
    "grossProfit": 7474000000,
    "grossProfitRatio": 0.4528873538,
    "researchAndDevelopmentExpenses": 0,
    "generalAndAdministrativeExpenses": -2306000000,
    "sellingAndMarketingExpenses": 7103000000,
    "sellingGeneralAndAdministrativeExpenses": 4797000000,
    "otherExpenses": 0,
    "operatingExpenses": 4797000000,
    "costAndExpenses": 13826000000,
    "interestIncome": 63000000,
    "interestExpense": 136000000,
    "depreciationAndAmortization": 750000000,
    "ebitda": 3175000000,
    "ebitdaratio": 0.1923892626,
    "operatingIncome": 2677000000,
    "operatingIncomeRatio": 0.162212931,
    "totalOtherIncomeExpensesNet": -388000000,
    "incomeBeforeTax": 2289000000,
    "incomeBeforeTaxRatio": 0.1387020542,
    "incomeTaxExpense": 399000000,
    "netIncome": 1891000000,
    "netIncomeRatio": 0.1145852269,
    "eps": 0.73,
    "epsdiluted": 0.72,
    "weightedAverageShsOut": 2590410959,
    "weightedAverageShsOutDil": 2620900000,
    "link": "https://www.sec.gov/Archives/edgar/data/80424/000008042418000055/0000080424-18-000055-index.htm",
    "finalLink": "https://www.sec.gov/Archives/edgar/data/80424/000008042418000055/fy171810-kreport.htm"
  },
  {
    "date": "2018-03-31",
    "symbol": "PG",
    "reportedCurrency": "USD",
    "cik": "0000080424",
    "fillingDate": "2018-04-19",
    "acceptedDate": "2018-04-19 16:12:04",
    "calendarYear": "2018",
    "period": "Q3",
    "revenue": 16281000000,
    "costOfRevenue": 8384000000,
    "grossProfit": 7897000000,
    "grossProfitRatio": 0.4850439162,
    "researchAndDevelopmentExpenses": 0,
    "generalAndAdministrativeExpenses": 0,
    "sellingAndMarketingExpenses": 0,
    "sellingGeneralAndAdministrativeExpenses": 4688000000,
    "otherExpenses": 0,
    "operatingExpenses": 4688000000,
    "costAndExpenses": 13072000000,
    "interestIncome": 69000000,
    "interestExpense": 133000000,
    "depreciationAndAmortization": 716000000,
    "ebitda": 4102000000,
    "ebitdaratio": 0.2519501259,
    "operatingIncome": 3209000000,
    "operatingIncomeRatio": 0.1971009152,
    "totalOtherIncomeExpensesNet": 44000000,
    "incomeBeforeTax": 3253000000,
    "incomeBeforeTaxRatio": 0.1998034519,
    "incomeTaxExpense": 713000000,
    "netIncome": 2511000000,
    "netIncomeRatio": 0.1542288557,
    "eps": 0.97,
    "epsdiluted": 0.95,
    "weightedAverageShsOut": 2588659794,
    "weightedAverageShsOutDil": 2645600000,
    "link": "https://www.sec.gov/Archives/edgar/data/80424/000008042418000034/0000080424-18-000034-index.htm",
    "finalLink": "https://www.sec.gov/Archives/edgar/data/80424/000008042418000034/fy1718q3jfm10-qreport.htm"
  },
  {
    "date": "2017-12-31",
    "symbol": "PG",
    "reportedCurrency": "USD",
    "cik": "0000080424",
    "fillingDate": "2018-01-23",
    "acceptedDate": "2018-01-23 16:17:22",
    "calendarYear": "2018",
    "period": "Q2",
    "revenue": 17395000000,
    "costOfRevenue": 8709000000,
    "grossProfit": 8686000000,
    "grossProfitRatio": 0.4993388905,
    "researchAndDevelopmentExpenses": 0,
    "generalAndAdministrativeExpenses": 0,
    "sellingAndMarketingExpenses": 0,
    "sellingGeneralAndAdministrativeExpenses": 4767000000,
    "otherExpenses": 0,
    "operatingExpenses": 4767000000,
    "costAndExpenses": 13476000000,
    "interestIncome": 66000000,
    "interestExpense": 122000000,
    "depreciationAndAmortization": 676000000,
    "ebitda": 4831000000,
    "ebitdaratio": 0.2777234838,
    "operatingIncome": 3919000000,
    "operatingIncomeRatio": 0.2252946249,
    "totalOtherIncomeExpensesNet": 114000000,
    "incomeBeforeTax": 4033000000,
    "incomeBeforeTaxRatio": 0.2318482323,
    "incomeTaxExpense": 1472000000,
    "netIncome": 2495000000,
    "netIncomeRatio": 0.1434320207,
    "eps": 0.96,
    "epsdiluted": 0.93,
    "weightedAverageShsOut": 2533900000,
    "weightedAverageShsOutDil": 2669600000,
    "link": "https://www.sec.gov/Archives/edgar/data/80424/000008042418000013/0000080424-18-000013-index.htm",
    "finalLink": "https://www.sec.gov/Archives/edgar/data/80424/000008042418000013/fy1718q2ond10-qreport.htm"
  },
  {
    "date": "2017-09-30",
    "symbol": "PG",
    "reportedCurrency": "USD",
    "cik": "0000080424",
    "fillingDate": "2017-10-20",
    "acceptedDate": "2017-10-20 16:05:29",
    "calendarYear": "2018",
    "period": "Q1",
    "revenue": 16653000000,
    "costOfRevenue": 8269000000,
    "grossProfit": 8384000000,
    "grossProfitRatio": 0.5034528313,
    "researchAndDevelopmentExpenses": 0,
    "generalAndAdministrativeExpenses": 0,
    "sellingAndMarketingExpenses": 0,
    "sellingGeneralAndAdministrativeExpenses": 4736000000,
    "otherExpenses": 0,
    "operatingExpenses": 4736000000,
    "costAndExpenses": 13005000000,
    "interestIncome": 49000000,
    "interestExpense": 115000000,
    "depreciationAndAmortization": 692000000,
    "ebitda": 4558000000,
    "ebitdaratio": 0.2737044376,
    "operatingIncome": 3648000000,
    "operatingIncomeRatio": 0.2190596289,
    "totalOtherIncomeExpensesNet": 103000000,
    "incomeBeforeTax": 3751000000,
    "incomeBeforeTaxRatio": 0.2252447007,
    "incomeTaxExpense": 881000000,
    "netIncome": 2853000000,
    "netIncomeRatio": 0.1713204828,
    "eps": 1.09,
    "epsdiluted": 1.06,
    "weightedAverageShsOut": 2617431193,
    "weightedAverageShsOutDil": 2690600000,
    "link": "https://www.sec.gov/Archives/edgar/data/80424/000008042417000078/0000080424-17-000078-index.htm",
    "finalLink": "https://www.sec.gov/Archives/edgar/data/80424/000008042417000078/fy1718q1jas10-qreport.htm"
  },
  {
    "date": "2017-06-30",
    "symbol": "PG",
    "reportedCurrency": "USD",
    "cik": "0000080424",
    "fillingDate": "2017-08-07",
    "acceptedDate": "2017-08-07 16:05:16",
    "calendarYear": "2017",
    "period": "Q4",
    "revenue": 16079000000,
    "costOfRevenue": 8299000000,
    "grossProfit": 7780000000,
    "grossProfitRatio": 0.4838609366,
    "researchAndDevelopmentExpenses": 0,
    "generalAndAdministrativeExpenses": -2287000000,
    "sellingAndMarketingExpenses": 7118000000,
    "sellingGeneralAndAdministrativeExpenses": 4831000000,
    "otherExpenses": 0,
    "operatingExpenses": 4831000000,
    "costAndExpenses": 13130000000,
    "interestIncome": 48000000,
    "interestExpense": 116000000,
    "depreciationAndAmortization": 720000000,
    "ebitda": 3763000000,
    "ebitdaratio": 0.2340319672,
    "operatingIncome": 2949000000,
    "operatingIncomeRatio": 0.1834069283,
    "totalOtherIncomeExpensesNet": -22000000,
    "incomeBeforeTax": 2927000000,
    "incomeBeforeTaxRatio": 0.182038684,
    "incomeTaxExpense": 725000000,
    "netIncome": 2215000000,
    "netIncomeRatio": 0.1377573232,
    "eps": 0.84,
    "epsdiluted": 0.82,
    "weightedAverageShsOut": 2636904762,
    "weightedAverageShsOutDil": 2695600000,
    "link": "https://www.sec.gov/Archives/edgar/data/80424/000008042417000047/0000080424-17-000047-index.htm",
    "finalLink": "https://www.sec.gov/Archives/edgar/data/80424/000008042417000047/fy161710-kreport.htm"
  },
  {
    "date": "2017-03-31",
    "symbol": "PG",
    "reportedCurrency": "USD",
    "cik": "0000080424",
    "fillingDate": "2017-04-26",
    "acceptedDate": "2017-04-26 16:04:28",
    "calendarYear": "2017",
    "period": "Q3",
    "revenue": 15605000000,
    "costOfRevenue": 7836000000,
    "grossProfit": 7769000000,
    "grossProfitRatio": 0.4978532522,
    "researchAndDevelopmentExpenses": 0,
    "generalAndAdministrativeExpenses": 0,
    "sellingAndMarketingExpenses": 0,
    "sellingGeneralAndAdministrativeExpenses": 4409000000,
    "otherExpenses": 0,
    "operatingExpenses": 4409000000,
    "costAndExpenses": 12245000000,
    "interestIncome": 46000000,
    "interestExpense": 96000000,
    "depreciationAndAmortization": 665000000,
    "ebitda": 4103000000,
    "ebitdaratio": 0.2629285485,
    "operatingIncome": 3360000000,
    "operatingIncomeRatio": 0.215315604,
    "totalOtherIncomeExpensesNet": -24000000,
    "incomeBeforeTax": 3336000000,
    "incomeBeforeTaxRatio": 0.2137776354,
    "incomeTaxExpense": 780000000,
    "netIncome": 2522000000,
    "netIncomeRatio": 0.161614867,
    "eps": 0.96,
    "epsdiluted": 0.93,
    "weightedAverageShsOut": 2563300000,
    "weightedAverageShsOutDil": 2705500000,
    "link": "https://www.sec.gov/Archives/edgar/data/80424/000008042417000026/0000080424-17-000026-index.htm",
    "finalLink": "https://www.sec.gov/Archives/edgar/data/80424/000008042417000026/fy1617q3jfm10-qreport.htm"
  },
  {
    "date": "2016-12-31",
    "symbol": "PG",
    "reportedCurrency": "USD",
    "cik": "0000080424",
    "fillingDate": "2017-01-20",
    "acceptedDate": "2017-01-20 16:02:41",
    "calendarYear": "2017",
    "period": "Q2",
    "revenue": 16856000000,
    "costOfRevenue": 8298000000,
    "grossProfit": 8558000000,
    "grossProfitRatio": 0.5077123873,
    "researchAndDevelopmentExpenses": 0,
    "generalAndAdministrativeExpenses": 0,
    "sellingAndMarketingExpenses": 0,
    "sellingGeneralAndAdministrativeExpenses": 4683000000,
    "otherExpenses": 0,
    "operatingExpenses": 4683000000,
    "costAndExpenses": 12981000000,
    "interestIncome": 42000000,
    "interestExpense": 122000000,
    "depreciationAndAmortization": 707000000,
    "ebitda": 4085000000,
    "ebitdaratio": 0.2423469388,
    "operatingIncome": 3875000000,
    "operatingIncomeRatio": 0.229888467,
    "totalOtherIncomeExpensesNet": -619000000,
    "incomeBeforeTax": 3256000000,
    "incomeBeforeTaxRatio": 0.1931656383,
    "incomeTaxExpense": 695000000,
    "netIncome": 7875000000,
    "netIncomeRatio": 0.467192691,
    "eps": 3.01,
    "epsdiluted": 2.88,
    "weightedAverageShsOut": 2596600000,
    "weightedAverageShsOutDil": 2737600000,
    "link": "https://www.sec.gov/Archives/edgar/data/80424/000008042417000011/0000080424-17-000011-index.htm",
    "finalLink": "https://www.sec.gov/Archives/edgar/data/80424/000008042417000011/fy1617q2ond10-qreport.htm"
  },
  {
    "date": "2016-09-30",
    "symbol": "PG",
    "reportedCurrency": "USD",
    "cik": "0000080424",
    "fillingDate": "2016-10-25",
    "acceptedDate": "2016-10-25 16:04:50",
    "calendarYear": "2017",
    "period": "Q1",
    "revenue": 16518000000,
    "costOfRevenue": 8102000000,
    "grossProfit": 8416000000,
    "grossProfitRatio": 0.5095047827,
    "researchAndDevelopmentExpenses": 0,
    "generalAndAdministrativeExpenses": 0,
    "sellingAndMarketingExpenses": 0,
    "sellingGeneralAndAdministrativeExpenses": 4645000000,
    "otherExpenses": 0,
    "operatingExpenses": 4645000000,
    "costAndExpenses": 12747000000,
    "interestIncome": 35000000,
    "interestExpense": 131000000,
    "depreciationAndAmortization": 728000000,
    "ebitda": 4573000000,
    "ebitdaratio": 0.2768494975,
    "operatingIncome": 3771000000,
    "operatingIncomeRatio": 0.2282964039,
    "totalOtherIncomeExpensesNet": -33000000,
    "incomeBeforeTax": 3738000000,
    "incomeBeforeTaxRatio": 0.2262985834,
    "incomeTaxExpense": 863000000,
    "netIncome": 2714000000,
    "netIncomeRatio": 0.164305606,
    "eps": 0.99,
    "epsdiluted": 0.96,
    "weightedAverageShsOut": 2674700000,
    "weightedAverageShsOutDil": 2822900000,
    "link": "https://www.sec.gov/Archives/edgar/data/80424/000008042416000244/0000080424-16-000244-index.htm",
    "finalLink": "https://www.sec.gov/Archives/edgar/data/80424/000008042416000244/fy1617q1jas10-qreport.htm"
  },
  {
    "date": "2016-06-30",
    "symbol": "PG",
    "reportedCurrency": "USD",
    "cik": "0000080424",
    "fillingDate": "2016-08-09",
    "acceptedDate": "2016-08-09 16:03:15",
    "calendarYear": "2016",
    "period": "Q4",
    "revenue": 16102000000,
    "costOfRevenue": 8382000000,
    "grossProfit": 7720000000,
    "grossProfitRatio": 0.4794435474,
    "researchAndDevelopmentExpenses": 0,
    "generalAndAdministrativeExpenses": 0,
    "sellingAndMarketingExpenses": 0,
    "sellingGeneralAndAdministrativeExpenses": 5218000000,
    "otherExpenses": 0,
    "operatingExpenses": 5218000000,
    "costAndExpenses": 13600000000,
    "interestIncome": 47000000,
    "interestExpense": 150000000,
    "depreciationAndAmortization": 839000000,
    "ebitda": 3354000000,
    "ebitdaratio": 0.2082971059,
    "operatingIncome": 2502000000,
    "operatingIncomeRatio": 0.1553844243,
    "totalOtherIncomeExpensesNet": 184000000,
    "incomeBeforeTax": 2686000000,
    "incomeBeforeTaxRatio": 0.1668115762,
    "incomeTaxExpense": 678000000,
    "netIncome": 1951000000,
    "netIncomeRatio": 0.1211650727,
    "eps": 0.71,
    "epsdiluted": 0.69,
    "weightedAverageShsOut": 2747887324,
    "weightedAverageShsOutDil": 2811000000,
    "link": "https://www.sec.gov/Archives/edgar/data/80424/000008042416000212/0000080424-16-000212-index.htm",
    "finalLink": "https://www.sec.gov/Archives/edgar/data/80424/000008042416000212/fy151610-kreport.htm"
  },
  {
    "date": "2016-03-31",
    "symbol": "PG",
    "reportedCurrency": "USD",
    "cik": "0000080424",
    "fillingDate": "2016-04-26",
    "acceptedDate": "2016-04-26 16:02:35",
    "calendarYear": "2016",
    "period": "Q3",
    "revenue": 15755000000,
    "costOfRevenue": 7915000000,
    "grossProfit": 7840000000,
    "grossProfitRatio": 0.4976198032,
    "researchAndDevelopmentExpenses": 0,
    "generalAndAdministrativeExpenses": 0,
    "sellingAndMarketingExpenses": 0,
    "sellingGeneralAndAdministrativeExpenses": 4522000000,
    "otherExpenses": 0,
    "operatingExpenses": 4522000000,
    "costAndExpenses": 12437000000,
    "interestIncome": 33000000,
    "interestExpense": 146000000,
    "depreciationAndAmortization": 785000000,
    "ebitda": 4157000000,
    "ebitdaratio": 0.2638527452,
    "operatingIncome": 3318000000,
    "operatingIncomeRatio": 0.2105998096,
    "totalOtherIncomeExpensesNet": -92000000,
    "incomeBeforeTax": 3226000000,
    "incomeBeforeTaxRatio": 0.2047603935,
    "incomeTaxExpense": 889000000,
    "netIncome": 2750000000,
    "netIncomeRatio": 0.1745477626,
    "eps": 1,
    "epsdiluted": 0.97,
    "weightedAverageShsOut": 2757481869,
    "weightedAverageShsOutDil": 2835000000,
    "link": "https://www.sec.gov/Archives/edgar/data/80424/000008042416000183/0000080424-16-000183-index.htm",
    "finalLink": "https://www.sec.gov/Archives/edgar/data/80424/000008042416000183/fy1516q3jfm10-qreport.htm"
  },
  {
    "date": "2015-12-31",
    "symbol": "PG",
    "reportedCurrency": "USD",
    "cik": "0000080424",
    "fillingDate": "2016-01-26",
    "acceptedDate": "2016-01-26 17:19:00",
    "calendarYear": "2016",
    "period": "Q2",
    "revenue": 16915000000,
    "costOfRevenue": 8460000000,
    "grossProfit": 8455000000,
    "grossProfitRatio": 0.4998522022,
    "researchAndDevelopmentExpenses": 0,
    "generalAndAdministrativeExpenses": 0,
    "sellingAndMarketingExpenses": 0,
    "sellingGeneralAndAdministrativeExpenses": 4602000000,
    "otherExpenses": 0,
    "operatingExpenses": 4602000000,
    "costAndExpenses": 13062000000,
    "interestIncome": 58000000,
    "interestExpense": 143000000,
    "depreciationAndAmortization": 723000000,
    "ebitda": 4669000000,
    "ebitdaratio": 0.2760271948,
    "operatingIncome": 3853000000,
    "operatingIncomeRatio": 0.2277859888,
    "totalOtherIncomeExpensesNet": -50000000,
    "incomeBeforeTax": 3803000000,
    "incomeBeforeTaxRatio": 0.2248300325,
    "incomeTaxExpense": 898000000,
    "netIncome": 3206000000,
    "netIncomeRatio": 0.1895359149,
    "eps": 1.16,
    "epsdiluted": 1.12,
    "weightedAverageShsOut": 2801009118,
    "weightedAverageShsOutDil": 2864600000,
    "link": "https://www.sec.gov/Archives/edgar/data/80424/000008042416000166/0000080424-16-000166-index.htm",
    "finalLink": "https://www.sec.gov/Archives/edgar/data/80424/000008042416000166/fy1516q2ond10-qreport.htm"
  },
  {
    "date": "2015-09-30",
    "symbol": "PG",
    "reportedCurrency": "USD",
    "cik": "0000080424",
    "fillingDate": "2015-10-23",
    "acceptedDate": "2015-10-23 16:03:06",
    "calendarYear": "2016",
    "period": "Q1",
    "revenue": 16527000000,
    "costOfRevenue": 8152000000,
    "grossProfit": 8375000000,
    "grossProfitRatio": 0.506746536,
    "researchAndDevelopmentExpenses": 0,
    "generalAndAdministrativeExpenses": 0,
    "sellingAndMarketingExpenses": 0,
    "sellingGeneralAndAdministrativeExpenses": 4607000000,
    "otherExpenses": 0,
    "operatingExpenses": 4607000000,
    "costAndExpenses": 12777000000,
    "interestIncome": 44000000,
    "interestExpense": 140000000,
    "depreciationAndAmortization": 731000000,
    "ebitda": 4525000000,
    "ebitdaratio": 0.273794397,
    "operatingIncome": 3768000000,
    "operatingIncomeRatio": 0.2279905609,
    "totalOtherIncomeExpensesNet": -114000000,
    "incomeBeforeTax": 3654000000,
    "incomeBeforeTaxRatio": 0.2210927573,
    "incomeTaxExpense": 877000000,
    "netIncome": 2601000000,
    "netIncomeRatio": 0.1573788346,
    "eps": 0.93,
    "epsdiluted": 0.91,
    "weightedAverageShsOut": 2799550901,
    "weightedAverageShsOutDil": 2867500000,
    "link": "https://www.sec.gov/Archives/edgar/data/80424/000008042415000098/0000080424-15-000098-index.htm",
    "finalLink": "https://www.sec.gov/Archives/edgar/data/80424/000008042415000098/fy1516q1jas10-qreport.htm"
  },
  {
    "date": "2015-06-30",
    "symbol": "PG",
    "reportedCurrency": "USD",
    "cik": "0000080424",
    "fillingDate": "2015-08-07",
    "acceptedDate": "2015-08-07 16:02:16",
    "calendarYear": "2015",
    "period": "Q4",
    "revenue": 17790000000,
    "costOfRevenue": 9257000000,
    "grossProfit": 8533000000,
    "grossProfitRatio": 0.4796514896,
    "researchAndDevelopmentExpenses": 0,
    "generalAndAdministrativeExpenses": 0,
    "sellingAndMarketingExpenses": 0,
    "sellingGeneralAndAdministrativeExpenses": 5575000000,
    "otherExpenses": 2028000000,
    "operatingExpenses": 7603000000,
    "costAndExpenses": 16860000000,
    "interestIncome": 48000000,
    "interestExpense": 147000000,
    "depreciationAndAmortization": 808000000,
    "ebitda": 3648000000,
    "ebitdaratio": 0.2050590219,
    "operatingIncome": 930000000,
    "operatingIncomeRatio": 0.0522765599,
    "totalOtherIncomeExpensesNet": 339000000,
    "incomeBeforeTax": 1269000000,
    "incomeBeforeTaxRatio": 0.0713322091,
    "incomeTaxExpense": 629000000,
    "netIncome": 521000000,
    "netIncomeRatio": 0.0292861158,
    "eps": 0.17,
    "epsdiluted": 0.17,
    "weightedAverageShsOut": 3064705882,
    "weightedAverageShsOutDil": 3064705882,
    "link": "https://www.sec.gov/Archives/edgar/data/80424/000008042415000070/0000080424-15-000070-index.htm",
    "finalLink": "https://www.sec.gov/Archives/edgar/data/80424/000008042415000070/fy141510-kreport.htm"
  },
  {
    "date": "2015-03-31",
    "symbol": "PG",
    "reportedCurrency": "USD",
    "cik": "0000080424",
    "fillingDate": "2015-04-23",
    "acceptedDate": "2015-04-23 16:02:21",
    "calendarYear": "2015",
    "period": "Q3",
    "revenue": 16930000000,
    "costOfRevenue": 8927000000,
    "grossProfit": 8003000000,
    "grossProfitRatio": 0.4727111636,
    "researchAndDevelopmentExpenses": 0,
    "generalAndAdministrativeExpenses": 0,
    "sellingAndMarketingExpenses": 0,
    "sellingGeneralAndAdministrativeExpenses": 4978000000,
    "otherExpenses": 0,
    "operatingExpenses": 4978000000,
    "costAndExpenses": 13852000000,
    "interestIncome": 38000000,
    "interestExpense": 148000000,
    "depreciationAndAmortization": 786000000,
    "ebitda": 3902000000,
    "ebitdaratio": 0.2304784406,
    "operatingIncome": 3025000000,
    "operatingIncomeRatio": 0.1786769049,
    "totalOtherIncomeExpensesNet": -57000000,
    "incomeBeforeTax": 2968000000,
    "incomeBeforeTaxRatio": 0.1753101004,
    "incomeTaxExpense": 567000000,
    "netIncome": 2153000000,
    "netIncomeRatio": 0.1271707029,
    "eps": 0.77,
    "epsdiluted": 0.75,
    "weightedAverageShsOut": 2796103896,
    "weightedAverageShsOutDil": 2882500000,
    "link": "https://www.sec.gov/Archives/edgar/data/80424/000008042415000039/0000080424-15-000039-index.htm",
    "finalLink": "https://www.sec.gov/Archives/edgar/data/80424/000008042415000039/fy1415q3jfm10-qreport.htm"
  },
  {
    "date": "2014-12-31",
    "symbol": "PG",
    "reportedCurrency": "USD",
    "cik": "0000080424",
    "fillingDate": "2015-01-27",
    "acceptedDate": "2015-01-27 16:04:25",
    "calendarYear": "2015",
    "period": "Q2",
    "revenue": 18495000000,
    "costOfRevenue": 9558000000,
    "grossProfit": 8937000000,
    "grossProfitRatio": 0.4832116788,
    "researchAndDevelopmentExpenses": 0,
    "generalAndAdministrativeExpenses": 0,
    "sellingAndMarketingExpenses": 0,
    "sellingGeneralAndAdministrativeExpenses": 5358000000,
    "otherExpenses": 0,
    "operatingExpenses": 5358000000,
    "costAndExpenses": 14897000000,
    "interestIncome": 34000000,
    "interestExpense": 160000000,
    "depreciationAndAmortization": 746000000,
    "ebitda": 4378000000,
    "ebitdaratio": 0.236712625,
    "operatingIncome": 3579000000,
    "operatingIncomeRatio": 0.1935117599,
    "totalOtherIncomeExpensesNet": -107000000,
    "incomeBeforeTax": 3472000000,
    "incomeBeforeTaxRatio": 0.1877264125,
    "incomeTaxExpense": 798000000,
    "netIncome": 2372000000,
    "netIncomeRatio": 0.1282508786,
    "eps": 0.85,
    "epsdiluted": 0.82,
    "weightedAverageShsOut": 2790588235,
    "weightedAverageShsOutDil": 2885200000,
    "link": "https://www.sec.gov/Archives/edgar/data/80424/000008042415000014/0000080424-15-000014-index.htm",
    "finalLink": "https://www.sec.gov/Archives/edgar/data/80424/000008042415000014/q2-ond14quarterlyreport.htm"
  },
  {
    "date": "2014-09-30",
    "symbol": "PG",
    "reportedCurrency": "USD",
    "cik": "0000080424",
    "fillingDate": "2014-10-24",
    "acceptedDate": "2014-10-24 16:02:31",
    "calendarYear": "2015",
    "period": "Q1",
    "revenue": 18771000000,
    "costOfRevenue": 9734000000,
    "grossProfit": 9037000000,
    "grossProfitRatio": 0.4814341271,
    "researchAndDevelopmentExpenses": 0,
    "generalAndAdministrativeExpenses": 0,
    "sellingAndMarketingExpenses": 0,
    "sellingGeneralAndAdministrativeExpenses": 5404000000,
    "otherExpenses": 0,
    "operatingExpenses": 5404000000,
    "costAndExpenses": 15125000000,
    "interestIncome": 31000000,
    "interestExpense": 170000000,
    "depreciationAndAmortization": 794000000,
    "ebitda": 4471000000,
    "ebitdaratio": 0.2381865644,
    "operatingIncome": 3633000000,
    "operatingIncomeRatio": 0.1935432316,
    "totalOtherIncomeExpensesNet": -126000000,
    "incomeBeforeTax": 3507000000,
    "incomeBeforeTaxRatio": 0.1868307496,
    "incomeTaxExpense": 791000000,
    "netIncome": 1990000000,
    "netIncomeRatio": 0.106014597,
    "eps": 0.71,
    "epsdiluted": 0.69,
    "weightedAverageShsOut": 2823488933,
    "weightedAverageShsOutDil": 2888000000,
    "link": "https://www.sec.gov/Archives/edgar/data/80424/000008042414000077/0000080424-14-000077-index.htm",
    "finalLink": "https://www.sec.gov/Archives/edgar/data/80424/000008042414000077/q1-jas14quarterlyreport.htm"
  },
  {
    "date": "2014-06-30",
    "symbol": "PG",
    "reportedCurrency": "USD",
    "cik": "0000080424",
    "fillingDate": "2014-08-08",
    "acceptedDate": "2014-08-08 16:03:07",
    "calendarYear": "2014",
    "period": "Q4",
    "revenue": 19018000000,
    "costOfRevenue": 9919000000,
    "grossProfit": 9099000000,
    "grossProfitRatio": 0.4784414765,
    "researchAndDevelopmentExpenses": 0,
    "generalAndAdministrativeExpenses": -3007000000,
    "sellingAndMarketingExpenses": 8979000000,
    "sellingGeneralAndAdministrativeExpenses": 5972000000,
    "otherExpenses": 0,
    "operatingExpenses": 5972000000,
    "costAndExpenses": 15891000000,
    "interestIncome": 27000000,
    "interestExpense": 178000000,
    "depreciationAndAmortization": 824000000,
    "ebitda": 4116000000,
    "ebitdaratio": 0.2164265433,
    "operatingIncome": 3127000000,
    "operatingIncomeRatio": 0.164423178,
    "totalOtherIncomeExpensesNet": -13000000,
    "incomeBeforeTax": 3114000000,
    "incomeBeforeTaxRatio": 0.1637396151,
    "incomeTaxExpense": 572000000,
    "netIncome": 2579000000,
    "netIncomeRatio": 0.135608371,
    "eps": 0.92,
    "epsdiluted": 0.89,
    "weightedAverageShsOut": 2803260870,
    "weightedAverageShsOutDil": 2891900000,
    "link": "https://www.sec.gov/Archives/edgar/data/80424/000008042414000057/0000080424-14-000057-index.htm",
    "finalLink": "https://www.sec.gov/Archives/edgar/data/80424/000008042414000057/fy201410kannualreport.htm"
  },
  {
    "date": "2014-03-31",
    "symbol": "PG",
    "reportedCurrency": "USD",
    "cik": "0000080424",
    "fillingDate": "2014-04-23",
    "acceptedDate": "2014-04-23 16:02:38",
    "calendarYear": "2014",
    "period": "Q3",
    "revenue": 19641000000,
    "costOfRevenue": 10040000000,
    "grossProfit": 9601000000,
    "grossProfitRatio": 0.4888243979,
    "researchAndDevelopmentExpenses": 0,
    "generalAndAdministrativeExpenses": 0,
    "sellingAndMarketingExpenses": 0,
    "sellingGeneralAndAdministrativeExpenses": 6295000000,
    "otherExpenses": 0,
    "operatingExpenses": 6295000000,
    "costAndExpenses": 16315000000,
    "interestIncome": 29000000,
    "interestExpense": 180000000,
    "depreciationAndAmortization": 791000000,
    "ebitda": 4146000000,
    "ebitdaratio": 0.2110890484,
    "operatingIncome": 3306000000,
    "operatingIncomeRatio": 0.1683213686,
    "totalOtherIncomeExpensesNet": -131000000,
    "incomeBeforeTax": 3175000000,
    "incomeBeforeTaxRatio": 0.1616516471,
    "incomeTaxExpense": 644000000,
    "netIncome": 2609000000,
    "netIncomeRatio": 0.1328343771,
    "eps": 0.94,
    "epsdiluted": 0.9,
    "weightedAverageShsOut": 2828221653,
    "weightedAverageShsOutDil": 2894100000,
    "link": "https://www.sec.gov/Archives/edgar/data/80424/000008042414000038/0000080424-14-000038-index.htm",
    "finalLink": "https://www.sec.gov/Archives/edgar/data/80424/000008042414000038/jfm14quarterlyreport.htm"
  },
  {
    "date": "2013-12-31",
    "symbol": "PG",
    "reportedCurrency": "USD",
    "cik": "0000080424",
    "fillingDate": "2014-01-24",
    "acceptedDate": "2014-01-24 17:24:45",
    "calendarYear": "2014",
    "period": "Q2",
    "revenue": 21099000000,
    "costOfRevenue": 10474000000,
    "grossProfit": 10625000000,
    "grossProfitRatio": 0.5035783686,
    "researchAndDevelopmentExpenses": 0,
    "generalAndAdministrativeExpenses": 0,
    "sellingAndMarketingExpenses": 0,
    "sellingGeneralAndAdministrativeExpenses": 6323000000,
    "otherExpenses": 0,
    "operatingExpenses": 6323000000,
    "costAndExpenses": 16754000000,
    "interestIncome": 22000000,
    "interestExpense": 187000000,
    "depreciationAndAmortization": 755000000,
    "ebitda": 5122000000,
    "ebitdaratio": 0.2427603204,
    "operatingIncome": 4302000000,
    "operatingIncomeRatio": 0.2038959192,
    "totalOtherIncomeExpensesNet": -120000000,
    "incomeBeforeTax": 4182000000,
    "incomeBeforeTaxRatio": 0.1982084459,
    "incomeTaxExpense": 885000000,
    "netIncome": 3428000000,
    "netIncomeRatio": 0.1624721551,
    "eps": 1.24,
    "epsdiluted": 1.18,
    "weightedAverageShsOut": 2719200000,
    "weightedAverageShsOutDil": 2908500000,
    "link": "https://www.sec.gov/Archives/edgar/data/80424/000008042414000012/0000080424-14-000012-index.htm",
    "finalLink": "https://www.sec.gov/Archives/edgar/data/80424/000008042414000012/ond13quarterlyreport.htm"
  },
  {
    "date": "2013-09-30",
    "symbol": "PG",
    "reportedCurrency": "USD",
    "cik": "0000080424",
    "fillingDate": "2013-10-25",
    "acceptedDate": "2013-10-25 16:01:48",
    "calendarYear": "2014",
    "period": "Q1",
    "revenue": 20830000000,
    "costOfRevenue": 10574000000,
    "grossProfit": 10256000000,
    "grossProfitRatio": 0.4923667787,
    "researchAndDevelopmentExpenses": 0,
    "generalAndAdministrativeExpenses": 0,
    "sellingAndMarketingExpenses": 0,
    "sellingGeneralAndAdministrativeExpenses": 6136000000,
    "otherExpenses": 0,
    "operatingExpenses": 6136000000,
    "costAndExpenses": 16199000000,
    "interestIncome": 21000000,
    "interestExpense": 165000000,
    "depreciationAndAmortization": 771000000,
    "ebitda": 4917000000,
    "ebitdaratio": 0.2360537686,
    "operatingIncome": 4120000000,
    "operatingIncomeRatio": 0.1977916467,
    "totalOtherIncomeExpensesNet": -139000000,
    "incomeBeforeTax": 3981000000,
    "incomeBeforeTaxRatio": 0.191118579,
    "incomeTaxExpense": 942000000,
    "netIncome": 3027000000,
    "netIncomeRatio": 0.1453192511,
    "eps": 1.09,
    "epsdiluted": 1.04,
    "weightedAverageShsOut": 2735200000,
    "weightedAverageShsOutDil": 2924300000,
    "link": "https://www.sec.gov/Archives/edgar/data/80424/000008042413000089/0000080424-13-000089-index.htm",
    "finalLink": "https://www.sec.gov/Archives/edgar/data/80424/000008042413000089/jas13quarterlyreport.htm"
  },
  {
    "date": "2013-06-30",
    "symbol": "PG",
    "reportedCurrency": "USD",
    "cik": "0000080424",
    "fillingDate": "2013-08-08",
    "acceptedDate": "2013-08-08 06:24:28",
    "calendarYear": "2013",
    "period": "Q4",
    "revenue": 20655000000,
    "costOfRevenue": 10854000000,
    "grossProfit": 9801000000,
    "grossProfitRatio": 0.4745098039,
    "researchAndDevelopmentExpenses": 0,
    "generalAndAdministrativeExpenses": 0,
    "sellingAndMarketingExpenses": 0,
    "sellingGeneralAndAdministrativeExpenses": 6860000000,
    "otherExpenses": 308000000,
    "operatingExpenses": 7168000000,
    "costAndExpenses": 18022000000,
    "interestIncome": 87000000,
    "interestExpense": 163000000,
    "depreciationAndAmortization": 794000000,
    "ebitda": 3468000000,
    "ebitdaratio": 0.1679012346,
    "operatingIncome": 2633000000,
    "operatingIncomeRatio": 0.1274751876,
    "totalOtherIncomeExpensesNet": -122000000,
    "incomeBeforeTax": 2511000000,
    "incomeBeforeTaxRatio": 0.1215686275,
    "incomeTaxExpense": 629000000,
    "netIncome": 1875000000,
    "netIncomeRatio": 0.0907770516,
    "eps": 0.66,
    "epsdiluted": 0.64,
    "weightedAverageShsOut": 2840909091,
    "weightedAverageShsOutDil": 2937100000,
    "link": "https://www.sec.gov/Archives/edgar/data/80424/000008042413000063/0000080424-13-000063-index.htm",
    "finalLink": "https://www.sec.gov/Archives/edgar/data/80424/000008042413000063/fy201310kannualreport.htm"
  },
  {
    "date": "2013-03-31",
    "symbol": "PG",
    "reportedCurrency": "USD",
    "cik": "0000080424",
    "fillingDate": "2013-04-24",
    "acceptedDate": "2013-04-24 16:02:19",
    "calendarYear": "2013",
    "period": "Q3",
    "revenue": 20598000000,
    "costOfRevenue": 10344000000,
    "grossProfit": 10254000000,
    "grossProfitRatio": 0.4978153219,
    "researchAndDevelopmentExpenses": 0,
    "generalAndAdministrativeExpenses": 0,
    "sellingAndMarketingExpenses": 0,
    "sellingGeneralAndAdministrativeExpenses": 6849000000,
    "otherExpenses": 0,
    "operatingExpenses": 6849000000,
    "costAndExpenses": 17193000000,
    "interestIncome": 21000000,
    "interestExpense": 163000000,
    "depreciationAndAmortization": 740000000,
    "ebitda": 4191000000,
    "ebitdaratio": 0.203466356,
    "operatingIncome": 3405000000,
    "operatingIncomeRatio": 0.1653073114,
    "totalOtherIncomeExpensesNet": -117000000,
    "incomeBeforeTax": 3288000000,
    "incomeBeforeTaxRatio": 0.1596271483,
    "incomeTaxExpense": 697000000,
    "netIncome": 2566000000,
    "netIncomeRatio": 0.1245752015,
    "eps": 0.92,
    "epsdiluted": 0.88,
    "weightedAverageShsOut": 2741500000,
    "weightedAverageShsOutDil": 2930700000,
    "link": "https://www.sec.gov/Archives/edgar/data/80424/000008042413000033/0000080424-13-000033-index.htm",
    "finalLink": "https://www.sec.gov/Archives/edgar/data/80424/000008042413000033/jfm13quarterlyreport.htm"
  },
  {
    "date": "2012-12-31",
    "symbol": "PG",
    "reportedCurrency": "USD",
    "cik": "0000080424",
    "fillingDate": "2013-01-25",
    "acceptedDate": "2013-01-25 16:02:36",
    "calendarYear": "2013",
    "period": "Q2",
    "revenue": 22175000000,
    "costOfRevenue": 10880000000,
    "grossProfit": 11295000000,
    "grossProfitRatio": 0.5093573844,
    "researchAndDevelopmentExpenses": 0,
    "generalAndAdministrativeExpenses": 0,
    "sellingAndMarketingExpenses": 0,
    "sellingGeneralAndAdministrativeExpenses": 6803000000,
    "otherExpenses": 0,
    "operatingExpenses": 6803000000,
    "costAndExpenses": 17683000000,
    "interestIncome": 19000000,
    "interestExpense": 169000000,
    "depreciationAndAmortization": 738000000,
    "ebitda": 6125000000,
    "ebitdaratio": 0.2762119504,
    "operatingIncome": 4492000000,
    "operatingIncomeRatio": 0.2025704622,
    "totalOtherIncomeExpensesNet": 726000000,
    "incomeBeforeTax": 5218000000,
    "incomeBeforeTaxRatio": 0.2353100338,
    "incomeTaxExpense": 1142000000,
    "netIncome": 4057000000,
    "netIncomeRatio": 0.1829537768,
    "eps": 1.46,
    "epsdiluted": 1.39,
    "weightedAverageShsOut": 2735200000,
    "weightedAverageShsOutDil": 2919100000,
    "link": "https://www.sec.gov/Archives/edgar/data/80424/000008042413000012/0000080424-13-000012-index.htm",
    "finalLink": "https://www.sec.gov/Archives/edgar/data/80424/000008042413000012/ond12quarterlyreport.htm"
  },
  {
    "date": "2012-09-30",
    "symbol": "PG",
    "reportedCurrency": "USD",
    "cik": "0000080424",
    "fillingDate": "2012-10-25",
    "acceptedDate": "2012-10-25 16:01:19",
    "calendarYear": "2013",
    "period": "Q1",
    "revenue": 20739000000,
    "costOfRevenue": 10350000000,
    "grossProfit": 10389000000,
    "grossProfitRatio": 0.5009402575,
    "researchAndDevelopmentExpenses": 0,
    "generalAndAdministrativeExpenses": 0,
    "sellingAndMarketingExpenses": 0,
    "sellingGeneralAndAdministrativeExpenses": 6438000000,
    "otherExpenses": 0,
    "operatingExpenses": 6438000000,
    "costAndExpenses": 16788000000,
    "interestIncome": 19000000,
    "interestExpense": 172000000,
    "depreciationAndAmortization": 710000000,
    "ebitda": 4708000000,
    "ebitdaratio": 0.2270119099,
    "operatingIncome": 3951000000,
    "operatingIncomeRatio": 0.1905106321,
    "totalOtherIncomeExpensesNet": -125000000,
    "incomeBeforeTax": 3826000000,
    "incomeBeforeTaxRatio": 0.1844833406,
    "incomeTaxExpense": 973000000,
    "netIncome": 2814000000,
    "netIncomeRatio": 0.135686388,
    "eps": 1,
    "epsdiluted": 0.96,
    "weightedAverageShsOut": 2748600000,
    "weightedAverageShsOutDil": 2931700000,
    "link": "https://www.sec.gov/Archives/edgar/data/80424/000008042412000092/0000080424-12-000092-index.htm",
    "finalLink": "https://www.sec.gov/Archives/edgar/data/80424/000008042412000092/jas12quarterlyreport.htm"
  },
  {
    "date": "2012-06-30",
    "symbol": "PG",
    "reportedCurrency": "USD",
    "cik": "0000080424",
    "fillingDate": "2012-08-08",
    "acceptedDate": "2012-08-08 16:16:27",
    "calendarYear": "2012",
    "period": "Q4",
    "revenue": 20212000000,
    "costOfRevenue": 10497000000,
    "grossProfit": 9715000000,
    "grossProfitRatio": 0.4806550564,
    "researchAndDevelopmentExpenses": 0,
    "generalAndAdministrativeExpenses": 0,
    "sellingAndMarketingExpenses": 0,
    "sellingGeneralAndAdministrativeExpenses": 6652000000,
    "otherExpenses": 0,
    "operatingExpenses": 6652000000,
    "costAndExpenses": 17149000000,
    "interestIncome": 0,
    "interestExpense": 182000000,
    "depreciationAndAmortization": 777000000,
    "ebitda": 3864000000,
    "ebitdaratio": 0.1911735603,
    "operatingIncome": 3063000000,
    "operatingIncomeRatio": 0.1515436374,
    "totalOtherIncomeExpensesNet": -158000000,
    "incomeBeforeTax": 2905000000,
    "incomeBeforeTaxRatio": 0.1437264991,
    "incomeTaxExpense": 692000000,
    "netIncome": 3631000000,
    "netIncomeRatio": 0.179645755,
    "eps": 1.29,
    "epsdiluted": 1.24,
    "weightedAverageShsOut": 2814728682,
    "weightedAverageShsOutDil": 2930000000,
    "link": "https://www.sec.gov/Archives/edgar/data/80424/000008042412000063/0000080424-12-000063-index.htm",
    "finalLink": "https://www.sec.gov/Archives/edgar/data/80424/000008042412000063/fy2012financialstatementsf.htm"
  },
  {
    "date": "2012-03-31",
    "symbol": "PG",
    "reportedCurrency": "USD",
    "cik": "0000080424",
    "fillingDate": "2012-04-27",
    "acceptedDate": "2012-04-27 16:01:07",
    "calendarYear": "2012",
    "period": "Q3",
    "revenue": 20194000000,
    "costOfRevenue": 10237000000,
    "grossProfit": 9957000000,
    "grossProfitRatio": 0.4930672477,
    "researchAndDevelopmentExpenses": 0,
    "generalAndAdministrativeExpenses": 0,
    "sellingAndMarketingExpenses": 0,
    "sellingGeneralAndAdministrativeExpenses": 6636000000,
    "otherExpenses": 22000000,
    "operatingExpenses": 6658000000,
    "costAndExpenses": 16895000000,
    "interestIncome": 0,
    "interestExpense": 179000000,
    "depreciationAndAmortization": 971000000,
    "ebitda": 4337000000,
    "ebitdaratio": 0.2147667624,
    "operatingIncome": 3299000000,
    "operatingIncomeRatio": 0.163365356,
    "totalOtherIncomeExpensesNet": -112000000,
    "incomeBeforeTax": 3187000000,
    "incomeBeforeTaxRatio": 0.1578191542,
    "incomeTaxExpense": 754000000,
    "netIncome": 2411000000,
    "netIncomeRatio": 0.1193918986,
    "eps": 0.85,
    "epsdiluted": 0.82,
    "weightedAverageShsOut": 2745800000,
    "weightedAverageShsOutDil": 2937800000,
    "link": "https://www.sec.gov/Archives/edgar/data/80424/000008042412000040/0000080424-12-000040-index.htm",
    "finalLink": "https://www.sec.gov/Archives/edgar/data/80424/000008042412000040/jfm12quarterlyreport.htm"
  },
  {
    "date": "2011-12-31",
    "symbol": "PG",
    "reportedCurrency": "USD",
    "cik": "0000080424",
    "fillingDate": "2012-01-27",
    "acceptedDate": "2012-01-27 16:01:04",
    "calendarYear": "2012",
    "period": "Q2",
    "revenue": 21744000000,
    "costOfRevenue": 10851000000,
    "grossProfit": 10893000000,
    "grossProfitRatio": 0.5009657837,
    "researchAndDevelopmentExpenses": 0,
    "generalAndAdministrativeExpenses": 0,
    "sellingAndMarketingExpenses": 0,
    "sellingGeneralAndAdministrativeExpenses": 6659000000,
    "otherExpenses": 1554000000,
    "operatingExpenses": 8213000000,
    "costAndExpenses": 19064000000,
    "interestIncome": 0,
    "interestExpense": 201000000,
    "depreciationAndAmortization": 713000000,
    "ebitda": 3563000000,
    "ebitdaratio": 0.1638612951,
    "operatingIncome": 2680000000,
    "operatingIncomeRatio": 0.1232523915,
    "totalOtherIncomeExpensesNet": -31000000,
    "incomeBeforeTax": 2649000000,
    "incomeBeforeTaxRatio": 0.1218267108,
    "incomeTaxExpense": 977000000,
    "netIncome": 1690000000,
    "netIncomeRatio": 0.0777225901,
    "eps": 0.59,
    "epsdiluted": 0.57,
    "weightedAverageShsOut": 2949700000,
    "weightedAverageShsOutDil": 2949700000,
    "link": "https://www.sec.gov/Archives/edgar/data/80424/000008042412000015/0000080424-12-000015-index.htm",
    "finalLink": "https://www.sec.gov/Archives/edgar/data/80424/000008042412000015/ond11quarterlyreport.htm"
  },
  {
    "date": "2011-09-30",
    "symbol": "PG",
    "reportedCurrency": "USD",
    "cik": "0000080424",
    "fillingDate": "2011-10-27",
    "acceptedDate": "2011-10-27 16:01:22",
    "calendarYear": "2012",
    "period": "Q1",
    "revenue": 21530000000,
    "costOfRevenue": 10806000000,
    "grossProfit": 10724000000,
    "grossProfitRatio": 0.4980956804,
    "researchAndDevelopmentExpenses": 0,
    "generalAndAdministrativeExpenses": 0,
    "sellingAndMarketingExpenses": 0,
    "sellingGeneralAndAdministrativeExpenses": 6474000000,
    "otherExpenses": 0,
    "operatingExpenses": 6474000000,
    "costAndExpenses": 17280000000,
    "interestIncome": 0,
    "interestExpense": 207000000,
    "depreciationAndAmortization": 743000000,
    "ebitda": 4994000000,
    "ebitdaratio": 0.2319554111,
    "operatingIncome": 4250000000,
    "operatingIncomeRatio": 0.1973989782,
    "totalOtherIncomeExpensesNet": -206000000,
    "incomeBeforeTax": 4044000000,
    "incomeBeforeTaxRatio": 0.1878309336,
    "incomeTaxExpense": 1045000000,
    "netIncome": 3024000000,
    "netIncomeRatio": 0.1404551788,
    "eps": 1.08,
    "epsdiluted": 1.03,
    "weightedAverageShsOut": 2755900000,
    "weightedAverageShsOutDil": 2945800000,
    "link": "https://www.sec.gov/Archives/edgar/data/80424/000008042411000043/0000080424-11-000043-index.htm",
    "finalLink": "https://www.sec.gov/Archives/edgar/data/80424/000008042411000043/jasquarterlyreport.htm"
  },
  {
    "date": "2011-06-30",
    "symbol": "PG",
    "reportedCurrency": "USD",
    "cik": "0000080424",
    "fillingDate": "2011-08-10",
    "acceptedDate": "2011-08-10 06:53:53",
    "calendarYear": "2011",
    "period": "Q4",
    "revenue": 20860000000,
    "costOfRevenue": 10787000000,
    "grossProfit": 10073000000,
    "grossProfitRatio": 0.482885906,
    "researchAndDevelopmentExpenses": 0,
    "generalAndAdministrativeExpenses": 0,
    "sellingAndMarketingExpenses": 0,
    "sellingGeneralAndAdministrativeExpenses": 6788000000,
    "otherExpenses": 0,
    "operatingExpenses": 6788000000,
    "costAndExpenses": 17575000000,
    "interestIncome": 0,
    "interestExpense": 212000000,
    "depreciationAndAmortization": 735000000,
    "ebitda": 4152000000,
    "ebitdaratio": 0.1990412272,
    "operatingIncome": 3285000000,
    "operatingIncomeRatio": 0.1574784276,
    "totalOtherIncomeExpensesNet": -80000000,
    "incomeBeforeTax": 3205000000,
    "incomeBeforeTaxRatio": 0.1536433365,
    "incomeTaxExpense": 695000000,
    "netIncome": 2510000000,
    "netIncomeRatio": 0.1203259827,
    "eps": 0.91,
    "epsdiluted": 0.91,
    "weightedAverageShsOut": 2755900000,
    "weightedAverageShsOutDil": 2755900000,
    "link": "https://www.sec.gov/Archives/edgar/data/80424/000008042411000014/0000080424-11-000014-index.htm",
    "finalLink": "https://www.sec.gov/Archives/edgar/data/80424/000008042411000014/fy1110k.htm"
  },
  {
    "date": "2011-03-31",
    "symbol": "PG",
    "reportedCurrency": "USD",
    "cik": "0000080424",
    "fillingDate": "2011-04-29",
    "acceptedDate": "2011-04-29 08:21:55",
    "calendarYear": "2011",
    "period": "Q3",
    "revenue": 19893000000,
    "costOfRevenue": 9789000000,
    "grossProfit": 10104000000,
    "grossProfitRatio": 0.5079173579,
    "researchAndDevelopmentExpenses": 0,
    "generalAndAdministrativeExpenses": 0,
    "sellingAndMarketingExpenses": 0,
    "sellingGeneralAndAdministrativeExpenses": 6399000000,
    "otherExpenses": 0,
    "operatingExpenses": 6399000000,
    "costAndExpenses": 16188000000,
    "interestIncome": 0,
    "interestExpense": 202000000,
    "depreciationAndAmortization": 703000000,
    "ebitda": 4512000000,
    "ebitdaratio": 0.226813452,
    "operatingIncome": 3705000000,
    "operatingIncomeRatio": 0.1862464183,
    "totalOtherIncomeExpensesNet": -98000000,
    "incomeBeforeTax": 3607000000,
    "incomeBeforeTaxRatio": 0.1813200623,
    "incomeTaxExpense": 748000000,
    "netIncome": 2873000000,
    "netIncomeRatio": 0.1444226612,
    "eps": 1.01,
    "epsdiluted": 0.96,
    "weightedAverageShsOut": 2844554455,
    "weightedAverageShsOutDil": 2999300000,
    "link": "https://www.sec.gov/Archives/edgar/data/80424/000119312511116981/0001193125-11-116981-index.htm",
    "finalLink": "https://www.sec.gov/Archives/edgar/data/80424/000119312511116981/d10q.htm"
  },
  {
    "date": "2010-12-31",
    "symbol": "PG",
    "reportedCurrency": "USD",
    "cik": "0000080424",
    "fillingDate": "2011-01-28",
    "acceptedDate": "2011-01-28 16:02:47",
    "calendarYear": "2011",
    "period": "Q2",
    "revenue": 21347000000,
    "costOfRevenue": 10287000000,
    "grossProfit": 11060000000,
    "grossProfitRatio": 0.5181055886,
    "researchAndDevelopmentExpenses": 0,
    "generalAndAdministrativeExpenses": 0,
    "sellingAndMarketingExpenses": 0,
    "sellingGeneralAndAdministrativeExpenses": 6800000000,
    "otherExpenses": 0,
    "operatingExpenses": 6800000000,
    "costAndExpenses": 17087000000,
    "interestIncome": 0,
    "interestExpense": 209000000,
    "depreciationAndAmortization": 711000000,
    "ebitda": 5010000000,
    "ebitdaratio": 0.2346933995,
    "operatingIncome": 4260000000,
    "operatingIncomeRatio": 0.1995596571,
    "totalOtherIncomeExpensesNet": -170000000,
    "incomeBeforeTax": 4090000000,
    "incomeBeforeTaxRatio": 0.1915960088,
    "incomeTaxExpense": 728000000,
    "netIncome": 3333000000,
    "netIncomeRatio": 0.1561343514,
    "eps": 1.17,
    "epsdiluted": 1.11,
    "weightedAverageShsOut": 2848717949,
    "weightedAverageShsOutDil": 3000200000,
    "link": "https://www.sec.gov/Archives/edgar/data/80424/000119312511017328/0001193125-11-017328-index.htm",
    "finalLink": "https://www.sec.gov/Archives/edgar/data/80424/000119312511017328/d10q.htm"
  },
  {
    "date": "2010-09-30",
    "symbol": "PG",
    "reportedCurrency": "USD",
    "cik": "0000080424",
    "fillingDate": "2010-10-28",
    "acceptedDate": "2010-10-28 08:44:46",
    "calendarYear": "2011",
    "period": "Q1",
    "revenue": 20122000000,
    "costOfRevenue": 9689000000,
    "grossProfit": 10433000000,
    "grossProfitRatio": 0.5184872279,
    "researchAndDevelopmentExpenses": 0,
    "generalAndAdministrativeExpenses": 0,
    "sellingAndMarketingExpenses": 0,
    "sellingGeneralAndAdministrativeExpenses": 5932000000,
    "otherExpenses": 0,
    "operatingExpenses": 5932000000,
    "costAndExpenses": 15621000000,
    "interestIncome": 0,
    "interestExpense": 208000000,
    "depreciationAndAmortization": 689000000,
    "ebitda": 5179000000,
    "ebitdaratio": 0.2573799821,
    "operatingIncome": 4501000000,
    "operatingIncomeRatio": 0.2236855183,
    "totalOtherIncomeExpensesNet": -219000000,
    "incomeBeforeTax": 4282000000,
    "incomeBeforeTaxRatio": 0.2128019084,
    "incomeTaxExpense": 1201000000,
    "netIncome": 3081000000,
    "netIncomeRatio": 0.1531159924,
    "eps": 1.07,
    "epsdiluted": 1.02,
    "weightedAverageShsOut": 2879439252,
    "weightedAverageShsOutDil": 3025600000,
    "link": "https://www.sec.gov/Archives/edgar/data/80424/000119312510238937/0001193125-10-238937-index.htm",
    "finalLink": "https://www.sec.gov/Archives/edgar/data/80424/000119312510238937/d10q.htm"
  },
  {
    "date": "2010-06-30",
    "symbol": "PG",
    "reportedCurrency": "USD",
    "cik": "0000080424",
    "fillingDate": "2010-08-13",
    "acceptedDate": "2010-08-13 16:02:12",
    "calendarYear": "2010",
    "period": "Q4",
    "revenue": 18926000000,
    "costOfRevenue": 9560000000,
    "grossProfit": 9366000000,
    "grossProfitRatio": 0.4948747754,
    "researchAndDevelopmentExpenses": 0,
    "generalAndAdministrativeExpenses": 0,
    "sellingAndMarketingExpenses": 0,
    "sellingGeneralAndAdministrativeExpenses": 6416000000,
    "otherExpenses": 0,
    "operatingExpenses": 6416000000,
    "costAndExpenses": 15976000000,
    "interestIncome": 0,
    "interestExpense": 212000000,
    "depreciationAndAmortization": 780000000,
    "ebitda": 3609000000,
    "ebitdaratio": 0.190690056,
    "operatingIncome": 2950000000,
    "operatingIncomeRatio": 0.1558702314,
    "totalOtherIncomeExpensesNet": -333000000,
    "incomeBeforeTax": 2617000000,
    "incomeBeforeTaxRatio": 0.1382753884,
    "incomeTaxExpense": 432000000,
    "netIncome": 2185000000,
    "netIncomeRatio": 0.115449646,
    "eps": 0.76,
    "epsdiluted": 0.76,
    "weightedAverageShsOut": 2866900000,
    "weightedAverageShsOutDil": 2879439252,
    "link": "https://www.sec.gov/Archives/edgar/data/80424/000119312510188769/0001193125-10-188769-index.htm",
    "finalLink": "https://www.sec.gov/Archives/edgar/data/80424/000119312510188769/d10k.htm"
  },
  {
    "date": "2010-03-31",
    "symbol": "PG",
    "reportedCurrency": "USD",
    "cik": "0000080424",
    "fillingDate": "2010-04-30",
    "acceptedDate": "2010-04-30 16:00:50",
    "calendarYear": "2010",
    "period": "Q3",
    "revenue": 19178000000,
    "costOfRevenue": 9225000000,
    "grossProfit": 9953000000,
    "grossProfitRatio": 0.5189800813,
    "researchAndDevelopmentExpenses": 0,
    "generalAndAdministrativeExpenses": 0,
    "sellingAndMarketingExpenses": 0,
    "sellingGeneralAndAdministrativeExpenses": 5985000000,
    "otherExpenses": 0,
    "operatingExpenses": 5985000000,
    "costAndExpenses": 15210000000,
    "interestIncome": 0,
    "interestExpense": 223000000,
    "depreciationAndAmortization": 799000000,
    "ebitda": 4784000000,
    "ebitdaratio": 0.2494524977,
    "operatingIncome": 3968000000,
    "operatingIncomeRatio": 0.2069037439,
    "totalOtherIncomeExpensesNet": -206000000,
    "incomeBeforeTax": 3762000000,
    "incomeBeforeTaxRatio": 0.1961622693,
    "incomeTaxExpense": 1177000000,
    "netIncome": 2585000000,
    "netIncomeRatio": 0.1347898634,
    "eps": 0.88,
    "epsdiluted": 0.83,
    "weightedAverageShsOut": 2937500000,
    "weightedAverageShsOutDil": 3103900000,
    "link": "https://www.sec.gov/Archives/edgar/data/80424/000119312510101892/0001193125-10-101892-index.htm",
    "finalLink": "https://www.sec.gov/Archives/edgar/data/80424/000119312510101892/d10q.htm"
  },
  {
    "date": "2009-12-31",
    "symbol": "PG",
    "reportedCurrency": "USD",
    "cik": "0000080424",
    "fillingDate": "2010-01-28",
    "acceptedDate": "2010-01-28 07:26:48",
    "calendarYear": "2010",
    "period": "Q2",
    "revenue": 21027000000,
    "costOfRevenue": 9736000000,
    "grossProfit": 11291000000,
    "grossProfitRatio": 0.5369762686,
    "researchAndDevelopmentExpenses": 0,
    "generalAndAdministrativeExpenses": 0,
    "sellingAndMarketingExpenses": 0,
    "sellingGeneralAndAdministrativeExpenses": 6636000000,
    "otherExpenses": 0,
    "operatingExpenses": 6636000000,
    "costAndExpenses": 16372000000,
    "interestIncome": 0,
    "interestExpense": 224000000,
    "depreciationAndAmortization": 758000000,
    "ebitda": 5466000000,
    "ebitdaratio": 0.2599514909,
    "operatingIncome": 4655000000,
    "operatingIncomeRatio": 0.2213820326,
    "totalOtherIncomeExpensesNet": -171000000,
    "incomeBeforeTax": 4484000000,
    "incomeBeforeTaxRatio": 0.2132496314,
    "incomeTaxExpense": 1335000000,
    "netIncome": 4659000000,
    "netIncomeRatio": 0.2215722642,
    "eps": 1.58,
    "epsdiluted": 1.49,
    "weightedAverageShsOut": 2948734177,
    "weightedAverageShsOutDil": 3118500000,
    "link": "https://www.sec.gov/Archives/edgar/data/80424/000119312510014865/0001193125-10-014865-index.htm",
    "finalLink": "https://www.sec.gov/Archives/edgar/data/80424/000119312510014865/d10q.htm"
  },
  {
    "date": "2009-09-30",
    "symbol": "PG",
    "reportedCurrency": "USD",
    "cik": "0000080424",
    "fillingDate": "2009-10-29",
    "acceptedDate": "2009-10-29 10:30:53",
    "calendarYear": "2010",
    "period": "Q1",
    "revenue": 19807000000,
    "costOfRevenue": 9398000000,
    "grossProfit": 10409000000,
    "grossProfitRatio": 0.5255212804,
    "researchAndDevelopmentExpenses": 0,
    "generalAndAdministrativeExpenses": 0,
    "sellingAndMarketingExpenses": 0,
    "sellingGeneralAndAdministrativeExpenses": 5961000000,
    "otherExpenses": 0,
    "operatingExpenses": 5961000000,
    "costAndExpenses": 15359000000,
    "interestIncome": 0,
    "interestExpense": 287000000,
    "depreciationAndAmortization": 771000000,
    "ebitda": 5242000000,
    "ebitdaratio": 0.2646539102,
    "operatingIncome": 4448000000,
    "operatingIncomeRatio": 0.2245670722,
    "totalOtherIncomeExpensesNet": -264000000,
    "incomeBeforeTax": 4184000000,
    "incomeBeforeTaxRatio": 0.2112384511,
    "incomeTaxExpense": 1157000000,
    "netIncome": 3307000000,
    "netIncomeRatio": 0.1669611753,
    "eps": 1.11,
    "epsdiluted": 1.06,
    "weightedAverageShsOut": 2921100000,
    "weightedAverageShsOutDil": 3109600000,
    "link": "https://www.sec.gov/Archives/edgar/data/80424/000119312509217067/0001193125-09-217067-index.htm",
    "finalLink": "https://www.sec.gov/Archives/edgar/data/80424/000119312509217067/d10q.htm"
  },
  {
    "date": "2009-06-30",
    "symbol": "PG",
    "reportedCurrency": "USD",
    "cik": "0000080424",
    "fillingDate": "2009-08-14",
    "acceptedDate": "2009-08-14 16:18:14",
    "calendarYear": "2009",
    "period": "Q4",
    "revenue": 18662000000,
    "costOfRevenue": 9267000000,
    "grossProfit": 9395000000,
    "grossProfitRatio": 0.5034294288,
    "researchAndDevelopmentExpenses": 0,
    "generalAndAdministrativeExpenses": 0,
    "sellingAndMarketingExpenses": 0,
    "sellingGeneralAndAdministrativeExpenses": 5822000000,
    "otherExpenses": 0,
    "operatingExpenses": 5822000000,
    "costAndExpenses": 15089000000,
    "interestIncome": 0,
    "interestExpense": 329000000,
    "depreciationAndAmortization": 854000000,
    "ebitda": 4467000000,
    "ebitdaratio": 0.2393634123,
    "operatingIncome": 3573000000,
    "operatingIncomeRatio": 0.1914585789,
    "totalOtherIncomeExpensesNet": -289000000,
    "incomeBeforeTax": 3284000000,
    "incomeBeforeTaxRatio": 0.1759725646,
    "incomeTaxExpense": 813000000,
    "netIncome": 2471000000,
    "netIncomeRatio": 0.132408102,
    "eps": 0.85,
    "epsdiluted": 0.85,
    "weightedAverageShsOut": 2917700000,
    "weightedAverageShsOutDil": 2921100000,
    "link": "https://www.sec.gov/Archives/edgar/data/80424/000119312509175986/0001193125-09-175986-index.htm",
    "finalLink": "https://www.sec.gov/Archives/edgar/data/80424/000119312509175986/d10k.htm"
  },
  {
    "date": "2009-03-31",
    "symbol": "PG",
    "reportedCurrency": "USD",
    "cik": "0000080424",
    "fillingDate": "2009-05-01",
    "acceptedDate": "2009-05-01 16:02:53",
    "calendarYear": "2009",
    "period": "Q3",
    "revenue": 17864000000,
    "costOfRevenue": 9117000000,
    "grossProfit": 8747000000,
    "grossProfitRatio": 0.4896439767,
    "researchAndDevelopmentExpenses": 0,
    "generalAndAdministrativeExpenses": 0,
    "sellingAndMarketingExpenses": 0,
    "sellingGeneralAndAdministrativeExpenses": 5194000000,
    "otherExpenses": 0,
    "operatingExpenses": 5194000000,
    "costAndExpenses": 14311000000,
    "interestIncome": 0,
    "interestExpense": 337000000,
    "depreciationAndAmortization": 725000000,
    "ebitda": 4312000000,
    "ebitdaratio": 0.2413793103,
    "operatingIncome": 3553000000,
    "operatingIncomeRatio": 0.1988916256,
    "totalOtherIncomeExpensesNet": -303000000,
    "incomeBeforeTax": 3250000000,
    "incomeBeforeTaxRatio": 0.1819301388,
    "incomeTaxExpense": 821000000,
    "netIncome": 2613000000,
    "netIncomeRatio": 0.1462718316,
    "eps": 0.88,
    "epsdiluted": 0.84,
    "weightedAverageShsOut": 2919800000,
    "weightedAverageShsOutDil": 3104600000,
    "link": "https://www.sec.gov/Archives/edgar/data/80424/000119312509096244/0001193125-09-096244-index.htm",
    "finalLink": "https://www.sec.gov/Archives/edgar/data/80424/000119312509096244/d10q.htm"
  },
  {
    "date": "2008-12-31",
    "symbol": "PG",
    "reportedCurrency": "USD",
    "cik": "0000080424",
    "fillingDate": "2009-02-02",
    "acceptedDate": "2009-02-02 17:05:15",
    "calendarYear": "2009",
    "period": "Q2",
    "revenue": 19763000000,
    "costOfRevenue": 9799000000,
    "grossProfit": 9964000000,
    "grossProfitRatio": 0.5041744674,
    "researchAndDevelopmentExpenses": 0,
    "generalAndAdministrativeExpenses": 0,
    "sellingAndMarketingExpenses": 0,
    "sellingGeneralAndAdministrativeExpenses": 5909000000,
    "otherExpenses": 0,
    "operatingExpenses": 5909000000,
    "costAndExpenses": 15708000000,
    "interestIncome": 0,
    "interestExpense": 354000000,
    "depreciationAndAmortization": 693000000,
    "ebitda": 4815000000,
    "ebitdaratio": 0.2436370996,
    "operatingIncome": 4055000000,
    "operatingIncomeRatio": 0.2051813996,
    "totalOtherIncomeExpensesNet": -287000000,
    "incomeBeforeTax": 3768000000,
    "incomeBeforeTaxRatio": 0.1906593129,
    "incomeTaxExpense": 955000000,
    "netIncome": 5004000000,
    "netIncomeRatio": 0.253200425,
    "eps": 1.68,
    "epsdiluted": 1.58,
    "weightedAverageShsOut": 2958800000,
    "weightedAverageShsOutDil": 3170800000,
    "link": "https://www.sec.gov/Archives/edgar/data/80424/000119312509016473/0001193125-09-016473-index.htm",
    "finalLink": "https://www.sec.gov/Archives/edgar/data/80424/000119312509016473/d10q.htm"
  },
  {
    "date": "2008-09-30",
    "symbol": "PG",
    "reportedCurrency": "USD",
    "cik": "0000080424",
    "fillingDate": "2008-10-30",
    "acceptedDate": "2008-10-30 08:24:31",
    "calendarYear": "2009",
    "period": "Q1",
    "revenue": 20983000000,
    "costOfRevenue": 10558000000,
    "grossProfit": 10425000000,
    "grossProfitRatio": 0.4968307678,
    "researchAndDevelopmentExpenses": 0,
    "generalAndAdministrativeExpenses": 0,
    "sellingAndMarketingExpenses": 0,
    "sellingGeneralAndAdministrativeExpenses": 6039000000,
    "otherExpenses": 0,
    "operatingExpenses": 6039000000,
    "costAndExpenses": 16597000000,
    "interestIncome": 0,
    "interestExpense": 339000000,
    "depreciationAndAmortization": 810000000,
    "ebitda": 5476000000,
    "ebitdaratio": 0.2609731688,
    "operatingIncome": 4386000000,
    "operatingIncomeRatio": 0.2090263547,
    "totalOtherIncomeExpensesNet": -59000000,
    "incomeBeforeTax": 4327000000,
    "incomeBeforeTaxRatio": 0.2062145546,
    "incomeTaxExpense": 1212000000,
    "netIncome": 3348000000,
    "netIncomeRatio": 0.1595577372,
    "eps": 1.1,
    "epsdiluted": 1.03,
    "weightedAverageShsOut": 3012400000,
    "weightedAverageShsOutDil": 3239500000,
    "link": "https://www.sec.gov/Archives/edgar/data/80424/000119312508219742/0001193125-08-219742-index.htm",
    "finalLink": "https://www.sec.gov/Archives/edgar/data/80424/000119312508219742/d10q.htm"
  },
  {
    "date": "2008-06-30",
    "symbol": "PG",
    "reportedCurrency": "USD",
    "cik": "0000080424",
    "fillingDate": "2008-10-03",
    "acceptedDate": "2008-10-03 17:28:16",
    "calendarYear": "2008",
    "period": "Q4",
    "revenue": 21266000000,
    "costOfRevenue": 10808000000,
    "grossProfit": 10458000000,
    "grossProfitRatio": 0.4917709019,
    "researchAndDevelopmentExpenses": 0,
    "generalAndAdministrativeExpenses": 0,
    "sellingAndMarketingExpenses": 0,
    "sellingGeneralAndAdministrativeExpenses": 6618000000,
    "otherExpenses": 0,
    "operatingExpenses": 6618000000,
    "costAndExpenses": 17426000000,
    "interestIncome": 0,
    "interestExpense": 0,
    "depreciationAndAmortization": 896000000,
    "ebitda": 4736000000,
    "ebitdaratio": 0.222702906,
    "operatingIncome": 3840000000,
    "operatingIncomeRatio": 0.1805699238,
    "totalOtherIncomeExpensesNet": -288000000,
    "incomeBeforeTax": 3552000000,
    "incomeBeforeTaxRatio": 0.1670271795,
    "incomeTaxExpense": 536000000,
    "netIncome": 3016000000,
    "netIncomeRatio": 0.1418226277,
    "eps": 1,
    "epsdiluted": 1,
    "weightedAverageShsOut": 3012400000,
    "weightedAverageShsOutDil": 3012400000,
    "link": "https://www.sec.gov/Archives/edgar/data/80424/000095015208007680/0000950152-08-007680-index.htm",
    "finalLink": "https://www.sec.gov/Archives/edgar/data/80424/000095015208007680/l32996be10vkza.htm"
  },
  {
    "date": "2008-03-31",
    "symbol": "PG",
    "reportedCurrency": "USD",
    "cik": "0000080424",
    "fillingDate": "2008-05-01",
    "acceptedDate": "2008-05-01 16:22:04",
    "calendarYear": "2008",
    "period": "Q3",
    "revenue": 20026000000,
    "costOfRevenue": 9679000000,
    "grossProfit": 10347000000,
    "grossProfitRatio": 0.5166783182,
    "researchAndDevelopmentExpenses": 0,
    "generalAndAdministrativeExpenses": 0,
    "sellingAndMarketingExpenses": 0,
    "sellingGeneralAndAdministrativeExpenses": 6334000000,
    "otherExpenses": 0,
    "operatingExpenses": 6334000000,
    "costAndExpenses": 16013000000,
    "interestIncome": 0,
    "interestExpense": 364000000,
    "depreciationAndAmortization": 767000000,
    "ebitda": 4790000000,
    "ebitdaratio": 0.2391890542,
    "operatingIncome": 4013000000,
    "operatingIncomeRatio": 0.2003894937,
    "totalOtherIncomeExpensesNet": -354000000,
    "incomeBeforeTax": 3659000000,
    "incomeBeforeTaxRatio": 0.1827124738,
    "incomeTaxExpense": 1009000000,
    "netIncome": 2710000000,
    "netIncomeRatio": 0.1353240787,
    "eps": 0.87,
    "epsdiluted": 0.82,
    "weightedAverageShsOut": 3067900000,
    "weightedAverageShsOutDil": 3301200000,
    "link": "https://www.sec.gov/Archives/edgar/data/80424/000095015208003318/0000950152-08-003318-index.htm",
    "finalLink": "https://www.sec.gov/Archives/edgar/data/80424/000095015208003318/l31232ae10vq.htm"
  },
  {
    "date": "2007-12-31",
    "symbol": "PG",
    "reportedCurrency": "USD",
    "cik": "0000080424",
    "fillingDate": "2008-02-01",
    "acceptedDate": "2008-02-01 16:55:23",
    "calendarYear": "2008",
    "period": "Q2",
    "revenue": 21038000000,
    "costOfRevenue": 10028000000,
    "grossProfit": 11010000000,
    "grossProfitRatio": 0.5233387204,
    "researchAndDevelopmentExpenses": 0,
    "generalAndAdministrativeExpenses": 0,
    "sellingAndMarketingExpenses": 0,
    "sellingGeneralAndAdministrativeExpenses": 6420000000,
    "otherExpenses": 0,
    "operatingExpenses": 6420000000,
    "costAndExpenses": 16448000000,
    "interestIncome": 0,
    "interestExpense": 0,
    "depreciationAndAmortization": 751000000,
    "ebitda": 5341000000,
    "ebitdaratio": 0.2538739424,
    "operatingIncome": 4590000000,
    "operatingIncomeRatio": 0.2181766328,
    "totalOtherIncomeExpensesNet": -1396000000,
    "incomeBeforeTax": 3194000000,
    "incomeBeforeTaxRatio": 0.1518205153,
    "incomeTaxExpense": 0,
    "netIncome": 3270000000,
    "netIncomeRatio": 0.155433026,
    "eps": 1.04,
    "epsdiluted": 0.98,
    "weightedAverageShsOut": 3102884615,
    "weightedAverageShsOutDil": 3341500000,
    "link": "https://www.sec.gov/Archives/edgar/data/80424/000008042408000035/0000080424-08-000035-index.htm",
    "finalLink": "https://www.sec.gov/Archives/edgar/data/80424/000008042408000035/ond2007.htm"
  },
  {
    "date": "2007-09-30",
    "symbol": "PG",
    "reportedCurrency": "USD",
    "cik": "0000080424",
    "fillingDate": "2007-10-31",
    "acceptedDate": "2007-10-31 14:22:27",
    "calendarYear": "2008",
    "period": "Q1",
    "revenue": 20199000000,
    "costOfRevenue": 9519000000,
    "grossProfit": 10680000000,
    "grossProfitRatio": 0.5287390465,
    "researchAndDevelopmentExpenses": 0,
    "generalAndAdministrativeExpenses": 0,
    "sellingAndMarketingExpenses": 0,
    "sellingGeneralAndAdministrativeExpenses": 6262000000,
    "otherExpenses": 0,
    "operatingExpenses": 6262000000,
    "costAndExpenses": 15781000000,
    "interestIncome": 0,
    "interestExpense": 0,
    "depreciationAndAmortization": 752000000,
    "ebitda": 5170000000,
    "ebitdaratio": 0.255953265,
    "operatingIncome": 4418000000,
    "operatingIncomeRatio": 0.2187236992,
    "totalOtherIncomeExpensesNet": -166000000,
    "incomeBeforeTax": 4252000000,
    "incomeBeforeTaxRatio": 0.2105054706,
    "incomeTaxExpense": 1173000000,
    "netIncome": 3079000000,
    "netIncomeRatio": 0.1524332888,
    "eps": 0.97,
    "epsdiluted": 0.92,
    "weightedAverageShsOut": 3117600000,
    "weightedAverageShsOutDil": 3354200000,
    "link": "https://www.sec.gov/Archives/edgar/data/80424/000095015207008417/0000950152-07-008417-index.htm",
    "finalLink": "https://www.sec.gov/Archives/edgar/data/80424/000095015207008417/l28511ae10vq.htm"
  },
  {
    "date": "2007-06-30",
    "symbol": "PG",
    "reportedCurrency": "USD",
    "cik": "0000080424",
    "fillingDate": "2007-08-28",
    "acceptedDate": "2007-08-28 16:38:03",
    "calendarYear": "2007",
    "period": "Q4",
    "revenue": 19272000000,
    "costOfRevenue": 9476000000,
    "grossProfit": 9796000000,
    "grossProfitRatio": 0.5083022001,
    "researchAndDevelopmentExpenses": 0,
    "generalAndAdministrativeExpenses": 0,
    "sellingAndMarketingExpenses": 0,
    "sellingGeneralAndAdministrativeExpenses": 6395000000,
    "otherExpenses": 0,
    "operatingExpenses": 6395000000,
    "costAndExpenses": 15871000000,
    "interestIncome": 0,
    "interestExpense": 0,
    "depreciationAndAmortization": 763000000,
    "ebitda": 4164000000,
    "ebitdaratio": 0.2160647572,
    "operatingIncome": 3401000000,
    "operatingIncomeRatio": 0.1764736405,
    "totalOtherIncomeExpensesNet": -193000000,
    "incomeBeforeTax": 3208000000,
    "incomeBeforeTaxRatio": 0.1664591117,
    "incomeTaxExpense": 940000000,
    "netIncome": 2268000000,
    "netIncomeRatio": 0.1176836862,
    "eps": 0.73,
    "epsdiluted": 0.73,
    "weightedAverageShsOut": 3117600000,
    "weightedAverageShsOutDil": 3117600000,
    "link": "https://www.sec.gov/Archives/edgar/data/80424/000095015207007152/0000950152-07-007152-index.htm",
    "finalLink": "https://www.sec.gov/Archives/edgar/data/80424/000095015207007152/l27490ae10vk.htm"
  },
  {
    "date": "2007-03-31",
    "symbol": "PG",
    "reportedCurrency": "USD",
    "cik": "0000080424",
    "fillingDate": "2007-05-02",
    "acceptedDate": "2007-05-02 10:00:52",
    "calendarYear": "2007",
    "period": "Q3",
    "revenue": 18694000000,
    "costOfRevenue": 9057000000,
    "grossProfit": 9637000000,
    "grossProfitRatio": 0.5155129988,
    "researchAndDevelopmentExpenses": 0,
    "generalAndAdministrativeExpenses": 0,
    "sellingAndMarketingExpenses": 0,
    "sellingGeneralAndAdministrativeExpenses": 5991000000,
    "otherExpenses": 0,
    "operatingExpenses": 5991000000,
    "costAndExpenses": 15048000000,
    "interestIncome": 0,
    "interestExpense": 0,
    "depreciationAndAmortization": 878000000,
    "ebitda": 4524000000,
    "ebitdaratio": 0.2420027816,
    "operatingIncome": 3646000000,
    "operatingIncomeRatio": 0.1950358404,
    "totalOtherIncomeExpensesNet": -110000000,
    "incomeBeforeTax": 3536000000,
    "incomeBeforeTaxRatio": 0.1891515994,
    "incomeTaxExpense": 1024000000,
    "netIncome": 2512000000,
    "netIncomeRatio": 0.1343746657,
    "eps": 0.78,
    "epsdiluted": 0.74,
    "weightedAverageShsOut": 3156000000,
    "weightedAverageShsOutDil": 3397300000,
    "link": "https://www.sec.gov/Archives/edgar/data/80424/000008042407000078/0000080424-07-000078-index.htm",
    "finalLink": "https://www.sec.gov/Archives/edgar/data/80424/000008042407000078/qjfm2007.htm"
  },
  {
    "date": "2006-12-31",
    "symbol": "PG",
    "reportedCurrency": "USD",
    "cik": "0000080424",
    "fillingDate": "2007-01-31",
    "acceptedDate": "2007-01-31 16:20:45",
    "calendarYear": "2007",
    "period": "Q2",
    "revenue": 19725000000,
    "costOfRevenue": 9287000000,
    "grossProfit": 10438000000,
    "grossProfitRatio": 0.5291761724,
    "researchAndDevelopmentExpenses": 0,
    "generalAndAdministrativeExpenses": 0,
    "sellingAndMarketingExpenses": 0,
    "sellingGeneralAndAdministrativeExpenses": 6088000000,
    "otherExpenses": 0,
    "operatingExpenses": 6088000000,
    "costAndExpenses": 15375000000,
    "interestIncome": 0,
    "interestExpense": 0,
    "depreciationAndAmortization": 705000000,
    "ebitda": 5055000000,
    "ebitdaratio": 0.2562737643,
    "operatingIncome": 4350000000,
    "operatingIncomeRatio": 0.2205323194,
    "totalOtherIncomeExpensesNet": -260000000,
    "incomeBeforeTax": 4090000000,
    "incomeBeforeTaxRatio": 0.2073510773,
    "incomeTaxExpense": 1228000000,
    "netIncome": 2862000000,
    "netIncomeRatio": 0.145095057,
    "eps": 0.89,
    "epsdiluted": 0.84,
    "weightedAverageShsOut": 3161700000,
    "weightedAverageShsOutDil": 3406500000,
    "link": "https://www.sec.gov/Archives/edgar/data/80424/000008042407000010/0000080424-07-000010-index.htm",
    "finalLink": "https://www.sec.gov/Archives/edgar/data/80424/000008042407000010/qond2006.htm"
  },
  {
    "date": "2006-09-30",
    "symbol": "PG",
    "reportedCurrency": "USD",
    "cik": "0000080424",
    "fillingDate": "2006-11-01",
    "acceptedDate": "2006-11-01 16:40:30",
    "calendarYear": "2007",
    "period": "Q1",
    "revenue": 18785000000,
    "costOfRevenue": 8865000000,
    "grossProfit": 9920000000,
    "grossProfitRatio": 0.5280809156,
    "researchAndDevelopmentExpenses": 0,
    "generalAndAdministrativeExpenses": 0,
    "sellingAndMarketingExpenses": 0,
    "sellingGeneralAndAdministrativeExpenses": 5866000000,
    "otherExpenses": 0,
    "operatingExpenses": 5866000000,
    "costAndExpenses": 14731000000,
    "interestIncome": 0,
    "interestExpense": 0,
    "depreciationAndAmortization": 784000000,
    "ebitda": 4838000000,
    "ebitdaratio": 0.2575459143,
    "operatingIncome": 4054000000,
    "operatingIncomeRatio": 0.2158104871,
    "totalOtherIncomeExpensesNet": -178000000,
    "incomeBeforeTax": 3876000000,
    "incomeBeforeTaxRatio": 0.2063348416,
    "incomeTaxExpense": 1178000000,
    "netIncome": 2698000000,
    "netIncomeRatio": 0.1436252329,
    "eps": 0.84,
    "epsdiluted": 0.79,
    "weightedAverageShsOut": 3211900000,
    "weightedAverageShsOutDil": 3413300000,
    "link": "https://www.sec.gov/Archives/edgar/data/80424/000008042406000184/0000080424-06-000184-index.htm",
    "finalLink": "https://www.sec.gov/Archives/edgar/data/80424/000008042406000184/qjas2006.htm"
  },
  {
    "date": "2006-06-30",
    "symbol": "PG",
    "reportedCurrency": "USD",
    "cik": "0000080424",
    "fillingDate": "2006-08-29",
    "acceptedDate": "2006-08-29 15:05:51",
    "calendarYear": "2006",
    "period": "Q4",
    "revenue": 17842000000,
    "costOfRevenue": 8894000000,
    "grossProfit": 8948000000,
    "grossProfitRatio": 0.5015132833,
    "researchAndDevelopmentExpenses": 0,
    "generalAndAdministrativeExpenses": 0,
    "sellingAndMarketingExpenses": 0,
    "sellingGeneralAndAdministrativeExpenses": 5999000000,
    "otherExpenses": 0,
    "operatingExpenses": 5999000000,
    "costAndExpenses": 14893000000,
    "interestIncome": 0,
    "interestExpense": 0,
    "depreciationAndAmortization": 736000000,
    "ebitda": 3685000000,
    "ebitdaratio": 0.2065351418,
    "operatingIncome": 2949000000,
    "operatingIncomeRatio": 0.165284161,
    "totalOtherIncomeExpensesNet": -238000000,
    "incomeBeforeTax": 2711000000,
    "incomeBeforeTaxRatio": 0.1519448492,
    "incomeTaxExpense": 813000000,
    "netIncome": 1898000000,
    "netIncomeRatio": 0.1063782087,
    "eps": 0.59,
    "epsdiluted": 0.59,
    "weightedAverageShsOut": 3209400000,
    "weightedAverageShsOutDil": 3211900000,
    "link": "https://www.sec.gov/Archives/edgar/data/80424/000095015206007291/0000950152-06-007291-index.htm",
    "finalLink": "https://www.sec.gov/Archives/edgar/data/80424/000095015206007291/l21828ae10vk.htm"
  },
  {
    "date": "2006-03-31",
    "symbol": "PG",
    "reportedCurrency": "USD",
    "cik": "0000080424",
    "fillingDate": "2006-05-04",
    "acceptedDate": "2006-05-04 16:46:41",
    "calendarYear": "2006",
    "period": "Q3",
    "revenue": 17250000000,
    "costOfRevenue": 8340000000,
    "grossProfit": 8910000000,
    "grossProfitRatio": 0.5165217391,
    "researchAndDevelopmentExpenses": 0,
    "generalAndAdministrativeExpenses": 0,
    "sellingAndMarketingExpenses": 0,
    "sellingGeneralAndAdministrativeExpenses": 5559000000,
    "otherExpenses": 0,
    "operatingExpenses": 5559000000,
    "costAndExpenses": 13899000000,
    "interestIncome": 0,
    "interestExpense": 0,
    "depreciationAndAmortization": 733000000,
    "ebitda": 4084000000,
    "ebitdaratio": 0.2367536232,
    "operatingIncome": 3351000000,
    "operatingIncomeRatio": 0.1942608696,
    "totalOtherIncomeExpensesNet": -222000000,
    "incomeBeforeTax": 3129000000,
    "incomeBeforeTaxRatio": 0.1813913043,
    "incomeTaxExpense": 918000000,
    "netIncome": 2211000000,
    "netIncomeRatio": 0.128173913,
    "eps": 0.67,
    "epsdiluted": 0.63,
    "weightedAverageShsOut": 3269600000,
    "weightedAverageShsOutDil": 3510500000,
    "link": "https://www.sec.gov/Archives/edgar/data/80424/000008042406000067/0000080424-06-000067-index.htm",
    "finalLink": "https://www.sec.gov/Archives/edgar/data/80424/000008042406000067/jfm06q.txt"
  },
  {
    "date": "2005-12-31",
    "symbol": "PG",
    "reportedCurrency": "USD",
    "cik": "0000080424",
    "fillingDate": "2006-01-30",
    "acceptedDate": "2006-01-30 16:13:25",
    "calendarYear": "2006",
    "period": "Q2",
    "revenue": 18337000000,
    "costOfRevenue": 8732000000,
    "grossProfit": 9605000000,
    "grossProfitRatio": 0.52380433,
    "researchAndDevelopmentExpenses": 0,
    "generalAndAdministrativeExpenses": 0,
    "sellingAndMarketingExpenses": 0,
    "sellingGeneralAndAdministrativeExpenses": 5713000000,
    "otherExpenses": 0,
    "operatingExpenses": 5713000000,
    "costAndExpenses": 14445000000,
    "interestIncome": 0,
    "interestExpense": 0,
    "depreciationAndAmortization": 710000000,
    "ebitda": 4602000000,
    "ebitdaratio": 0.2509679882,
    "operatingIncome": 3892000000,
    "operatingIncomeRatio": 0.2122484594,
    "totalOtherIncomeExpensesNet": -231000000,
    "incomeBeforeTax": 3661000000,
    "incomeBeforeTaxRatio": 0.1996509789,
    "incomeTaxExpense": 1115000000,
    "netIncome": 2546000000,
    "netIncomeRatio": 0.1388449583,
    "eps": 0.76,
    "epsdiluted": 0.72,
    "weightedAverageShsOut": 3307700000,
    "weightedAverageShsOutDil": 3547000000,
    "link": "https://www.sec.gov/Archives/edgar/data/80424/000008042406000004/0000080424-06-000004-index.htm",
    "finalLink": "https://www.sec.gov/Archives/edgar/data/80424/000008042406000004/ond05q.txt"
  },
  {
    "date": "2005-09-30",
    "symbol": "PG",
    "reportedCurrency": "USD",
    "cik": "0000080424",
    "fillingDate": "2005-11-02",
    "acceptedDate": "2005-11-02 15:42:56",
    "calendarYear": "2006",
    "period": "Q1",
    "revenue": 14793000000,
    "costOfRevenue": 7159000000,
    "grossProfit": 7634000000,
    "grossProfitRatio": 0.5160548908,
    "researchAndDevelopmentExpenses": 0,
    "generalAndAdministrativeExpenses": 0,
    "sellingAndMarketingExpenses": 0,
    "sellingGeneralAndAdministrativeExpenses": 4577000000,
    "otherExpenses": 0,
    "operatingExpenses": 4577000000,
    "costAndExpenses": 11736000000,
    "interestIncome": 0,
    "interestExpense": 0,
    "depreciationAndAmortization": 448000000,
    "ebitda": 3505000000,
    "ebitdaratio": 0.2369363888,
    "operatingIncome": 3057000000,
    "operatingIncomeRatio": 0.2066517948,
    "totalOtherIncomeExpensesNet": -145000000,
    "incomeBeforeTax": 2912000000,
    "incomeBeforeTaxRatio": 0.1968498614,
    "incomeTaxExpense": 883000000,
    "netIncome": 2029000000,
    "netIncomeRatio": 0.1371594673,
    "eps": 0.82,
    "epsdiluted": 0.77,
    "weightedAverageShsOut": 2474400000,
    "weightedAverageShsOutDil": 2649700000,
    "link": "https://www.sec.gov/Archives/edgar/data/80424/000008042405000224/0000080424-05-000224-index.htm",
    "finalLink": "https://www.sec.gov/Archives/edgar/data/80424/000008042405000224/jas05cv.txt"
  },
  {
    "date": "2005-06-30",
    "symbol": "PG",
    "reportedCurrency": "USD",
    "cik": "0000080424",
    "fillingDate": "2005-08-29",
    "acceptedDate": "2005-08-29 15:27:31",
    "calendarYear": "2005",
    "period": "Q4",
    "revenue": 14258000000,
    "costOfRevenue": 7289000000,
    "grossProfit": 6969000000,
    "grossProfitRatio": 0.4887782298,
    "researchAndDevelopmentExpenses": 0,
    "generalAndAdministrativeExpenses": 0,
    "sellingAndMarketingExpenses": 0,
    "sellingGeneralAndAdministrativeExpenses": 4670000000,
    "otherExpenses": 0,
    "operatingExpenses": 4670000000,
    "costAndExpenses": 11959000000,
    "interestIncome": 0,
    "interestExpense": 0,
    "depreciationAndAmortization": 481000000,
    "ebitda": 2780000000,
    "ebitdaratio": 0.1949782578,
    "operatingIncome": 2299000000,
    "operatingIncomeRatio": 0.1612428111,
    "totalOtherIncomeExpensesNet": -182000000,
    "incomeBeforeTax": 2117000000,
    "incomeBeforeTaxRatio": 0.1484780474,
    "incomeTaxExpense": 620000000,
    "netIncome": 1497000000,
    "netIncomeRatio": 0.1049936878,
    "eps": 0.62,
    "epsdiluted": 0.62,
    "weightedAverageShsOut": 2433000000,
    "weightedAverageShsOutDil": 2433000000,
    "link": "https://www.sec.gov/Archives/edgar/data/80424/000095015205007351/0000950152-05-007351-index.htm",
    "finalLink": "https://www.sec.gov/Archives/edgar/data/80424/000095015205007351/l15436ae10vk.htm"
  },
  {
    "date": "2005-03-31",
    "symbol": "PG",
    "reportedCurrency": "USD",
    "cik": "0000080424",
    "fillingDate": "2005-05-09",
    "acceptedDate": "2005-05-09 13:45:53",
    "calendarYear": "2005",
    "period": "Q3",
    "revenue": 14287000000,
    "costOfRevenue": 7055000000,
    "grossProfit": 7232000000,
    "grossProfitRatio": 0.5061944425,
    "researchAndDevelopmentExpenses": 0,
    "generalAndAdministrativeExpenses": 0,
    "sellingAndMarketingExpenses": 0,
    "sellingGeneralAndAdministrativeExpenses": 4690000000,
    "otherExpenses": 0,
    "operatingExpenses": 4690000000,
    "costAndExpenses": 11745000000,
    "interestIncome": 0,
    "interestExpense": 0,
    "depreciationAndAmortization": 475000000,
    "ebitda": 3017000000,
    "ebitdaratio": 0.2111709946,
    "operatingIncome": 2542000000,
    "operatingIncomeRatio": 0.1779239868,
    "totalOtherIncomeExpensesNet": -162000000,
    "incomeBeforeTax": 2380000000,
    "incomeBeforeTaxRatio": 0.1665850073,
    "incomeTaxExpense": 766000000,
    "netIncome": 1614000000,
    "netIncomeRatio": 0.1129698327,
    "eps": 0.63,
    "epsdiluted": 0.59,
    "weightedAverageShsOut": 2511000000,
    "weightedAverageShsOutDil": 2730300000,
    "link": "https://www.sec.gov/Archives/edgar/data/80424/000095015205004141/0000950152-05-004141-index.htm",
    "finalLink": "https://www.sec.gov/Archives/edgar/data/80424/000095015205004141/l13755ae10vq.txt"
  },
  {
    "date": "2004-12-31",
    "symbol": "PG",
    "reportedCurrency": "USD",
    "cik": "0000080424",
    "fillingDate": "2005-01-31",
    "acceptedDate": "2005-01-31 16:24:35",
    "calendarYear": "2005",
    "period": "Q2",
    "revenue": 14452000000,
    "costOfRevenue": 6871000000,
    "grossProfit": 7581000000,
    "grossProfitRatio": 0.5245640742,
    "researchAndDevelopmentExpenses": 0,
    "generalAndAdministrativeExpenses": 0,
    "sellingAndMarketingExpenses": 0,
    "sellingGeneralAndAdministrativeExpenses": 4511000000,
    "otherExpenses": 0,
    "operatingExpenses": 4511000000,
    "costAndExpenses": 11382000000,
    "interestIncome": 0,
    "interestExpense": 0,
    "depreciationAndAmortization": 448000000,
    "ebitda": 3518000000,
    "ebitdaratio": 0.2434265154,
    "operatingIncome": 3070000000,
    "operatingIncomeRatio": 0.2124273457,
    "totalOtherIncomeExpensesNet": -145000000,
    "incomeBeforeTax": 2925000000,
    "incomeBeforeTaxRatio": 0.2023941323,
    "incomeTaxExpense": 886000000,
    "netIncome": 2039000000,
    "netIncomeRatio": 0.1410877387,
    "eps": 0.77,
    "epsdiluted": 0.72,
    "weightedAverageShsOut": 2752100000,
    "weightedAverageShsOutDil": 2870400000,
    "link": "https://www.sec.gov/Archives/edgar/data/80424/000008042405000005/0000080424-05-000005-index.htm",
    "finalLink": "https://www.sec.gov/Archives/edgar/data/80424/000008042405000005/ond04q.txt"
  },
  {
    "date": "2004-09-30",
    "symbol": "PG",
    "reportedCurrency": "USD",
    "cik": "0000080424",
    "fillingDate": "2004-10-28",
    "acceptedDate": "2004-10-28 17:09:38",
    "calendarYear": "2005",
    "period": "Q1",
    "revenue": 13744000000,
    "costOfRevenue": 6623000000,
    "grossProfit": 7121000000,
    "grossProfitRatio": 0.5181169965,
    "researchAndDevelopmentExpenses": 0,
    "generalAndAdministrativeExpenses": 0,
    "sellingAndMarketingExpenses": 0,
    "sellingGeneralAndAdministrativeExpenses": 4332000000,
    "otherExpenses": 0,
    "operatingExpenses": 4332000000,
    "costAndExpenses": 10955000000,
    "interestIncome": 0,
    "interestExpense": 0,
    "depreciationAndAmortization": 480000000,
    "ebitda": 3269000000,
    "ebitdaratio": 0.2378492433,
    "operatingIncome": 2789000000,
    "operatingIncomeRatio": 0.2029249127,
    "totalOtherIncomeExpensesNet": 1000000,
    "incomeBeforeTax": 2790000000,
    "incomeBeforeTaxRatio": 0.2029976717,
    "incomeTaxExpense": 848000000,
    "netIncome": 1942000000,
    "netIncomeRatio": 0.141298021,
    "eps": 0.75,
    "epsdiluted": 0.7,
    "weightedAverageShsOut": 2540700000,
    "weightedAverageShsOutDil": 2766100000,
    "link": "https://www.sec.gov/Archives/edgar/data/80424/000008042404000195/0000080424-04-000195-index.htm",
    "finalLink": "https://www.sec.gov/Archives/edgar/data/80424/000008042404000195/jjas04.txt"
  },
  {
    "date": "2004-06-30",
    "symbol": "PG",
    "reportedCurrency": "USD",
    "cik": "0000080424",
    "fillingDate": "2004-09-09",
    "acceptedDate": "2004-09-09 14:52:23",
    "calendarYear": "2004",
    "period": "Q4",
    "revenue": 12962000000,
    "costOfRevenue": 6479000000,
    "grossProfit": 6483000000,
    "grossProfitRatio": 0.5001542972,
    "researchAndDevelopmentExpenses": 0,
    "generalAndAdministrativeExpenses": 0,
    "sellingAndMarketingExpenses": 0,
    "sellingGeneralAndAdministrativeExpenses": 4344000000,
    "otherExpenses": 0,
    "operatingExpenses": 4344000000,
    "costAndExpenses": 10823000000,
    "interestIncome": 0,
    "interestExpense": 0,
    "depreciationAndAmortization": 454000000,
    "ebitda": 2593000000,
    "ebitdaratio": 0.2000462892,
    "operatingIncome": 2139000000,
    "operatingIncomeRatio": 0.1650208301,
    "totalOtherIncomeExpensesNet": -159000000,
    "incomeBeforeTax": 1980000000,
    "incomeBeforeTaxRatio": 0.1527542046,
    "incomeTaxExpense": 606000000,
    "netIncome": 1374000000,
    "netIncomeRatio": 0.1060021602,
    "eps": 0.54,
    "epsdiluted": 0.54,
    "weightedAverageShsOut": 2540700000,
    "weightedAverageShsOutDil": 2540700000,
    "link": "https://www.sec.gov/Archives/edgar/data/80424/000095015204006777/0000950152-04-006777-index.htm",
    "finalLink": "https://www.sec.gov/Archives/edgar/data/80424/000095015204006777/l09389ae10vk.htm"
  },
  {
    "date": "2004-03-31",
    "symbol": "PG",
    "reportedCurrency": "USD",
    "cik": "0000080424",
    "fillingDate": "2004-04-30",
    "acceptedDate": "2004-04-30 13:59:03",
    "calendarYear": "2004",
    "period": "Q3",
    "revenue": 13029000000,
    "costOfRevenue": 6394000000,
    "grossProfit": 6635000000,
    "grossProfitRatio": 0.5092485993,
    "researchAndDevelopmentExpenses": 0,
    "generalAndAdministrativeExpenses": 0,
    "sellingAndMarketingExpenses": 0,
    "sellingGeneralAndAdministrativeExpenses": 4332000000,
    "otherExpenses": 0,
    "operatingExpenses": 4332000000,
    "costAndExpenses": 10726000000,
    "interestIncome": 0,
    "interestExpense": 0,
    "depreciationAndAmortization": 422000000,
    "ebitda": 2725000000,
    "ebitdaratio": 0.2091488219,
    "operatingIncome": 2303000000,
    "operatingIncomeRatio": 0.1767595364,
    "totalOtherIncomeExpensesNet": -97000000,
    "incomeBeforeTax": 2206000000,
    "incomeBeforeTaxRatio": 0.1693146059,
    "incomeTaxExpense": 678000000,
    "netIncome": 1528000000,
    "netIncomeRatio": 0.117276844,
    "eps": 0.58,
    "epsdiluted": 0.55,
    "weightedAverageShsOut": 2578400000,
    "weightedAverageShsOutDil": 2790100000,
    "link": "https://www.sec.gov/Archives/edgar/data/80424/000008042404000075/0000080424-04-000075-index.htm",
    "finalLink": "https://www.sec.gov/Archives/edgar/data/80424/000008042404000075/jfm04.txt"
  },
  {
    "date": "2003-12-31",
    "symbol": "PG",
    "reportedCurrency": "USD",
    "cik": "0000080424",
    "fillingDate": "2004-02-03",
    "acceptedDate": "2004-02-03 16:00:41",
    "calendarYear": "2004",
    "period": "Q2",
    "revenue": 13221000000,
    "costOfRevenue": 6324000000,
    "grossProfit": 6897000000,
    "grossProfitRatio": 0.5216700703,
    "researchAndDevelopmentExpenses": 0,
    "generalAndAdministrativeExpenses": 0,
    "sellingAndMarketingExpenses": 0,
    "sellingGeneralAndAdministrativeExpenses": 4155000000,
    "otherExpenses": 0,
    "operatingExpenses": 4155000000,
    "costAndExpenses": 10479000000,
    "interestIncome": 0,
    "interestExpense": 0,
    "depreciationAndAmortization": 450000000,
    "ebitda": 3192000000,
    "ebitdaratio": 0.2414340821,
    "operatingIncome": 2742000000,
    "operatingIncomeRatio": 0.2073973224,
    "totalOtherIncomeExpensesNet": -120000000,
    "incomeBeforeTax": 2622000000,
    "incomeBeforeTaxRatio": 0.1983208532,
    "incomeTaxExpense": 804000000,
    "netIncome": 1818000000,
    "netIncomeRatio": 0.1375085092,
    "eps": 0.69,
    "epsdiluted": 0.65,
    "weightedAverageShsOut": 2591100000,
    "weightedAverageShsOutDil": 2800900000,
    "link": "https://www.sec.gov/Archives/edgar/data/80424/000008042404000025/0000080424-04-000025-index.htm",
    "finalLink": "https://www.sec.gov/Archives/edgar/data/80424/000008042404000025/ond0310q.txt"
  },
  {
    "date": "2003-09-30",
    "symbol": "PG",
    "reportedCurrency": "USD",
    "cik": "0000080424",
    "fillingDate": "2003-10-28",
    "acceptedDate": "2003-10-28 13:51:51",
    "calendarYear": "2004",
    "period": "Q1",
    "revenue": 12195000000,
    "costOfRevenue": 5879000000,
    "grossProfit": 6316000000,
    "grossProfitRatio": 0.5179171792,
    "researchAndDevelopmentExpenses": 0,
    "generalAndAdministrativeExpenses": 0,
    "sellingAndMarketingExpenses": 0,
    "sellingGeneralAndAdministrativeExpenses": 3673000000,
    "otherExpenses": 0,
    "operatingExpenses": 3673000000,
    "costAndExpenses": 9552000000,
    "interestIncome": 0,
    "interestExpense": 0,
    "depreciationAndAmortization": 407000000,
    "ebitda": 3050000000,
    "ebitdaratio": 0.250102501,
    "operatingIncome": 2643000000,
    "operatingIncomeRatio": 0.2167281673,
    "totalOtherIncomeExpensesNet": -101000000,
    "incomeBeforeTax": 2542000000,
    "incomeBeforeTaxRatio": 0.2084460845,
    "incomeTaxExpense": 781000000,
    "netIncome": 1761000000,
    "netIncomeRatio": 0.144403444,
    "eps": 0.67,
    "epsdiluted": 0.63,
    "weightedAverageShsOut": 2593300000,
    "weightedAverageShsOutDil": 2797700000,
    "link": "https://www.sec.gov/Archives/edgar/data/80424/000008042403000167/0000080424-03-000167-index.htm",
    "finalLink": "https://www.sec.gov/Archives/edgar/data/80424/000008042403000167/jas0310q.txt"
  },
  {
    "date": "2003-06-30",
    "symbol": "PG",
    "reportedCurrency": "USD",
    "cik": "0000080424",
    "fillingDate": "2003-09-11",
    "acceptedDate": "2003-09-11 14:50:41",
    "calendarYear": "2003",
    "period": "Q4",
    "revenue": 10920000000,
    "costOfRevenue": 5768000000,
    "grossProfit": 5152000000,
    "grossProfitRatio": 0.4717948718,
    "researchAndDevelopmentExpenses": 0,
    "generalAndAdministrativeExpenses": 0,
    "sellingAndMarketingExpenses": 0,
    "sellingGeneralAndAdministrativeExpenses": 3683000000,
    "otherExpenses": 0,
    "operatingExpenses": 3683000000,
    "costAndExpenses": 9451000000,
    "interestIncome": 0,
    "interestExpense": 0,
    "depreciationAndAmortization": 472000000,
    "ebitda": 1941000000,
    "ebitdaratio": 0.1777472527,
    "operatingIncome": 1469000000,
    "operatingIncomeRatio": 0.1345238095,
    "totalOtherIncomeExpensesNet": -112000000,
    "incomeBeforeTax": 1357000000,
    "incomeBeforeTaxRatio": 0.1242673993,
    "incomeTaxExpense": 402000000,
    "netIncome": 955000000,
    "netIncomeRatio": 0.0874542125,
    "eps": 0.37,
    "epsdiluted": 0.37,
    "weightedAverageShsOut": 2598496241,
    "weightedAverageShsOutDil": 2598496241,
    "link": "https://www.sec.gov/Archives/edgar/data/80424/000095015203008195/0000950152-03-008195-index.htm",
    "finalLink": "https://www.sec.gov/Archives/edgar/data/80424/000095015203008195/l02788ae10vk.htm"
  },
  {
    "date": "2003-03-31",
    "symbol": "PG",
    "reportedCurrency": "USD",
    "cik": "0000080424",
    "fillingDate": "2003-04-29",
    "acceptedDate": "2003-04-29 15:21:32",
    "calendarYear": "2003",
    "period": "Q3",
    "revenue": 10656000000,
    "costOfRevenue": 5394000000,
    "grossProfit": 5262000000,
    "grossProfitRatio": 0.4938063063,
    "researchAndDevelopmentExpenses": 0,
    "generalAndAdministrativeExpenses": 0,
    "sellingAndMarketingExpenses": 0,
    "sellingGeneralAndAdministrativeExpenses": 3305000000,
    "otherExpenses": 0,
    "operatingExpenses": 3305000000,
    "costAndExpenses": 8699000000,
    "interestIncome": 0,
    "interestExpense": 0,
    "depreciationAndAmortization": 387000000,
    "ebitda": 2344000000,
    "ebitdaratio": 0.21996997,
    "operatingIncome": 1957000000,
    "operatingIncomeRatio": 0.1836524024,
    "totalOtherIncomeExpensesNet": -101000000,
    "incomeBeforeTax": 1856000000,
    "incomeBeforeTaxRatio": 0.1741741742,
    "incomeTaxExpense": 583000000,
    "netIncome": 1273000000,
    "netIncomeRatio": 0.1194632132,
    "eps": 0.48,
    "epsdiluted": 0.46,
    "weightedAverageShsOut": 2791600000,
    "weightedAverageShsOutDil": 2791600000,
    "link": "https://www.sec.gov/Archives/edgar/data/80424/000008042403000021/0000080424-03-000021-index.htm",
    "finalLink": "https://www.sec.gov/Archives/edgar/data/80424/000008042403000021/jfm10q03.txt"
  },
  {
    "date": "2002-12-31",
    "symbol": "PG",
    "reportedCurrency": "USD",
    "cik": "0000080424",
    "fillingDate": "2003-01-29",
    "acceptedDate": "2003-01-29 16:20:36",
    "calendarYear": "2003",
    "period": "Q2",
    "revenue": 11005000000,
    "costOfRevenue": 5490000000,
    "grossProfit": 5515000000,
    "grossProfitRatio": 0.5011358473,
    "researchAndDevelopmentExpenses": 0,
    "generalAndAdministrativeExpenses": 0,
    "sellingAndMarketingExpenses": 0,
    "sellingGeneralAndAdministrativeExpenses": 3267000000,
    "otherExpenses": 0,
    "operatingExpenses": 3267000000,
    "costAndExpenses": 8757000000,
    "interestIncome": 0,
    "interestExpense": 0,
    "depreciationAndAmortization": 434000000,
    "ebitda": 2682000000,
    "ebitdaratio": 0.2437074057,
    "operatingIncome": 2248000000,
    "operatingIncomeRatio": 0.204270786,
    "totalOtherIncomeExpensesNet": -69000000,
    "incomeBeforeTax": 2179000000,
    "incomeBeforeTaxRatio": 0.1980009087,
    "incomeTaxExpense": 685000000,
    "netIncome": 1494000000,
    "netIncomeRatio": 0.1357564743,
    "eps": 0.56,
    "epsdiluted": 0.53,
    "weightedAverageShsOut": 2594000000,
    "weightedAverageShsOutDil": 2805200000,
    "link": "https://www.sec.gov/Archives/edgar/data/80424/000008042403000004/0000080424-03-000004-index.htm",
    "finalLink": "https://www.sec.gov/Archives/edgar/data/80424/000008042403000004/qond02.txt"
  },
  {
    "date": "2002-09-30",
    "symbol": "PG",
    "reportedCurrency": "USD",
    "cik": "0000080424",
    "fillingDate": "2002-10-31",
    "acceptedDate": "2002-10-31 14:41:28",
    "calendarYear": "2003",
    "period": "Q1",
    "revenue": 10796000000,
    "costOfRevenue": 5489000000,
    "grossProfit": 5307000000,
    "grossProfitRatio": 0.4915709522,
    "researchAndDevelopmentExpenses": 0,
    "generalAndAdministrativeExpenses": 0,
    "sellingAndMarketingExpenses": 0,
    "sellingGeneralAndAdministrativeExpenses": 3128000000,
    "otherExpenses": 0,
    "operatingExpenses": 3128000000,
    "costAndExpenses": 8617000000,
    "interestIncome": 0,
    "interestExpense": 0,
    "depreciationAndAmortization": 410000000,
    "ebitda": 2589000000,
    "ebitdaratio": 0.2398110411,
    "operatingIncome": 2179000000,
    "operatingIncomeRatio": 0.2018340126,
    "totalOtherIncomeExpensesNet": -41000000,
    "incomeBeforeTax": 2138000000,
    "incomeBeforeTaxRatio": 0.1980363097,
    "incomeTaxExpense": 674000000,
    "netIncome": 1464000000,
    "netIncomeRatio": 0.1356057799,
    "eps": 0.55,
    "epsdiluted": 0.52,
    "weightedAverageShsOut": 2600000000,
    "weightedAverageShsOutDil": 2814600000,
    "link": "https://www.sec.gov/Archives/edgar/data/80424/000008042402000168/0000080424-02-000168-index.htm",
    "finalLink": "https://www.sec.gov/Archives/edgar/data/80424/000008042402000168/jas0210q.txt"
  },
  {
    "date": "2002-06-30",
    "symbol": "PG",
    "reportedCurrency": "USD",
    "cik": "0000080424",
    "fillingDate": "2002-09-12",
    "acceptedDate": "2002-09-12 17:14:59",
    "calendarYear": "2002",
    "period": "Q4",
    "revenue": 10169000000,
    "costOfRevenue": 5469000000,
    "grossProfit": 4700000000,
    "grossProfitRatio": 0.4621890058,
    "researchAndDevelopmentExpenses": 0,
    "generalAndAdministrativeExpenses": 0,
    "sellingAndMarketingExpenses": 0,
    "sellingGeneralAndAdministrativeExpenses": 3302000000,
    "otherExpenses": 0,
    "operatingExpenses": 3302000000,
    "costAndExpenses": 8771000000,
    "interestIncome": 0,
    "interestExpense": 0,
    "depreciationAndAmortization": 505000000,
    "ebitda": 1903000000,
    "ebitdaratio": 0.1871373783,
    "operatingIncome": 1398000000,
    "operatingIncomeRatio": 0.1374766447,
    "totalOtherIncomeExpensesNet": -104000000,
    "incomeBeforeTax": 1294000000,
    "incomeBeforeTaxRatio": 0.1272494837,
    "incomeTaxExpense": 384000000,
    "netIncome": 910000000,
    "netIncomeRatio": 0.0894876586,
    "eps": 0.35,
    "epsdiluted": 0.35,
    "weightedAverageShsOut": 2603636364,
    "weightedAverageShsOutDil": 2603636364,
    "link": "https://www.sec.gov/Archives/edgar/data/80424/000095015202006968/0000950152-02-006968-index.htm",
    "finalLink": "https://www.sec.gov/Archives/edgar/data/80424/000095015202006968/l96166ae10vk.htm"
  },
  {
    "date": "2002-03-31",
    "symbol": "PG",
    "reportedCurrency": "USD",
    "cik": "0000080424",
    "fillingDate": "2002-05-02",
    "acceptedDate": "2002-05-02 15:27:24",
    "calendarYear": "2002",
    "period": "Q3",
    "revenue": 9900000000,
    "costOfRevenue": 5070000000,
    "grossProfit": 4830000000,
    "grossProfitRatio": 0.4878787879,
    "researchAndDevelopmentExpenses": 0,
    "generalAndAdministrativeExpenses": 0,
    "sellingAndMarketingExpenses": 0,
    "sellingGeneralAndAdministrativeExpenses": 3176000000,
    "otherExpenses": 0,
    "operatingExpenses": 3176000000,
    "costAndExpenses": 8246000000,
    "interestIncome": 0,
    "interestExpense": 0,
    "depreciationAndAmortization": 404000000,
    "ebitda": 2058000000,
    "ebitdaratio": 0.2078787879,
    "operatingIncome": 1654000000,
    "operatingIncomeRatio": 0.1670707071,
    "totalOtherIncomeExpensesNet": -106000000,
    "incomeBeforeTax": 1548000000,
    "incomeBeforeTaxRatio": 0.1563636364,
    "incomeTaxExpense": 509000000,
    "netIncome": 1039000000,
    "netIncomeRatio": 0.1049494949,
    "eps": 0.39,
    "epsdiluted": 0.37,
    "weightedAverageShsOut": 2811400000,
    "weightedAverageShsOutDil": 2811400000,
    "link": "https://www.sec.gov/Archives/edgar/data/80424/000008042402000020/0000080424-02-000020-index.htm",
    "finalLink": "https://www.sec.gov/Archives/edgar/data/80424/000008042402000020/jfm02.txt"
  },
  {
    "date": "2001-12-31",
    "symbol": "PG",
    "reportedCurrency": "USD",
    "cik": "0000080424",
    "fillingDate": "2002-02-05",
    "acceptedDate": "2002-02-05 00:00:00",
    "calendarYear": "2002",
    "period": "Q2",
    "revenue": 10403000000,
    "costOfRevenue": 5339000000,
    "grossProfit": 5064000000,
    "grossProfitRatio": 0.4867826588,
    "researchAndDevelopmentExpenses": 0,
    "generalAndAdministrativeExpenses": 0,
    "sellingAndMarketingExpenses": 0,
    "sellingGeneralAndAdministrativeExpenses": 3200000000,
    "otherExpenses": 0,
    "operatingExpenses": 3200000000,
    "costAndExpenses": 8539000000,
    "interestIncome": 0,
    "interestExpense": 0,
    "depreciationAndAmortization": 402000000,
    "ebitda": 2266000000,
    "ebitdaratio": 0.2178217822,
    "operatingIncome": 1864000000,
    "operatingIncomeRatio": 0.179179083,
    "totalOtherIncomeExpensesNet": 50000000,
    "incomeBeforeTax": 1914000000,
    "incomeBeforeTaxRatio": 0.1839853888,
    "incomeTaxExpense": 615000000,
    "netIncome": 1299000000,
    "netIncomeRatio": 0.1248678266,
    "eps": 0.49,
    "epsdiluted": 0.47,
    "weightedAverageShsOut": 2803000000,
    "weightedAverageShsOutDil": 2803000000,
    "link": "https://www.sec.gov/Archives/edgar/data/80424/000008042402000004/0000080424-02-000004-index.htm",
    "finalLink": "https://www.sec.gov/Archives/edgar/data/80424/000008042402000004/ond02a.txt"
  },
  {
    "date": "2001-09-30",
    "symbol": "PG",
    "reportedCurrency": "USD",
    "cik": "0000080424",
    "fillingDate": "2001-10-30",
    "acceptedDate": "2001-10-30 00:00:00",
    "calendarYear": "2002",
    "period": "Q1",
    "revenue": 9766000000,
    "costOfRevenue": 5111000000,
    "grossProfit": 4655000000,
    "grossProfitRatio": 0.4766536965,
    "researchAndDevelopmentExpenses": 0,
    "generalAndAdministrativeExpenses": 0,
    "sellingAndMarketingExpenses": 0,
    "sellingGeneralAndAdministrativeExpenses": 2893000000,
    "otherExpenses": 0,
    "operatingExpenses": 2893000000,
    "costAndExpenses": 8004000000,
    "interestIncome": 0,
    "interestExpense": 0,
    "depreciationAndAmortization": 382000000,
    "ebitda": 2144000000,
    "ebitdaratio": 0.2195371698,
    "operatingIncome": 1762000000,
    "operatingIncomeRatio": 0.1804218718,
    "totalOtherIncomeExpensesNet": -135000000,
    "incomeBeforeTax": 1627000000,
    "incomeBeforeTaxRatio": 0.1665984026,
    "incomeTaxExpense": 523000000,
    "netIncome": 1104000000,
    "netIncomeRatio": 0.1130452591,
    "eps": 0.42,
    "epsdiluted": 0.4,
    "weightedAverageShsOut": 2583132530,
    "weightedAverageShsOutDil": 2801600000,
    "link": "https://www.sec.gov/Archives/edgar/data/80424/000008042401500074/0000080424-01-500074-index.htm",
    "finalLink": "https://www.sec.gov/Archives/edgar/data/80424/000008042401500074/jas02.txt"
  },
  {
    "date": "2001-06-30",
    "symbol": "PG",
    "reportedCurrency": "USD",
    "cik": "0000080424",
    "fillingDate": "2001-09-12",
    "acceptedDate": "2001-09-12 00:00:00",
    "calendarYear": "2001",
    "period": "Q4",
    "revenue": 9582000000,
    "costOfRevenue": 6203000000,
    "grossProfit": 3379000000,
    "grossProfitRatio": 0.3526403674,
    "researchAndDevelopmentExpenses": 0,
    "generalAndAdministrativeExpenses": 0,
    "sellingAndMarketingExpenses": 0,
    "sellingGeneralAndAdministrativeExpenses": 3435000000,
    "otherExpenses": 0,
    "operatingExpenses": 3435000000,
    "costAndExpenses": 9638000000,
    "interestIncome": 0,
    "interestExpense": 0,
    "depreciationAndAmortization": 838000000,
    "ebitda": 782000000,
    "ebitdaratio": 0.0816113546,
    "operatingIncome": -56000000,
    "operatingIncomeRatio": -0.0058442914,
    "totalOtherIncomeExpensesNet": -137000000,
    "incomeBeforeTax": -193000000,
    "incomeBeforeTaxRatio": -0.0201419328,
    "incomeTaxExpense": 127000000,
    "netIncome": -320000000,
    "netIncomeRatio": -0.0333959507,
    "eps": -0.12,
    "epsdiluted": -0.12,
    "weightedAverageShsOut": 2583132530,
    "weightedAverageShsOutDil": 2583132530,
    "link": "https://www.sec.gov/Archives/edgar/data/80424/000095015201504449/0000950152-01-504449-index.htm",
    "finalLink": "https://www.sec.gov/Archives/edgar/data/80424/000095015201504449/l90238ae10-k.htm"
  },
  {
    "date": "2001-03-31",
    "symbol": "PG",
    "reportedCurrency": "USD",
    "cik": "0000080424",
    "fillingDate": "2001-05-09",
    "acceptedDate": "2001-05-09 00:00:00",
    "calendarYear": "2001",
    "period": "Q3",
    "revenue": 9511000000,
    "costOfRevenue": 5175000000,
    "grossProfit": 4336000000,
    "grossProfitRatio": 0.4558931763,
    "researchAndDevelopmentExpenses": 0,
    "generalAndAdministrativeExpenses": 0,
    "sellingAndMarketingExpenses": 0,
    "sellingGeneralAndAdministrativeExpenses": 3034000000,
    "otherExpenses": 0,
    "operatingExpenses": 3034000000,
    "costAndExpenses": 8209000000,
    "interestIncome": 0,
    "interestExpense": 0,
    "depreciationAndAmortization": 457000000,
    "ebitda": 1759000000,
    "ebitdaratio": 0.1849437493,
    "operatingIncome": 1302000000,
    "operatingIncomeRatio": 0.1368941226,
    "totalOtherIncomeExpensesNet": 23000000,
    "incomeBeforeTax": 1325000000,
    "incomeBeforeTaxRatio": 0.1393123751,
    "incomeTaxExpense": 432000000,
    "netIncome": 893000000,
    "netIncomeRatio": 0.0938912838,
    "eps": 0.33,
    "epsdiluted": 0.32,
    "weightedAverageShsOut": 2596800000,
    "weightedAverageShsOutDil": 2809800000,
    "link": "https://www.sec.gov/Archives/edgar/data/80424/000008042401500008/0000080424-01-500008-index.htm",
    "finalLink": "https://www.sec.gov/Archives/edgar/data/80424/000008042401500008/bodyjfm01.txt"
  },
  {
    "date": "2000-12-31",
    "symbol": "PG",
    "reportedCurrency": "USD",
    "cik": "0000080424",
    "fillingDate": "2001-02-01",
    "acceptedDate": "2001-02-01 00:00:00",
    "calendarYear": "2001",
    "period": "Q2",
    "revenue": 10182000000,
    "costOfRevenue": 5417000000,
    "grossProfit": 4765000000,
    "grossProfitRatio": 0.4679827146,
    "researchAndDevelopmentExpenses": 0,
    "generalAndAdministrativeExpenses": 0,
    "sellingAndMarketingExpenses": 0,
    "sellingGeneralAndAdministrativeExpenses": 3054000000,
    "otherExpenses": 0,
    "operatingExpenses": 3054000000,
    "costAndExpenses": 8471000000,
    "interestIncome": 0,
    "interestExpense": 0,
    "depreciationAndAmortization": 473000000,
    "ebitda": 2184000000,
    "ebitdaratio": 0.2144961697,
    "operatingIncome": 1711000000,
    "operatingIncomeRatio": 0.1680416421,
    "totalOtherIncomeExpensesNet": 70000000,
    "incomeBeforeTax": 1781000000,
    "incomeBeforeTaxRatio": 0.1749165193,
    "incomeTaxExpense": 587000000,
    "netIncome": 1194000000,
    "netIncomeRatio": 0.1172657631,
    "eps": 0.45,
    "epsdiluted": 0.42,
    "weightedAverageShsOut": 2822000000,
    "weightedAverageShsOutDil": 2822000000,
    "link": "https://www.sec.gov/Archives/edgar/data/80424/000008042401000004/0000080424-01-000004-index.htm",
    "finalLink": "https://www.sec.gov/Archives/edgar/data/80424/000008042401000004/0000080424-01-000004-0001.txt"
  },
  {
    "date": "2000-09-30",
    "symbol": "PG",
    "reportedCurrency": "USD",
    "cik": "0000080424",
    "fillingDate": "2000-11-02",
    "acceptedDate": "2000-11-02 00:00:00",
    "calendarYear": "2001",
    "period": "Q1",
    "revenue": 9969000000,
    "costOfRevenue": 5307000000,
    "grossProfit": 4662000000,
    "grossProfitRatio": 0.4676497141,
    "researchAndDevelopmentExpenses": 0,
    "generalAndAdministrativeExpenses": 0,
    "sellingAndMarketingExpenses": 0,
    "sellingGeneralAndAdministrativeExpenses": 2883000000,
    "otherExpenses": 0,
    "operatingExpenses": 2883000000,
    "costAndExpenses": 8190000000,
    "interestIncome": 0,
    "interestExpense": 0,
    "depreciationAndAmortization": 503000000,
    "ebitda": 2282000000,
    "ebitdaratio": 0.2289096198,
    "operatingIncome": 1779000000,
    "operatingIncomeRatio": 0.1784532049,
    "totalOtherIncomeExpensesNet": -76000000,
    "incomeBeforeTax": 1703000000,
    "incomeBeforeTaxRatio": 0.1708295717,
    "incomeTaxExpense": 548000000,
    "netIncome": 1155000000,
    "netIncomeRatio": 0.1158591634,
    "eps": 0.43,
    "epsdiluted": 0.41,
    "weightedAverageShsOut": 2613953488,
    "weightedAverageShsOutDil": 2821600000,
    "link": "https://www.sec.gov/Archives/edgar/data/80424/000008042400000053/0000080424-00-000053-index.htm",
    "finalLink": "https://www.sec.gov/Archives/edgar/data/80424/000008042400000053/0000080424-00-000053-0001.txt"
  },
  {
    "date": "2000-06-30",
    "symbol": "PG",
    "reportedCurrency": "USD",
    "cik": "0000080424",
    "fillingDate": "2000-09-13",
    "acceptedDate": "2000-09-13 00:00:00",
    "calendarYear": "2000",
    "period": "Q4",
    "revenue": 9661000000,
    "costOfRevenue": 5418000000,
    "grossProfit": 4243000000,
    "grossProfitRatio": 0.4391884898,
    "researchAndDevelopmentExpenses": 0,
    "generalAndAdministrativeExpenses": 0,
    "sellingAndMarketingExpenses": 0,
    "sellingGeneralAndAdministrativeExpenses": 3298000000,
    "otherExpenses": 0,
    "operatingExpenses": 3298000000,
    "costAndExpenses": 8716000000,
    "interestIncome": 0,
    "interestExpense": 0,
    "depreciationAndAmortization": 603000000,
    "ebitda": 1548000000,
    "ebitdaratio": 0.1602318601,
    "operatingIncome": 945000000,
    "operatingIncomeRatio": 0.0978159611,
    "totalOtherIncomeExpensesNet": -60000000,
    "incomeBeforeTax": 885000000,
    "incomeBeforeTaxRatio": 0.0916054239,
    "incomeTaxExpense": 369000000,
    "netIncome": 516000000,
    "netIncomeRatio": 0.05341062,
    "eps": 0.2,
    "epsdiluted": 0.2,
    "weightedAverageShsOut": 2611734000,
    "weightedAverageShsOutDil": 2613953488,
    "link": "https://www.sec.gov/Archives/edgar/data/80424/000008042400000040/0000080424-00-000040-index.htm",
    "finalLink": "https://www.sec.gov/Archives/edgar/data/80424/000008042400000040/0000080424-00-000040-0001.txt"
  },
  {
    "date": "2000-03-31",
    "symbol": "PG",
    "reportedCurrency": "USD",
    "cik": "0000080424",
    "fillingDate": "2000-04-28",
    "acceptedDate": "2000-04-28 00:00:00",
    "calendarYear": "2000",
    "period": "Q3",
    "revenue": 9783000000,
    "costOfRevenue": 5327000000,
    "grossProfit": 4456000000,
    "grossProfitRatio": 0.4554840029,
    "researchAndDevelopmentExpenses": 0,
    "generalAndAdministrativeExpenses": 0,
    "sellingAndMarketingExpenses": 0,
    "sellingGeneralAndAdministrativeExpenses": 3136000000,
    "otherExpenses": 0,
    "operatingExpenses": 3136000000,
    "costAndExpenses": 8463000000,
    "interestIncome": 0,
    "interestExpense": 0,
    "depreciationAndAmortization": 507000000,
    "ebitda": 1827000000,
    "ebitdaratio": 0.1867525299,
    "operatingIncome": 1320000000,
    "operatingIncomeRatio": 0.1349279362,
    "totalOtherIncomeExpensesNet": -129000000,
    "incomeBeforeTax": 1191000000,
    "incomeBeforeTaxRatio": 0.121741797,
    "incomeTaxExpense": 438000000,
    "netIncome": 753000000,
    "netIncomeRatio": 0.0769702545,
    "eps": 0.28,
    "epsdiluted": 0.26,
    "weightedAverageShsOut": 2628000000,
    "weightedAverageShsOutDil": 2853400000,
    "link": "https://www.sec.gov/Archives/edgar/data/80424/000008042400000009/0000080424-00-000009-index.html",
    "finalLink": "https://www.sec.gov/Archives/edgar/data/80424/000008042400000009/0000080424-00-000009.txt"
  },
  {
    "date": "1999-12-31",
    "symbol": "PG",
    "reportedCurrency": "USD",
    "cik": "0000080424",
    "fillingDate": "2000-01-27",
    "acceptedDate": "2000-01-27 00:00:00",
    "calendarYear": "2000",
    "period": "Q2",
    "revenue": 10588000000,
    "costOfRevenue": 5563000000,
    "grossProfit": 5025000000,
    "grossProfitRatio": 0.4745938799,
    "researchAndDevelopmentExpenses": 0,
    "generalAndAdministrativeExpenses": 0,
    "sellingAndMarketingExpenses": 0,
    "sellingGeneralAndAdministrativeExpenses": 3183000000,
    "otherExpenses": 0,
    "operatingExpenses": 3183000000,
    "costAndExpenses": 8746000000,
    "interestIncome": 0,
    "interestExpense": 0,
    "depreciationAndAmortization": 563000000,
    "ebitda": 2405000000,
    "ebitdaratio": 0.2271439365,
    "operatingIncome": 1842000000,
    "operatingIncomeRatio": 0.1739705327,
    "totalOtherIncomeExpensesNet": -127000000,
    "incomeBeforeTax": 1715000000,
    "incomeBeforeTaxRatio": 0.1619758217,
    "incomeTaxExpense": 589000000,
    "netIncome": 1126000000,
    "netIncomeRatio": 0.1063468077,
    "eps": 0.42,
    "epsdiluted": 0.39,
    "weightedAverageShsOut": 2643373494,
    "weightedAverageShsOutDil": 2812820513,
    "link": "https://www.sec.gov/Archives/edgar/data/80424/000008042400000003/0000080424-00-000003-index.html",
    "finalLink": "https://www.sec.gov/Archives/edgar/data/80424/000008042400000003/0000080424-00-000003.txt"
  },
  {
    "date": "1999-09-30",
    "symbol": "PG",
    "reportedCurrency": "USD",
    "cik": "0000080424",
    "fillingDate": "1999-11-05",
    "acceptedDate": "1999-11-05 00:00:00",
    "calendarYear": "2000",
    "period": "Q1",
    "revenue": 9919000000,
    "costOfRevenue": 5206000000,
    "grossProfit": 4713000000,
    "grossProfitRatio": 0.4751487045,
    "researchAndDevelopmentExpenses": 0,
    "generalAndAdministrativeExpenses": 0,
    "sellingAndMarketingExpenses": 0,
    "sellingGeneralAndAdministrativeExpenses": 2866000000,
    "otherExpenses": 0,
    "operatingExpenses": 2866000000,
    "costAndExpenses": 8072000000,
    "interestIncome": 0,
    "interestExpense": 0,
    "depreciationAndAmortization": 518000000,
    "ebitda": 2365000000,
    "ebitdaratio": 0.2384312935,
    "operatingIncome": 1847000000,
    "operatingIncomeRatio": 0.1862082871,
    "totalOtherIncomeExpensesNet": -102000000,
    "incomeBeforeTax": 1745000000,
    "incomeBeforeTaxRatio": 0.1759249924,
    "incomeTaxExpense": 598000000,
    "netIncome": 1147000000,
    "netIncomeRatio": 0.1156366569,
    "eps": 0.43,
    "epsdiluted": 0.4,
    "weightedAverageShsOut": 2633000000,
    "weightedAverageShsOutDil": 2870400000,
    "link": "https://www.sec.gov/Archives/edgar/data/80424/000008042499000033/0000080424-99-000033-index.html",
    "finalLink": "https://www.sec.gov/Archives/edgar/data/80424/000008042499000033/0000080424-99-000033.txt"
  },
  {
    "date": "1999-06-30",
    "symbol": "PG",
    "reportedCurrency": "USD",
    "cik": "0000080424",
    "fillingDate": "1999-09-15",
    "acceptedDate": "1999-09-15 00:00:00",
    "calendarYear": "1999",
    "period": "Q4",
    "revenue": 9450000000,
    "costOfRevenue": 5705000000,
    "grossProfit": 3745000000,
    "grossProfitRatio": 0.3962962963,
    "researchAndDevelopmentExpenses": 0,
    "generalAndAdministrativeExpenses": 0,
    "sellingAndMarketingExpenses": 0,
    "sellingGeneralAndAdministrativeExpenses": 2868000000,
    "otherExpenses": 0,
    "operatingExpenses": 2868000000,
    "costAndExpenses": 8573000000,
    "interestIncome": 0,
    "interestExpense": 0,
    "depreciationAndAmortization": 892000000,
    "ebitda": 1769000000,
    "ebitdaratio": 0.1871957672,
    "operatingIncome": 877000000,
    "operatingIncomeRatio": 0.0928042328,
    "totalOtherIncomeExpensesNet": -87000000,
    "incomeBeforeTax": 790000000,
    "incomeBeforeTaxRatio": 0.0835978836,
    "incomeTaxExpense": 376000000,
    "netIncome": 414000000,
    "netIncomeRatio": 0.0438095238,
    "eps": 0.16,
    "epsdiluted": 0.16,
    "weightedAverageShsOut": 2633000000,
    "weightedAverageShsOutDil": 2633000000,
    "link": "https://www.sec.gov/Archives/edgar/data/80424/000008042499000027/0000080424-99-000027-index.html",
    "finalLink": "https://www.sec.gov/Archives/edgar/data/80424/000008042499000027/0000080424-99-000027.txt"
  },
  {
    "date": "1999-03-31",
    "symbol": "PG",
    "reportedCurrency": "USD",
    "cik": "0000080424",
    "fillingDate": "1999-04-23",
    "acceptedDate": "1999-04-23 00:00:00",
    "calendarYear": "1999",
    "period": "Q3",
    "revenue": 9231000000,
    "costOfRevenue": 4944000000,
    "grossProfit": 4287000000,
    "grossProfitRatio": 0.4644133897,
    "researchAndDevelopmentExpenses": 0,
    "generalAndAdministrativeExpenses": 0,
    "sellingAndMarketingExpenses": 0,
    "sellingGeneralAndAdministrativeExpenses": 2622000000,
    "otherExpenses": 0,
    "operatingExpenses": 2622000000,
    "costAndExpenses": 7566000000,
    "interestIncome": 0,
    "interestExpense": 0,
    "depreciationAndAmortization": 415000000,
    "ebitda": 2080000000,
    "ebitdaratio": 0.2253277001,
    "operatingIncome": 1665000000,
    "operatingIncomeRatio": 0.1803704907,
    "totalOtherIncomeExpensesNet": -115000000,
    "incomeBeforeTax": 1550000000,
    "incomeBeforeTaxRatio": 0.1679124689,
    "incomeTaxExpense": 510000000,
    "netIncome": 1040000000,
    "netIncomeRatio": 0.1126638501,
    "eps": 0.38,
    "epsdiluted": 0.36,
    "weightedAverageShsOut": 2658800000,
    "weightedAverageShsOutDil": 2896600000,
    "link": "https://www.sec.gov/Archives/edgar/data/80424/000008042499000004/0000080424-99-000004-index.html",
    "finalLink": "https://www.sec.gov/Archives/edgar/data/80424/0000080424-99-000004.txt"
  },
  {
    "date": "1998-12-31",
    "symbol": "PG",
    "reportedCurrency": "USD",
    "cik": "0000080424",
    "fillingDate": "1999-02-05",
    "acceptedDate": "1999-02-05 00:00:00",
    "calendarYear": "1999",
    "period": "Q2",
    "revenue": 9934000000,
    "costOfRevenue": 5375000000,
    "grossProfit": 4559000000,
    "grossProfitRatio": 0.4589289309,
    "researchAndDevelopmentExpenses": 0,
    "generalAndAdministrativeExpenses": 0,
    "sellingAndMarketingExpenses": 0,
    "sellingGeneralAndAdministrativeExpenses": 2722000000,
    "otherExpenses": 0,
    "operatingExpenses": 2722000000,
    "costAndExpenses": 8097000000,
    "interestIncome": 0,
    "interestExpense": 0,
    "depreciationAndAmortization": 442000000,
    "ebitda": 2279000000,
    "ebitdaratio": 0.2294141333,
    "operatingIncome": 1837000000,
    "operatingIncomeRatio": 0.1849204751,
    "totalOtherIncomeExpensesNet": -106000000,
    "incomeBeforeTax": 1731000000,
    "incomeBeforeTaxRatio": 0.1742500503,
    "incomeTaxExpense": 589000000,
    "netIncome": 1142000000,
    "netIncomeRatio": 0.1149587276,
    "eps": 0.42,
    "epsdiluted": 0.39,
    "weightedAverageShsOut": 2660200000,
    "weightedAverageShsOutDil": 2902800000,
    "link": "https://www.sec.gov/Archives/edgar/data/80424/000008042499000002/0000080424-99-000002-index.html",
    "finalLink": "https://www.sec.gov/Archives/edgar/data/80424/0000080424-99-000002.txt"
  },
  {
    "date": "1998-09-30",
    "symbol": "PG",
    "reportedCurrency": "USD",
    "cik": "0000080424",
    "fillingDate": "1998-11-05",
    "acceptedDate": "1998-11-05 00:00:00",
    "calendarYear": "1999",
    "period": "Q1",
    "revenue": 9510000000,
    "costOfRevenue": 5182000000,
    "grossProfit": 4328000000,
    "grossProfitRatio": 0.4550998948,
    "researchAndDevelopmentExpenses": 0,
    "generalAndAdministrativeExpenses": 0,
    "sellingAndMarketingExpenses": 0,
    "sellingGeneralAndAdministrativeExpenses": 2454000000,
    "otherExpenses": 0,
    "operatingExpenses": 2454000000,
    "costAndExpenses": 7636000000,
    "interestIncome": 0,
    "interestExpense": 0,
    "depreciationAndAmortization": 399000000,
    "ebitda": 2273000000,
    "ebitdaratio": 0.2390115668,
    "operatingIncome": 1874000000,
    "operatingIncomeRatio": 0.1970557308,
    "totalOtherIncomeExpensesNet": -107000000,
    "incomeBeforeTax": 1767000000,
    "incomeBeforeTaxRatio": 0.1858044164,
    "incomeTaxExpense": 600000000,
    "netIncome": 1167000000,
    "netIncomeRatio": 0.1227129338,
    "eps": 0.43,
    "epsdiluted": 0.4,
    "weightedAverageShsOut": 2664800000,
    "weightedAverageShsOutDil": 2909000000,
    "link": "https://www.sec.gov/Archives/edgar/data/80424/000008042498000043/0000080424-98-000043-index.html",
    "finalLink": "https://www.sec.gov/Archives/edgar/data/80424/0000080424-98-000043.txt"
  },
  {
    "date": "1998-06-30",
    "symbol": "PG",
    "reportedCurrency": "USD",
    "cik": "0000080424",
    "fillingDate": "1998-09-09",
    "acceptedDate": "1998-09-09 00:00:00",
    "calendarYear": "1998",
    "period": "Q4",
    "revenue": 9276000000,
    "costOfRevenue": 5306000000,
    "grossProfit": 3970000000,
    "grossProfitRatio": 0.4279862009,
    "researchAndDevelopmentExpenses": 0,
    "generalAndAdministrativeExpenses": 0,
    "sellingAndMarketingExpenses": 0,
    "sellingGeneralAndAdministrativeExpenses": 2858000000,
    "otherExpenses": 0,
    "operatingExpenses": 2858000000,
    "costAndExpenses": 8164000000,
    "interestIncome": 0,
    "interestExpense": 0,
    "depreciationAndAmortization": 425000000,
    "ebitda": 1537000000,
    "ebitdaratio": 0.1656964209,
    "operatingIncome": 1112000000,
    "operatingIncomeRatio": 0.1198792583,
    "totalOtherIncomeExpensesNet": -99000000,
    "incomeBeforeTax": 1013000000,
    "incomeBeforeTaxRatio": 0.1092065545,
    "incomeTaxExpense": 326000000,
    "netIncome": 687000000,
    "netIncomeRatio": 0.0740620957,
    "eps": 0.26,
    "epsdiluted": 0.26,
    "weightedAverageShsOut": 2664800000,
    "weightedAverageShsOutDil": 2664800000,
    "link": "https://www.sec.gov/Archives/edgar/data/80424/000008042498000039/0000080424-98-000039-index.html",
    "finalLink": "https://www.sec.gov/Archives/edgar/data/80424/0000080424-98-000039.txt"
  },
  {
    "date": "1998-03-31",
    "symbol": "PG",
    "reportedCurrency": "USD",
    "cik": "0000080424",
    "fillingDate": "1998-05-14",
    "acceptedDate": "1998-05-14 00:00:00",
    "calendarYear": "1998",
    "period": "Q3",
    "revenue": 8881000000,
    "costOfRevenue": 5228000000,
    "grossProfit": 3653000000,
    "grossProfitRatio": 0.4113275532,
    "researchAndDevelopmentExpenses": 0,
    "generalAndAdministrativeExpenses": 0,
    "sellingAndMarketingExpenses": 0,
    "sellingGeneralAndAdministrativeExpenses": 2137000000,
    "otherExpenses": 0,
    "operatingExpenses": 2137000000,
    "costAndExpenses": 7365000000,
    "interestIncome": 0,
    "interestExpense": 0,
    "depreciationAndAmortization": 399000000,
    "ebitda": 1915000000,
    "ebitdaratio": 0.2156288706,
    "operatingIncome": 1516000000,
    "operatingIncomeRatio": 0.1707014976,
    "totalOtherIncomeExpensesNet": -84000000,
    "incomeBeforeTax": 1432000000,
    "incomeBeforeTaxRatio": 0.1612431033,
    "incomeTaxExpense": 471000000,
    "netIncome": 961000000,
    "netIncomeRatio": 0.1082085351,
    "eps": 0.35,
    "epsdiluted": 0.33,
    "weightedAverageShsOut": 2689800000,
    "weightedAverageShsOutDil": 2935000000,
    "link": "https://www.sec.gov/Archives/edgar/data/80424/000008042498000024/0000080424-98-000024-index.html",
    "finalLink": "https://www.sec.gov/Archives/edgar/data/80424/0000080424-98-000024.txt"
  },
  {
    "date": "1997-12-31",
    "symbol": "PG",
    "reportedCurrency": "USD",
    "cik": "0000080424",
    "fillingDate": "1998-02-13",
    "acceptedDate": "1998-02-13 00:00:00",
    "calendarYear": "1998",
    "period": "Q2",
    "revenue": 9641000000,
    "costOfRevenue": 5322000000,
    "grossProfit": 4319000000,
    "grossProfitRatio": 0.4479825744,
    "researchAndDevelopmentExpenses": 0,
    "generalAndAdministrativeExpenses": 0,
    "sellingAndMarketingExpenses": 0,
    "sellingGeneralAndAdministrativeExpenses": 2631000000,
    "otherExpenses": 0,
    "operatingExpenses": 2631000000,
    "costAndExpenses": 7953000000,
    "interestIncome": 0,
    "interestExpense": 0,
    "depreciationAndAmortization": 386000000,
    "ebitda": 2074000000,
    "ebitdaratio": 0.2151229126,
    "operatingIncome": 1688000000,
    "operatingIncomeRatio": 0.175085572,
    "totalOtherIncomeExpensesNet": -94000000,
    "incomeBeforeTax": 1594000000,
    "incomeBeforeTaxRatio": 0.1653355461,
    "incomeTaxExpense": 548000000,
    "netIncome": 1046000000,
    "netIncomeRatio": 0.1084949694,
    "eps": 0.38,
    "epsdiluted": 0.36,
    "weightedAverageShsOut": 2692000000,
    "weightedAverageShsOutDil": 2940600000,
    "link": "https://www.sec.gov/Archives/edgar/data/80424/000008042498000008/0000080424-98-000008-index.html",
    "finalLink": "https://www.sec.gov/Archives/edgar/data/80424/0000080424-98-000008.txt"
  },
  {
    "date": "1997-09-30",
    "symbol": "PG",
    "reportedCurrency": "USD",
    "cik": "0000080424",
    "fillingDate": "1997-11-14",
    "acceptedDate": "1997-11-14 00:00:00",
    "calendarYear": "1998",
    "period": "Q1",
    "revenue": 9355000000,
    "costOfRevenue": 5208000000,
    "grossProfit": 4147000000,
    "grossProfitRatio": 0.443292357,
    "researchAndDevelopmentExpenses": 0,
    "generalAndAdministrativeExpenses": 0,
    "sellingAndMarketingExpenses": 0,
    "sellingGeneralAndAdministrativeExpenses": 2408000000,
    "otherExpenses": 0,
    "operatingExpenses": 2408000000,
    "costAndExpenses": 7616000000,
    "interestIncome": 0,
    "interestExpense": 0,
    "depreciationAndAmortization": 388000000,
    "ebitda": 2127000000,
    "ebitdaratio": 0.2273650454,
    "operatingIncome": 1739000000,
    "operatingIncomeRatio": 0.1858898985,
    "totalOtherIncomeExpensesNet": -70000000,
    "incomeBeforeTax": 1669000000,
    "incomeBeforeTaxRatio": 0.1784072688,
    "incomeTaxExpense": 582000000,
    "netIncome": 1087000000,
    "netIncomeRatio": 0.1161945484,
    "eps": 0.4,
    "epsdiluted": 0.37,
    "weightedAverageShsOut": 2696600000,
    "weightedAverageShsOutDil": 2947800000,
    "link": "https://www.sec.gov/Archives/edgar/data/80424/000008042497000075/0000080424-97-000075-index.html",
    "finalLink": "https://www.sec.gov/Archives/edgar/data/80424/0000080424-97-000075.txt"
  },
  {
    "date": "1997-06-30",
    "symbol": "PG",
    "reportedCurrency": "USD",
    "cik": "0000080424",
    "fillingDate": "1997-09-10",
    "acceptedDate": "1997-09-10 00:00:00",
    "calendarYear": "1997",
    "period": "Q4",
    "revenue": 8948000000,
    "costOfRevenue": 5328000000,
    "grossProfit": 3620000000,
    "grossProfitRatio": 0.4045596781,
    "researchAndDevelopmentExpenses": 0,
    "generalAndAdministrativeExpenses": 0,
    "sellingAndMarketingExpenses": 0,
    "sellingGeneralAndAdministrativeExpenses": 2583000000,
    "otherExpenses": 0,
    "operatingExpenses": 2583000000,
    "costAndExpenses": 7911000000,
    "interestIncome": 0,
    "interestExpense": 0,
    "depreciationAndAmortization": 475000000,
    "ebitda": 1512000000,
    "ebitdaratio": 0.1689763076,
    "operatingIncome": 1037000000,
    "operatingIncomeRatio": 0.1158918194,
    "totalOtherIncomeExpensesNet": -41000000,
    "incomeBeforeTax": 996000000,
    "incomeBeforeTaxRatio": 0.1113097899,
    "incomeTaxExpense": 385000000,
    "netIncome": 611000000,
    "netIncomeRatio": 0.0682834153,
    "eps": 0.23,
    "epsdiluted": 0.23,
    "weightedAverageShsOut": 2696600000,
    "weightedAverageShsOutDil": 2696600000,
    "link": "https://www.sec.gov/Archives/edgar/data/80424/000008042497000062/0000080424-97-000062-index.html",
    "finalLink": "https://www.sec.gov/Archives/edgar/data/80424/0000080424-97-000062.txt"
  },
  {
    "date": "1997-03-31",
    "symbol": "PG",
    "reportedCurrency": "USD",
    "cik": "0000080424",
    "fillingDate": "1997-05-09",
    "acceptedDate": "1997-05-09 00:00:00",
    "calendarYear": "1997",
    "period": "Q3",
    "revenue": 8771000000,
    "costOfRevenue": 4918000000,
    "grossProfit": 3853000000,
    "grossProfitRatio": 0.4392885646,
    "researchAndDevelopmentExpenses": 0,
    "generalAndAdministrativeExpenses": 0,
    "sellingAndMarketingExpenses": 0,
    "sellingGeneralAndAdministrativeExpenses": 2470000000,
    "otherExpenses": 0,
    "operatingExpenses": 2470000000,
    "costAndExpenses": 7388000000,
    "interestIncome": 0,
    "interestExpense": 0,
    "depreciationAndAmortization": 345000000,
    "ebitda": 1728000000,
    "ebitdaratio": 0.1970128834,
    "operatingIncome": 1383000000,
    "operatingIncomeRatio": 0.1576787139,
    "totalOtherIncomeExpensesNet": -53000000,
    "incomeBeforeTax": 1330000000,
    "incomeBeforeTaxRatio": 0.1516360734,
    "incomeTaxExpense": 449000000,
    "netIncome": 881000000,
    "netIncomeRatio": 0.1004446471,
    "eps": 0.32,
    "epsdiluted": 0.3,
    "weightedAverageShsOut": 2725600000,
    "weightedAverageShsOutDil": 2972000000,
    "link": "https://www.sec.gov/Archives/edgar/data/80424/000008042497000023/0000080424-97-000023-index.html",
    "finalLink": "https://www.sec.gov/Archives/edgar/data/80424/0000080424-97-000023.txt"
  },
  {
    "date": "1996-12-31",
    "symbol": "PG",
    "reportedCurrency": "USD",
    "cik": "0000080424",
    "fillingDate": "1997-02-11",
    "acceptedDate": "1997-02-11 00:00:00",
    "calendarYear": "1997",
    "period": "Q2",
    "revenue": 9142000000,
    "costOfRevenue": 5095000000,
    "grossProfit": 4047000000,
    "grossProfitRatio": 0.4426821264,
    "researchAndDevelopmentExpenses": 0,
    "generalAndAdministrativeExpenses": 0,
    "sellingAndMarketingExpenses": 0,
    "sellingGeneralAndAdministrativeExpenses": 2526000000,
    "otherExpenses": 0,
    "operatingExpenses": 2526000000,
    "costAndExpenses": 7621000000,
    "interestIncome": 0,
    "interestExpense": 0,
    "depreciationAndAmortization": 338000000,
    "ebitda": 1859000000,
    "ebitdaratio": 0.2033471888,
    "operatingIncome": 1521000000,
    "operatingIncomeRatio": 0.1663749727,
    "totalOtherIncomeExpensesNet": -89000000,
    "incomeBeforeTax": 1432000000,
    "incomeBeforeTaxRatio": 0.156639685,
    "incomeTaxExpense": 488000000,
    "netIncome": 944000000,
    "netIncomeRatio": 0.1032596806,
    "eps": 0.34,
    "epsdiluted": 0.32,
    "weightedAverageShsOut": 2728800000,
    "weightedAverageShsOutDil": 2977200000,
    "link": "https://www.sec.gov/Archives/edgar/data/80424/000008042497000006/0000080424-97-000006-index.html",
    "finalLink": "https://www.sec.gov/Archives/edgar/data/80424/0000080424-97-000006.txt"
  },
  {
    "date": "1996-09-30",
    "symbol": "PG",
    "reportedCurrency": "USD",
    "cik": "0000080424",
    "fillingDate": "1996-11-13",
    "acceptedDate": "1996-11-13 00:00:00",
    "calendarYear": "1997",
    "period": "Q1",
    "revenue": 8903000000,
    "costOfRevenue": 5002000000,
    "grossProfit": 3901000000,
    "grossProfitRatio": 0.43816691,
    "researchAndDevelopmentExpenses": 0,
    "generalAndAdministrativeExpenses": 0,
    "sellingAndMarketingExpenses": 0,
    "sellingGeneralAndAdministrativeExpenses": 2354000000,
    "otherExpenses": 0,
    "operatingExpenses": 2354000000,
    "costAndExpenses": 7356000000,
    "interestIncome": 0,
    "interestExpense": 0,
    "depreciationAndAmortization": 329000000,
    "ebitda": 1876000000,
    "ebitdaratio": 0.2107154892,
    "operatingIncome": 1547000000,
    "operatingIncomeRatio": 0.1737616534,
    "totalOtherIncomeExpensesNet": -56000000,
    "incomeBeforeTax": 1491000000,
    "incomeBeforeTaxRatio": 0.1674716388,
    "incomeTaxExpense": 512000000,
    "netIncome": 979000000,
    "netIncomeRatio": 0.1099629338,
    "eps": 0.35,
    "epsdiluted": 0.33,
    "weightedAverageShsOut": 2735200000,
    "weightedAverageShsOutDil": 2981200000,
    "link": "https://www.sec.gov/Archives/edgar/data/80424/000008042496000043/0000080424-96-000043-index.html",
    "finalLink": "https://www.sec.gov/Archives/edgar/data/80424/0000080424-96-000043.txt"
  },
  {
    "date": "1996-06-30",
    "symbol": "PG",
    "reportedCurrency": "USD",
    "cik": "0000080424",
    "fillingDate": "1996-09-11",
    "acceptedDate": "1996-09-11 00:00:00",
    "calendarYear": "1996",
    "period": "Q4",
    "revenue": 8580000000,
    "costOfRevenue": 5260000000,
    "grossProfit": 3320000000,
    "grossProfitRatio": 0.3869463869,
    "researchAndDevelopmentExpenses": 0,
    "generalAndAdministrativeExpenses": 0,
    "sellingAndMarketingExpenses": 0,
    "sellingGeneralAndAdministrativeExpenses": 2485000000,
    "otherExpenses": 0,
    "operatingExpenses": 2485000000,
    "costAndExpenses": 7745000000,
    "interestIncome": 0,
    "interestExpense": 0,
    "depreciationAndAmortization": 383000000,
    "ebitda": 1218000000,
    "ebitdaratio": 0.141958042,
    "operatingIncome": 835000000,
    "operatingIncomeRatio": 0.0973193473,
    "totalOtherIncomeExpensesNet": 32000000,
    "incomeBeforeTax": 867000000,
    "incomeBeforeTaxRatio": 0.101048951,
    "incomeTaxExpense": 313000000,
    "netIncome": 554000000,
    "netIncomeRatio": 0.0645687646,
    "eps": 0.2,
    "epsdiluted": 0.2,
    "weightedAverageShsOut": 2735200000,
    "weightedAverageShsOutDil": 2735200000,
    "link": "https://www.sec.gov/Archives/edgar/data/80424/000008042496000017/0000080424-96-000017-index.html",
    "finalLink": "https://www.sec.gov/Archives/edgar/data/80424/0000080424-96-000017.txt"
  },
  {
    "date": "1996-03-31",
    "symbol": "PG",
    "reportedCurrency": "USD",
    "cik": "0000080424",
    "fillingDate": "1996-05-10",
    "acceptedDate": "1996-05-10 00:00:00",
    "calendarYear": "1996",
    "period": "Q3",
    "revenue": 8587000000,
    "costOfRevenue": 5026000000,
    "grossProfit": 3561000000,
    "grossProfitRatio": 0.4146966344,
    "researchAndDevelopmentExpenses": 0,
    "generalAndAdministrativeExpenses": 0,
    "sellingAndMarketingExpenses": 0,
    "sellingGeneralAndAdministrativeExpenses": 2368000000,
    "otherExpenses": 0,
    "operatingExpenses": 2368000000,
    "costAndExpenses": 7394000000,
    "interestIncome": 0,
    "interestExpense": 0,
    "depreciationAndAmortization": 324000000,
    "ebitda": 1517000000,
    "ebitdaratio": 0.1766623966,
    "operatingIncome": 1193000000,
    "operatingIncomeRatio": 0.1389309421,
    "totalOtherIncomeExpensesNet": -46000000,
    "incomeBeforeTax": 1147000000,
    "incomeBeforeTaxRatio": 0.1335740072,
    "incomeTaxExpense": 387000000,
    "netIncome": 760000000,
    "netIncomeRatio": 0.088505881,
    "eps": 0.27,
    "epsdiluted": 0.26,
    "weightedAverageShsOut": 2746000000,
    "weightedAverageShsOutDil": 2988800000,
    "link": "https://www.sec.gov/Archives/edgar/data/80424/000008042496000006/0000080424-96-000006-index.html",
    "finalLink": "https://www.sec.gov/Archives/edgar/data/80424/0000080424-96-000006.txt"
  },
  {
    "date": "1995-12-31",
    "symbol": "PG",
    "reportedCurrency": "USD",
    "cik": "0000080424",
    "fillingDate": "1996-02-13",
    "acceptedDate": "1996-02-13 00:00:00",
    "calendarYear": "1996",
    "period": "Q2",
    "revenue": 9090000000,
    "costOfRevenue": 5265000000,
    "grossProfit": 3825000000,
    "grossProfitRatio": 0.4207920792,
    "researchAndDevelopmentExpenses": 0,
    "generalAndAdministrativeExpenses": 0,
    "sellingAndMarketingExpenses": 0,
    "sellingGeneralAndAdministrativeExpenses": 2473000000,
    "otherExpenses": 0,
    "operatingExpenses": 2473000000,
    "costAndExpenses": 7738000000,
    "interestIncome": 0,
    "interestExpense": 0,
    "depreciationAndAmortization": 328000000,
    "ebitda": 1680000000,
    "ebitdaratio": 0.1848184818,
    "operatingIncome": 1352000000,
    "operatingIncomeRatio": 0.1487348735,
    "totalOtherIncomeExpensesNet": -71000000,
    "incomeBeforeTax": 1281000000,
    "incomeBeforeTaxRatio": 0.1409240924,
    "incomeTaxExpense": 445000000,
    "netIncome": 836000000,
    "netIncomeRatio": 0.0919691969,
    "eps": 0.3,
    "epsdiluted": 0.28,
    "weightedAverageShsOut": 2746000000,
    "weightedAverageShsOutDil": 2992000000,
    "link": "https://www.sec.gov/Archives/edgar/data/80424/000008042496000003/0000080424-96-000003-index.html",
    "finalLink": "https://www.sec.gov/Archives/edgar/data/80424/0000080424-96-000003.txt"
  },
  {
    "date": "1995-09-30",
    "symbol": "PG",
    "reportedCurrency": "USD",
    "cik": "0000080424",
    "fillingDate": "1995-11-13",
    "acceptedDate": "1995-11-13 00:00:00",
    "calendarYear": "1996",
    "period": "Q1",
    "revenue": 9027000000,
    "costOfRevenue": 5211000000,
    "grossProfit": 3816000000,
    "grossProfitRatio": 0.4227318046,
    "researchAndDevelopmentExpenses": 0,
    "generalAndAdministrativeExpenses": 0,
    "sellingAndMarketingExpenses": 0,
    "sellingGeneralAndAdministrativeExpenses": 2381000000,
    "otherExpenses": 0,
    "operatingExpenses": 2381000000,
    "costAndExpenses": 7592000000,
    "interestIncome": 0,
    "interestExpense": 0,
    "depreciationAndAmortization": 323000000,
    "ebitda": 1758000000,
    "ebitdaratio": 0.1947490861,
    "operatingIncome": 1435000000,
    "operatingIncomeRatio": 0.1589675418,
    "totalOtherIncomeExpensesNet": -61000000,
    "incomeBeforeTax": 1374000000,
    "incomeBeforeTaxRatio": 0.1522100366,
    "incomeTaxExpense": 478000000,
    "netIncome": 896000000,
    "netIncomeRatio": 0.0992577822,
    "eps": 0.32,
    "epsdiluted": 0.3,
    "weightedAverageShsOut": 2746400000,
    "weightedAverageShsOutDil": 2992000000,
    "link": "https://www.sec.gov/Archives/edgar/data/80424/000008042495000029/0000080424-95-000029-index.html",
    "finalLink": "https://www.sec.gov/Archives/edgar/data/80424/0000080424-95-000029.txt"
  }
]