[
  {
    "date": "2025-06-30",
    "symbol": "PG",
    "reportedCurrency": "USD",
    "cik": "0000080424",
    "fillingDate": "2025-08-04",
    "acceptedDate": "2025-08-04 16:20:16",
    "calendarYear": "2025",
    "period": "FY",
    "revenue": 84284000000,
    "costOfRevenue": 41164000000,
    "grossProfit": 43120000000,
    "grossProfitRatio": 0.5116036258,
    "researchAndDevelopmentExpenses": 0,
    "generalAndAdministrativeExpenses": 0,
    "sellingAndMarketingExpenses": 0,
    "sellingGeneralAndAdministrativeExpenses": 22669000000,
    "otherExpenses": 0,
    "operatingExpenses": 22669000000,
    "costAndExpenses": 63833000000,
    "interestIncome": 469000000,
    "interestExpense": 907000000,
    "depreciationAndAmortization": 2847000000,
    "ebitda": 23921000000,
    "ebitdaratio": 0.2838142471,
    "operatingIncome": 20451000000,
    "operatingIncomeRatio": 0.2426439182,
    "totalOtherIncomeExpensesNet": -284000000,
    "incomeBeforeTax": 20167000000,
    "incomeBeforeTaxRatio": 0.2392743581,
    "incomeTaxExpense": 4102000000,
    "netIncome": 15974000000,
    "netIncomeRatio": 0.1895258887,
    "eps": 6.67,
    "epsdiluted": 6.51,
    "weightedAverageShsOut": 2454400000,
    "weightedAverageShsOutDil": 2454400000,
    "link": "https://www.sec.gov/Archives/edgar/data/80424/000008042425000076/0000080424-25-000076-index.htm",
    "finalLink": "https://www.sec.gov/Archives/edgar/data/80424/000008042425000076/pg-20250630.htm"
  },
  {
    "date": "2024-06-30",
    "symbol": "PG",
    "reportedCurrency": "USD",
    "cik": "0000080424",
    "fillingDate": "2024-08-05",
    "acceptedDate": "2024-08-05 16:16:53",
    "calendarYear": "2024",
    "period": "FY",
    "revenue": 84039000000,
    "costOfRevenue": 40848000000,
    "grossProfit": 43191000000,
    "grossProfitRatio": 0.5139399564,
    "researchAndDevelopmentExpenses": 0,
    "generalAndAdministrativeExpenses": 0,
    "sellingAndMarketingExpenses": 0,
    "sellingGeneralAndAdministrativeExpenses": 23305000000,
    "otherExpenses": 1341000000,
    "operatingExpenses": 24646000000,
    "costAndExpenses": 65494000000,
    "interestIncome": 473000000,
    "interestExpense": 925000000,
    "depreciationAndAmortization": 2896000000,
    "ebitda": 22582000000,
    "ebitdaratio": 0.2687085758,
    "operatingIncome": 18545000000,
    "operatingIncomeRatio": 0.220671355,
    "totalOtherIncomeExpensesNet": 216000000,
    "incomeBeforeTax": 18761000000,
    "incomeBeforeTaxRatio": 0.2232415902,
    "incomeTaxExpense": 3787000000,
    "netIncome": 14879000000,
    "netIncomeRatio": 0.1770487512,
    "eps": 6.18,
    "epsdiluted": 6.02,
    "weightedAverageShsOut": 2360100000,
    "weightedAverageShsOutDil": 2471900000,
    "link": "https://www.sec.gov/Archives/edgar/data/80424/000008042424000083/0000080424-24-000083-index.htm",
    "finalLink": "https://www.sec.gov/Archives/edgar/data/80424/000008042424000083/pg-20240630.htm"
  },
  {
    "date": "2023-06-30",
    "symbol": "PG",
    "reportedCurrency": "USD",
    "cik": "0000080424",
    "fillingDate": "2023-08-04",
    "acceptedDate": "2023-08-04 16:16:13",
    "calendarYear": "2023",
    "period": "FY",
    "revenue": 82006000000,
    "costOfRevenue": 42760000000,
    "grossProfit": 39246000000,
    "grossProfitRatio": 0.4785747384,
    "researchAndDevelopmentExpenses": 0,
    "generalAndAdministrativeExpenses": 0,
    "sellingAndMarketingExpenses": 0,
    "sellingGeneralAndAdministrativeExpenses": 21112000000,
    "otherExpenses": 0,
    "operatingExpenses": 21112000000,
    "costAndExpenses": 63872000000,
    "interestIncome": 307000000,
    "interestExpense": 756000000,
    "depreciationAndAmortization": 2714000000,
    "ebitda": 21771000000,
    "ebitdaratio": 0.2654805746,
    "operatingIncome": 18134000000,
    "operatingIncomeRatio": 0.2211301612,
    "totalOtherIncomeExpensesNet": 219000000,
    "incomeBeforeTax": 18353000000,
    "incomeBeforeTaxRatio": 0.2238006975,
    "incomeTaxExpense": 3615000000,
    "netIncome": 14653000000,
    "netIncomeRatio": 0.1786820477,
    "eps": 6.07,
    "epsdiluted": 5.9,
    "weightedAverageShsOut": 2368200000,
    "weightedAverageShsOutDil": 2483900000,
    "link": "https://www.sec.gov/Archives/edgar/data/80424/000008042423000073/0000080424-23-000073-index.htm",
    "finalLink": "https://www.sec.gov/Archives/edgar/data/80424/000008042423000073/pg-20230630.htm"
  },
  {
    "date": "2022-06-30",
    "symbol": "PG",
    "reportedCurrency": "USD",
    "cik": "0000080424",
    "fillingDate": "2022-08-05",
    "acceptedDate": "2022-08-05 16:21:50",
    "calendarYear": "2022",
    "period": "FY",
    "revenue": 80187000000,
    "costOfRevenue": 42157000000,
    "grossProfit": 38030000000,
    "grossProfitRatio": 0.4742664023,
    "researchAndDevelopmentExpenses": 0,
    "generalAndAdministrativeExpenses": 0,
    "sellingAndMarketingExpenses": 0,
    "sellingGeneralAndAdministrativeExpenses": 20217000000,
    "otherExpenses": 0,
    "operatingExpenses": 20217000000,
    "costAndExpenses": 62374000000,
    "interestIncome": 51000000,
    "interestExpense": 439000000,
    "depreciationAndAmortization": 2807000000,
    "ebitda": 21241000000,
    "ebitdaratio": 0.2648933119,
    "operatingIncome": 17813000000,
    "operatingIncomeRatio": 0.2221432402,
    "totalOtherIncomeExpensesNet": 182000000,
    "incomeBeforeTax": 17995000000,
    "incomeBeforeTaxRatio": 0.2244129348,
    "incomeTaxExpense": 3202000000,
    "netIncome": 14742000000,
    "netIncomeRatio": 0.1838452617,
    "eps": 6,
    "epsdiluted": 5.81,
    "weightedAverageShsOut": 2457000000,
    "weightedAverageShsOutDil": 2539100000,
    "link": "https://www.sec.gov/Archives/edgar/data/80424/000008042422000064/0000080424-22-000064-index.htm",
    "finalLink": "https://www.sec.gov/Archives/edgar/data/80424/000008042422000064/pg-20220630.htm"
  },
  {
    "date": "2021-06-30",
    "symbol": "PG",
    "reportedCurrency": "USD",
    "cik": "0000080424",
    "fillingDate": "2021-08-06",
    "acceptedDate": "2021-08-06 16:19:59",
    "calendarYear": "2021",
    "period": "FY",
    "revenue": 76118000000,
    "costOfRevenue": 37108000000,
    "grossProfit": 39010000000,
    "grossProfitRatio": 0.5124937597,
    "researchAndDevelopmentExpenses": 0,
    "generalAndAdministrativeExpenses": 0,
    "sellingAndMarketingExpenses": 0,
    "sellingGeneralAndAdministrativeExpenses": 21024000000,
    "otherExpenses": 0,
    "operatingExpenses": 21024000000,
    "costAndExpenses": 58132000000,
    "interestIncome": 45000000,
    "interestExpense": 502000000,
    "depreciationAndAmortization": 2735000000,
    "ebitda": 20852000000,
    "ebitdaratio": 0.2739430884,
    "operatingIncome": 17986000000,
    "operatingIncomeRatio": 0.2362910218,
    "totalOtherIncomeExpensesNet": -371000000,
    "incomeBeforeTax": 17615000000,
    "incomeBeforeTaxRatio": 0.2314170104,
    "incomeTaxExpense": 3263000000,
    "netIncome": 14306000000,
    "netIncomeRatio": 0.1879450327,
    "eps": 5.69,
    "epsdiluted": 5.5,
    "weightedAverageShsOut": 2514235501,
    "weightedAverageShsOutDil": 2601000000,
    "link": "https://www.sec.gov/Archives/edgar/data/80424/000008042421000100/0000080424-21-000100-index.htm",
    "finalLink": "https://www.sec.gov/Archives/edgar/data/80424/000008042421000100/pg-20210630.htm"
  },
  {
    "date": "2020-06-30",
    "symbol": "PG",
    "reportedCurrency": "USD",
    "cik": "0000080424",
    "fillingDate": "2020-08-06",
    "acceptedDate": "2020-08-06 16:17:03",
    "calendarYear": "2020",
    "period": "FY",
    "revenue": 70950000000,
    "costOfRevenue": 35250000000,
    "grossProfit": 35700000000,
    "grossProfitRatio": 0.5031712474,
    "researchAndDevelopmentExpenses": 0,
    "generalAndAdministrativeExpenses": 12297000000,
    "sellingAndMarketingExpenses": 7697000000,
    "sellingGeneralAndAdministrativeExpenses": 19994000000,
    "otherExpenses": 0,
    "operatingExpenses": 19994000000,
    "costAndExpenses": 55244000000,
    "interestIncome": 155000000,
    "interestExpense": 465000000,
    "depreciationAndAmortization": 3013000000,
    "ebitda": 19312000000,
    "ebitdaratio": 0.2721916843,
    "operatingIncome": 15706000000,
    "operatingIncomeRatio": 0.22136716,
    "totalOtherIncomeExpensesNet": 128000000,
    "incomeBeforeTax": 15834000000,
    "incomeBeforeTaxRatio": 0.2231712474,
    "incomeTaxExpense": 2731000000,
    "netIncome": 13027000000,
    "netIncomeRatio": 0.1836081748,
    "eps": 5.13,
    "epsdiluted": 4.96,
    "weightedAverageShsOut": 2539376218,
    "weightedAverageShsOutDil": 2625800000,
    "link": "https://www.sec.gov/Archives/edgar/data/80424/000008042420000053/0000080424-20-000053-index.htm",
    "finalLink": "https://www.sec.gov/Archives/edgar/data/80424/000008042420000053/pg-20200630.htm"
  },
  {
    "date": "2019-06-30",
    "symbol": "PG",
    "reportedCurrency": "USD",
    "cik": "0000080424",
    "fillingDate": "2019-08-06",
    "acceptedDate": "2019-08-06 16:26:04",
    "calendarYear": "2019",
    "period": "FY",
    "revenue": 67684000000,
    "costOfRevenue": 34768000000,
    "grossProfit": 32916000000,
    "grossProfitRatio": 0.4863187755,
    "researchAndDevelopmentExpenses": 1900000000,
    "generalAndAdministrativeExpenses": 11909000000,
    "sellingAndMarketingExpenses": 6800000000,
    "sellingGeneralAndAdministrativeExpenses": 18709000000,
    "otherExpenses": 6820000000,
    "operatingExpenses": 27429000000,
    "costAndExpenses": 62197000000,
    "interestIncome": 220000000,
    "interestExpense": 509000000,
    "depreciationAndAmortization": 2824000000,
    "ebitda": 9402000000,
    "ebitdaratio": 0.1389102299,
    "operatingIncome": 5487000000,
    "operatingIncomeRatio": 0.0810679038,
    "totalOtherIncomeExpensesNet": 582000000,
    "incomeBeforeTax": 6069000000,
    "incomeBeforeTaxRatio": 0.0896666864,
    "incomeTaxExpense": 2103000000,
    "netIncome": 3897000000,
    "netIncomeRatio": 0.0575763844,
    "eps": 1.45,
    "epsdiluted": 1.43,
    "weightedAverageShsOut": 2503600000,
    "weightedAverageShsOutDil": 2539500000,
    "link": "https://www.sec.gov/Archives/edgar/data/80424/000008042419000050/0000080424-19-000050-index.htm",
    "finalLink": "https://www.sec.gov/Archives/edgar/data/80424/000008042419000050/fy181910-kreport.htm"
  },
  {
    "date": "2018-06-30",
    "symbol": "PG",
    "reportedCurrency": "USD",
    "cik": "0000080424",
    "fillingDate": "2018-08-07",
    "acceptedDate": "2018-08-07 16:19:22",
    "calendarYear": "2018",
    "period": "FY",
    "revenue": 66832000000,
    "costOfRevenue": 34432000000,
    "grossProfit": 32400000000,
    "grossProfitRatio": 0.4847977017,
    "researchAndDevelopmentExpenses": 0,
    "generalAndAdministrativeExpenses": 11608000000,
    "sellingAndMarketingExpenses": 7103000000,
    "sellingGeneralAndAdministrativeExpenses": 18711000000,
    "otherExpenses": 0,
    "operatingExpenses": 19037000000,
    "costAndExpenses": 53469000000,
    "interestIncome": 247000000,
    "interestExpense": 506000000,
    "depreciationAndAmortization": 2834000000,
    "ebitda": 16666000000,
    "ebitdaratio": 0.2493715585,
    "operatingIncome": 13363000000,
    "operatingIncomeRatio": 0.1999491262,
    "totalOtherIncomeExpensesNet": -37000000,
    "incomeBeforeTax": 13326000000,
    "incomeBeforeTaxRatio": 0.1993954992,
    "incomeTaxExpense": 3465000000,
    "netIncome": 9750000000,
    "netIncomeRatio": 0.1458881973,
    "eps": 3.75,
    "epsdiluted": 3.67,
    "weightedAverageShsOut": 2529300000,
    "weightedAverageShsOutDil": 2656700000,
    "link": "https://www.sec.gov/Archives/edgar/data/80424/000008042418000055/0000080424-18-000055-index.htm",
    "finalLink": "https://www.sec.gov/Archives/edgar/data/80424/000008042418000055/fy171810-kreport.htm"
  },
  {
    "date": "2017-06-30",
    "symbol": "PG",
    "reportedCurrency": "USD",
    "cik": "0000080424",
    "fillingDate": "2017-08-07",
    "acceptedDate": "2017-08-07 16:05:16",
    "calendarYear": "2017",
    "period": "FY",
    "revenue": 65058000000,
    "costOfRevenue": 32638000000,
    "grossProfit": 32420000000,
    "grossProfitRatio": 0.4983245719,
    "researchAndDevelopmentExpenses": 0,
    "generalAndAdministrativeExpenses": 11536000000,
    "sellingAndMarketingExpenses": 7118000000,
    "sellingGeneralAndAdministrativeExpenses": 18654000000,
    "otherExpenses": 0,
    "operatingExpenses": 18654000000,
    "costAndExpenses": 51292000000,
    "interestIncome": 171000000,
    "interestExpense": 465000000,
    "depreciationAndAmortization": 2820000000,
    "ebitda": 16542000000,
    "ebitdaratio": 0.2542654247,
    "operatingIncome": 13766000000,
    "operatingIncomeRatio": 0.2115958068,
    "totalOtherIncomeExpensesNet": -509000000,
    "incomeBeforeTax": 13257000000,
    "incomeBeforeTaxRatio": 0.2037720188,
    "incomeTaxExpense": 3063000000,
    "netIncome": 15326000000,
    "netIncomeRatio": 0.2355744105,
    "eps": 5.8,
    "epsdiluted": 5.59,
    "weightedAverageShsOut": 2598100000,
    "weightedAverageShsOutDil": 2740400000,
    "link": "https://www.sec.gov/Archives/edgar/data/80424/000008042417000047/0000080424-17-000047-index.htm",
    "finalLink": "https://www.sec.gov/Archives/edgar/data/80424/000008042417000047/fy161710-kreport.htm"
  },
  {
    "date": "2016-06-30",
    "symbol": "PG",
    "reportedCurrency": "USD",
    "cik": "0000080424",
    "fillingDate": "2016-08-09",
    "acceptedDate": "2016-08-09 16:03:15",
    "calendarYear": "2016",
    "period": "FY",
    "revenue": 65299000000,
    "costOfRevenue": 32909000000,
    "grossProfit": 32390000000,
    "grossProfitRatio": 0.4960259728,
    "researchAndDevelopmentExpenses": 0,
    "generalAndAdministrativeExpenses": 11693000000,
    "sellingAndMarketingExpenses": 7243000000,
    "sellingGeneralAndAdministrativeExpenses": 18949000000,
    "otherExpenses": 0,
    "operatingExpenses": 18949000000,
    "costAndExpenses": 51858000000,
    "interestIncome": 182000000,
    "interestExpense": 579000000,
    "depreciationAndAmortization": 3078000000,
    "ebitda": 16921000000,
    "ebitdaratio": 0.259131074,
    "operatingIncome": 13441000000,
    "operatingIncomeRatio": 0.2058377617,
    "totalOtherIncomeExpensesNet": -72000000,
    "incomeBeforeTax": 13369000000,
    "incomeBeforeTaxRatio": 0.2047351414,
    "incomeTaxExpense": 3342000000,
    "netIncome": 10508000000,
    "netIncomeRatio": 0.1609213005,
    "eps": 3.8,
    "epsdiluted": 3.69,
    "weightedAverageShsOut": 2765263158,
    "weightedAverageShsOutDil": 2844400000,
    "link": "https://www.sec.gov/Archives/edgar/data/80424/000008042416000212/0000080424-16-000212-index.htm",
    "finalLink": "https://www.sec.gov/Archives/edgar/data/80424/000008042416000212/fy151610-kreport.htm"
  },
  {
    "date": "2015-06-30",
    "symbol": "PG",
    "reportedCurrency": "USD",
    "cik": "0000080424",
    "fillingDate": "2015-08-07",
    "acceptedDate": "2015-08-07 16:02:16",
    "calendarYear": "2015",
    "period": "FY",
    "revenue": 70749000000,
    "costOfRevenue": 37056000000,
    "grossProfit": 33693000000,
    "grossProfitRatio": 0.4762328796,
    "researchAndDevelopmentExpenses": 1991000000,
    "generalAndAdministrativeExpenses": 13436000000,
    "sellingAndMarketingExpenses": 7180000000,
    "sellingGeneralAndAdministrativeExpenses": 20616000000,
    "otherExpenses": 37000000,
    "operatingExpenses": 22644000000,
    "costAndExpenses": 59700000000,
    "interestIncome": 149000000,
    "interestExpense": 626000000,
    "depreciationAndAmortization": 3134000000,
    "ebitda": 14652000000,
    "ebitdaratio": 0.2070983335,
    "operatingIncome": 11049000000,
    "operatingIncomeRatio": 0.1561718187,
    "totalOtherIncomeExpensesNet": -37000000,
    "incomeBeforeTax": 11012000000,
    "incomeBeforeTaxRatio": 0.1556488431,
    "incomeTaxExpense": 2725000000,
    "netIncome": 7036000000,
    "netIncomeRatio": 0.0994501689,
    "eps": 2.5,
    "epsdiluted": 2.44,
    "weightedAverageShsOut": 2814400000,
    "weightedAverageShsOutDil": 2883600000,
    "link": "https://www.sec.gov/Archives/edgar/data/80424/000008042415000070/0000080424-15-000070-index.htm",
    "finalLink": "https://www.sec.gov/Archives/edgar/data/80424/000008042415000070/fy141510-kreport.htm"
  },
  {
    "date": "2014-06-30",
    "symbol": "PG",
    "reportedCurrency": "USD",
    "cik": "0000080424",
    "fillingDate": "2014-08-08",
    "acceptedDate": "2014-08-08 16:03:07",
    "calendarYear": "2014",
    "period": "FY",
    "revenue": 74401000000,
    "costOfRevenue": 39030000000,
    "grossProfit": 35371000000,
    "grossProfitRatio": 0.4754102767,
    "researchAndDevelopmentExpenses": 0,
    "generalAndAdministrativeExpenses": 13594000000,
    "sellingAndMarketingExpenses": 7867000000,
    "sellingGeneralAndAdministrativeExpenses": 21461000000,
    "otherExpenses": 0,
    "operatingExpenses": 21461000000,
    "costAndExpenses": 60491000000,
    "interestIncome": 99000000,
    "interestExpense": 709000000,
    "depreciationAndAmortization": 3141000000,
    "ebitda": 17359000000,
    "ebitdaratio": 0.2333167565,
    "operatingIncome": 13910000000,
    "operatingIncomeRatio": 0.1869598527,
    "totalOtherIncomeExpensesNet": -401000000,
    "incomeBeforeTax": 13509000000,
    "incomeBeforeTaxRatio": 0.1815701402,
    "incomeTaxExpense": 2851000000,
    "netIncome": 11643000000,
    "netIncomeRatio": 0.1564898321,
    "eps": 4.19,
    "epsdiluted": 4.01,
    "weightedAverageShsOut": 2778758950,
    "weightedAverageShsOutDil": 2904700000,
    "link": "https://www.sec.gov/Archives/edgar/data/80424/000008042414000057/0000080424-14-000057-index.htm",
    "finalLink": "https://www.sec.gov/Archives/edgar/data/80424/000008042414000057/fy201410kannualreport.htm"
  },
  {
    "date": "2013-06-30",
    "symbol": "PG",
    "reportedCurrency": "USD",
    "cik": "0000080424",
    "fillingDate": "2013-08-08",
    "acceptedDate": "2013-08-08 06:24:28",
    "calendarYear": "2013",
    "period": "FY",
    "revenue": 80116000000,
    "costOfRevenue": 39991000000,
    "grossProfit": 40125000000,
    "grossProfitRatio": 0.5008362874,
    "researchAndDevelopmentExpenses": 0,
    "generalAndAdministrativeExpenses": 16636000000,
    "sellingAndMarketingExpenses": 9364000000,
    "sellingGeneralAndAdministrativeExpenses": 26000000000,
    "otherExpenses": 308000000,
    "operatingExpenses": 26308000000,
    "costAndExpenses": 66299000000,
    "interestIncome": 87000000,
    "interestExpense": 667000000,
    "depreciationAndAmortization": 2982000000,
    "ebitda": 17828000000,
    "ebitdaratio": 0.2225273354,
    "operatingIncome": 13817000000,
    "operatingIncomeRatio": 0.1724624295,
    "totalOtherIncomeExpensesNet": 362000000,
    "incomeBeforeTax": 14179000000,
    "incomeBeforeTaxRatio": 0.1769808777,
    "incomeTaxExpense": 3226000000,
    "netIncome": 11312000000,
    "netIncomeRatio": 0.1411952669,
    "eps": 4.04,
    "epsdiluted": 3.86,
    "weightedAverageShsOut": 2800000000,
    "weightedAverageShsOutDil": 2930600000,
    "link": "https://www.sec.gov/Archives/edgar/data/80424/000008042413000063/0000080424-13-000063-index.htm",
    "finalLink": "https://www.sec.gov/Archives/edgar/data/80424/000008042413000063/fy201310kannualreport.htm"
  },
  {
    "date": "2012-06-30",
    "symbol": "PG",
    "reportedCurrency": "USD",
    "cik": "0000080424",
    "fillingDate": "2012-08-08",
    "acceptedDate": "2012-08-08 16:16:27",
    "calendarYear": "2012",
    "period": "FY",
    "revenue": 82006000000,
    "costOfRevenue": 41411000000,
    "grossProfit": 40595000000,
    "grossProfitRatio": 0.4950247543,
    "researchAndDevelopmentExpenses": 0,
    "generalAndAdministrativeExpenses": 0,
    "sellingAndMarketingExpenses": 0,
    "sellingGeneralAndAdministrativeExpenses": 25984000000,
    "otherExpenses": 1576000000,
    "operatingExpenses": 27560000000,
    "costAndExpenses": 68971000000,
    "interestIncome": 77000000,
    "interestExpense": 769000000,
    "depreciationAndAmortization": 3204000000,
    "ebitda": 16501000000,
    "ebitdaratio": 0.2012169841,
    "operatingIncome": 13035000000,
    "operatingIncomeRatio": 0.158951784,
    "totalOtherIncomeExpensesNet": -507000000,
    "incomeBeforeTax": 12528000000,
    "incomeBeforeTaxRatio": 0.1527693096,
    "incomeTaxExpense": 3378000000,
    "netIncome": 10756000000,
    "netIncomeRatio": 0.1311611346,
    "eps": 3.82,
    "epsdiluted": 3.66,
    "weightedAverageShsOut": 2815706806,
    "weightedAverageShsOutDil": 2941200000,
    "link": "https://www.sec.gov/Archives/edgar/data/80424/000008042412000063/0000080424-12-000063-index.htm",
    "finalLink": "https://www.sec.gov/Archives/edgar/data/80424/000008042412000063/fy2012financialstatementsf.htm"
  },
  {
    "date": "2011-06-30",
    "symbol": "PG",
    "reportedCurrency": "USD",
    "cik": "0000080424",
    "fillingDate": "2011-08-10",
    "acceptedDate": "2011-08-10 06:53:53",
    "calendarYear": "2011",
    "period": "FY",
    "revenue": 81104000000,
    "costOfRevenue": 39859000000,
    "grossProfit": 41245000000,
    "grossProfitRatio": 0.5085445847,
    "researchAndDevelopmentExpenses": 0,
    "generalAndAdministrativeExpenses": 0,
    "sellingAndMarketingExpenses": 0,
    "sellingGeneralAndAdministrativeExpenses": 25050000000,
    "otherExpenses": 0,
    "operatingExpenses": 25750000000,
    "costAndExpenses": 65609000000,
    "interestIncome": 62000000,
    "interestExpense": 831000000,
    "depreciationAndAmortization": 2838000000,
    "ebitda": 18666000000,
    "ebitdaratio": 0.2301489446,
    "operatingIncome": 15495000000,
    "operatingIncomeRatio": 0.1910509963,
    "totalOtherIncomeExpensesNet": -498000000,
    "incomeBeforeTax": 14997000000,
    "incomeBeforeTaxRatio": 0.1849107319,
    "incomeTaxExpense": 3299000000,
    "netIncome": 11797000000,
    "netIncomeRatio": 0.145455218,
    "eps": 4.12,
    "epsdiluted": 3.93,
    "weightedAverageShsOut": 2804000000,
    "weightedAverageShsOutDil": 3001900000,
    "link": "https://www.sec.gov/Archives/edgar/data/80424/000008042411000014/0000080424-11-000014-index.htm",
    "finalLink": "https://www.sec.gov/Archives/edgar/data/80424/000008042411000014/fy1110k.htm"
  },
  {
    "date": "2010-06-30",
    "symbol": "PG",
    "reportedCurrency": "USD",
    "cik": "0000080424",
    "fillingDate": "2010-08-13",
    "acceptedDate": "2010-08-13 16:02:12",
    "calendarYear": "2010",
    "period": "FY",
    "revenue": 77567000000,
    "costOfRevenue": 37042000000,
    "grossProfit": 40525000000,
    "grossProfitRatio": 0.522451558,
    "researchAndDevelopmentExpenses": 0,
    "generalAndAdministrativeExpenses": 0,
    "sellingAndMarketingExpenses": 0,
    "sellingGeneralAndAdministrativeExpenses": 22186000000,
    "otherExpenses": 0,
    "operatingExpenses": 24793000000,
    "costAndExpenses": 61835000000,
    "interestIncome": 0,
    "interestExpense": 946000000,
    "depreciationAndAmortization": 3108000000,
    "ebitda": 18922000000,
    "ebitdaratio": 0.2439439452,
    "operatingIncome": 15732000000,
    "operatingIncomeRatio": 0.2028182088,
    "totalOtherIncomeExpensesNet": -864000000,
    "incomeBeforeTax": 14868000000,
    "incomeBeforeTaxRatio": 0.1916794513,
    "incomeTaxExpense": 4017000000,
    "netIncome": 12736000000,
    "netIncomeRatio": 0.1641935359,
    "eps": 4.32,
    "epsdiluted": 4.11,
    "weightedAverageShsOut": 2948148148,
    "weightedAverageShsOutDil": 3099300000,
    "link": "https://www.sec.gov/Archives/edgar/data/80424/000119312510188769/0001193125-10-188769-index.htm",
    "finalLink": "https://www.sec.gov/Archives/edgar/data/80424/000119312510188769/d10k.htm"
  },
  {
    "date": "2009-06-30",
    "symbol": "PG",
    "reportedCurrency": "USD",
    "cik": "0000080424",
    "fillingDate": "2009-08-14",
    "acceptedDate": "2009-08-14 16:18:14",
    "calendarYear": "2009",
    "period": "FY",
    "revenue": 76694000000,
    "costOfRevenue": 38690000000,
    "grossProfit": 38004000000,
    "grossProfitRatio": 0.4955276814,
    "researchAndDevelopmentExpenses": 0,
    "generalAndAdministrativeExpenses": 0,
    "sellingAndMarketingExpenses": 0,
    "sellingGeneralAndAdministrativeExpenses": 22630000000,
    "otherExpenses": 0,
    "operatingExpenses": 22630000000,
    "costAndExpenses": 60032000000,
    "interestIncome": 0,
    "interestExpense": 1358000000,
    "depreciationAndAmortization": 3082000000,
    "ebitda": 18797000000,
    "ebitdaratio": 0.2450908806,
    "operatingIncome": 16662000000,
    "operatingIncomeRatio": 0.2172529794,
    "totalOtherIncomeExpensesNet": -2249000000,
    "incomeBeforeTax": 14413000000,
    "incomeBeforeTaxRatio": 0.1879286515,
    "incomeTaxExpense": 3733000000,
    "netIncome": 11425000000,
    "netIncomeRatio": 0.1489686286,
    "eps": 4.49,
    "epsdiluted": 4.26,
    "weightedAverageShsOut": 2992427617,
    "weightedAverageShsOutDil": 3154100000,
    "link": "https://www.sec.gov/Archives/edgar/data/80424/000119312509175986/0001193125-09-175986-index.htm",
    "finalLink": "https://www.sec.gov/Archives/edgar/data/80424/000119312509175986/d10k.htm"
  },
  {
    "date": "2008-06-30",
    "symbol": "PG",
    "reportedCurrency": "USD",
    "cik": "0000080424",
    "fillingDate": "2008-10-03",
    "acceptedDate": "2008-10-03 17:28:16",
    "calendarYear": "2008",
    "period": "FY",
    "revenue": 81748000000,
    "costOfRevenue": 39536000000,
    "grossProfit": 42212000000,
    "grossProfitRatio": 0.5163673729,
    "researchAndDevelopmentExpenses": 0,
    "generalAndAdministrativeExpenses": 0,
    "sellingAndMarketingExpenses": 0,
    "sellingGeneralAndAdministrativeExpenses": 25575000000,
    "otherExpenses": 0,
    "operatingExpenses": 25289000000,
    "costAndExpenses": 64825000000,
    "interestIncome": 0,
    "interestExpense": 1467000000,
    "depreciationAndAmortization": 3166000000,
    "ebitda": 20265000000,
    "ebitdaratio": 0.247895973,
    "operatingIncome": 16923000000,
    "operatingIncomeRatio": 0.2070142389,
    "totalOtherIncomeExpensesNet": -1291000000,
    "incomeBeforeTax": 15632000000,
    "incomeBeforeTaxRatio": 0.1912218036,
    "incomeTaxExpense": 3834000000,
    "netIncome": 12075000000,
    "netIncomeRatio": 0.1477100357,
    "eps": 3.86,
    "epsdiluted": 3.64,
    "weightedAverageShsOut": 3080800000,
    "weightedAverageShsOutDil": 3316800000,
    "link": "https://www.sec.gov/Archives/edgar/data/80424/000095015208007680/0000950152-08-007680-index.htm",
    "finalLink": "https://www.sec.gov/Archives/edgar/data/80424/000095015208007680/l32996be10vkza.htm"
  },
  {
    "date": "2007-06-30",
    "symbol": "PG",
    "reportedCurrency": "USD",
    "cik": "0000080424",
    "fillingDate": "2007-08-28",
    "acceptedDate": "2007-08-28 16:38:03",
    "calendarYear": "2007",
    "period": "FY",
    "revenue": 76476000000,
    "costOfRevenue": 36686000000,
    "grossProfit": 39790000000,
    "grossProfitRatio": 0.5202939484,
    "researchAndDevelopmentExpenses": 0,
    "generalAndAdministrativeExpenses": 0,
    "sellingAndMarketingExpenses": 0,
    "sellingGeneralAndAdministrativeExpenses": 24340000000,
    "otherExpenses": 0,
    "operatingExpenses": 24340000000,
    "costAndExpenses": 61026000000,
    "interestIncome": 0,
    "interestExpense": 0,
    "depreciationAndAmortization": 3130000000,
    "ebitda": 18580000000,
    "ebitdaratio": 0.2429520372,
    "operatingIncome": 15450000000,
    "operatingIncomeRatio": 0.2020241644,
    "totalOtherIncomeExpensesNet": -740000000,
    "incomeBeforeTax": 14710000000,
    "incomeBeforeTaxRatio": 0.1923479261,
    "incomeTaxExpense": 4370000000,
    "netIncome": 10340000000,
    "netIncomeRatio": 0.1352058162,
    "eps": 3.22,
    "epsdiluted": 3.04,
    "weightedAverageShsOut": 3159000000,
    "weightedAverageShsOutDil": 3398600000,
    "link": "https://www.sec.gov/Archives/edgar/data/80424/000095015207007152/0000950152-07-007152-index.htm",
    "finalLink": "https://www.sec.gov/Archives/edgar/data/80424/000095015207007152/l27490ae10vk.htm"
  },
  {
    "date": "2006-06-30",
    "symbol": "PG",
    "reportedCurrency": "USD",
    "cik": "0000080424",
    "fillingDate": "2006-08-29",
    "acceptedDate": "2006-08-29 15:05:51",
    "calendarYear": "2006",
    "period": "FY",
    "revenue": 68222000000,
    "costOfRevenue": 33125000000,
    "grossProfit": 35097000000,
    "grossProfitRatio": 0.5144528158,
    "researchAndDevelopmentExpenses": 0,
    "generalAndAdministrativeExpenses": 0,
    "sellingAndMarketingExpenses": 0,
    "sellingGeneralAndAdministrativeExpenses": 21848000000,
    "otherExpenses": 0,
    "operatingExpenses": 21848000000,
    "costAndExpenses": 54973000000,
    "interestIncome": 0,
    "interestExpense": 0,
    "depreciationAndAmortization": 2627000000,
    "ebitda": 15876000000,
    "ebitdaratio": 0.2327108557,
    "operatingIncome": 13249000000,
    "operatingIncomeRatio": 0.1942042156,
    "totalOtherIncomeExpensesNet": -836000000,
    "incomeBeforeTax": 12413000000,
    "incomeBeforeTaxRatio": 0.1819501041,
    "incomeTaxExpense": 3729000000,
    "netIncome": 8684000000,
    "netIncomeRatio": 0.1272903169,
    "eps": 2.79,
    "epsdiluted": 2.64,
    "weightedAverageShsOut": 3054900000,
    "weightedAverageShsOutDil": 3285900000,
    "link": "https://www.sec.gov/Archives/edgar/data/80424/000095015206007291/0000950152-06-007291-index.htm",
    "finalLink": "https://www.sec.gov/Archives/edgar/data/80424/000095015206007291/l21828ae10vk.htm"
  },
  {
    "date": "2005-06-30",
    "symbol": "PG",
    "reportedCurrency": "USD",
    "cik": "0000080424",
    "fillingDate": "2005-08-29",
    "acceptedDate": "2005-08-29 15:27:31",
    "calendarYear": "2005",
    "period": "FY",
    "revenue": 56741000000,
    "costOfRevenue": 27872000000,
    "grossProfit": 28869000000,
    "grossProfitRatio": 0.5087855343,
    "researchAndDevelopmentExpenses": 0,
    "generalAndAdministrativeExpenses": 0,
    "sellingAndMarketingExpenses": 0,
    "sellingGeneralAndAdministrativeExpenses": 16478000000,
    "otherExpenses": 0,
    "operatingExpenses": 18400000000,
    "costAndExpenses": 46272000000,
    "interestIncome": 0,
    "interestExpense": 0,
    "depreciationAndAmortization": 1884000000,
    "ebitda": 12353000000,
    "ebitdaratio": 0.2177085353,
    "operatingIncome": 10469000000,
    "operatingIncomeRatio": 0.1845050316,
    "totalOtherIncomeExpensesNet": -488000000,
    "incomeBeforeTax": 9981000000,
    "incomeBeforeTaxRatio": 0.1759045487,
    "incomeTaxExpense": 3058000000,
    "netIncome": 6923000000,
    "netIncomeRatio": 0.1220105391,
    "eps": 2.7,
    "epsdiluted": 2.53,
    "weightedAverageShsOut": 2515600000,
    "weightedAverageShsOutDil": 2737100000,
    "link": "https://www.sec.gov/Archives/edgar/data/80424/000095015205007351/0000950152-05-007351-index.htm",
    "finalLink": "https://www.sec.gov/Archives/edgar/data/80424/000095015205007351/l15436ae10vk.htm"
  },
  {
    "date": "2004-06-30",
    "symbol": "PG",
    "reportedCurrency": "USD",
    "cik": "0000080424",
    "fillingDate": "2004-09-09",
    "acceptedDate": "2004-09-09 14:52:23",
    "calendarYear": "2004",
    "period": "FY",
    "revenue": 51407000000,
    "costOfRevenue": 25143000000,
    "grossProfit": 26264000000,
    "grossProfitRatio": 0.5109031844,
    "researchAndDevelopmentExpenses": 0,
    "generalAndAdministrativeExpenses": 0,
    "sellingAndMarketingExpenses": 0,
    "sellingGeneralAndAdministrativeExpenses": 16882000000,
    "otherExpenses": 0,
    "operatingExpenses": 16882000000,
    "costAndExpenses": 42025000000,
    "interestIncome": 0,
    "interestExpense": 0,
    "depreciationAndAmortization": 1733000000,
    "ebitda": 11115000000,
    "ebitdaratio": 0.2162156905,
    "operatingIncome": 9382000000,
    "operatingIncomeRatio": 0.1825043282,
    "totalOtherIncomeExpensesNet": -477000000,
    "incomeBeforeTax": 8905000000,
    "incomeBeforeTaxRatio": 0.1732254362,
    "incomeTaxExpense": 2749000000,
    "netIncome": 6156000000,
    "netIncomeRatio": 0.1197502286,
    "eps": 2.34,
    "epsdiluted": 2.2,
    "weightedAverageShsOut": 2580100000,
    "weightedAverageShsOutDil": 2790100000,
    "link": "https://www.sec.gov/Archives/edgar/data/80424/000095015204006777/0000950152-04-006777-index.htm",
    "finalLink": "https://www.sec.gov/Archives/edgar/data/80424/000095015204006777/l09389ae10vk.htm"
  },
  {
    "date": "2003-06-30",
    "symbol": "PG",
    "reportedCurrency": "USD",
    "cik": "0000080424",
    "fillingDate": "2003-09-11",
    "acceptedDate": "2003-09-11 14:50:41",
    "calendarYear": "2003",
    "period": "FY",
    "revenue": 43377000000,
    "costOfRevenue": 22141000000,
    "grossProfit": 21236000000,
    "grossProfitRatio": 0.4895682043,
    "researchAndDevelopmentExpenses": 0,
    "generalAndAdministrativeExpenses": 0,
    "sellingAndMarketingExpenses": 0,
    "sellingGeneralAndAdministrativeExpenses": 13383000000,
    "otherExpenses": 0,
    "operatingExpenses": 13383000000,
    "costAndExpenses": 35524000000,
    "interestIncome": 0,
    "interestExpense": 0,
    "depreciationAndAmortization": 1703000000,
    "ebitda": 9556000000,
    "ebitdaratio": 0.2203010812,
    "operatingIncome": 7853000000,
    "operatingIncomeRatio": 0.1810406437,
    "totalOtherIncomeExpensesNet": -323000000,
    "incomeBeforeTax": 7530000000,
    "incomeBeforeTaxRatio": 0.1735943011,
    "incomeTaxExpense": 2344000000,
    "netIncome": 5186000000,
    "netIncomeRatio": 0.119556447,
    "eps": 1.8,
    "epsdiluted": 1.7,
    "weightedAverageShsOut": 2593200000,
    "weightedAverageShsOutDil": 2802600000,
    "link": "https://www.sec.gov/Archives/edgar/data/80424/000095015203008195/0000950152-03-008195-index.htm",
    "finalLink": "https://www.sec.gov/Archives/edgar/data/80424/000095015203008195/l02788ae10vk.htm"
  },
  {
    "date": "2002-06-30",
    "symbol": "PG",
    "reportedCurrency": "USD",
    "cik": "0000080424",
    "fillingDate": "2002-09-12",
    "acceptedDate": "2002-09-12 17:14:59",
    "calendarYear": "2002",
    "period": "FY",
    "revenue": 40238000000,
    "costOfRevenue": 20989000000,
    "grossProfit": 19249000000,
    "grossProfitRatio": 0.4783786471,
    "researchAndDevelopmentExpenses": 0,
    "generalAndAdministrativeExpenses": 0,
    "sellingAndMarketingExpenses": 0,
    "sellingGeneralAndAdministrativeExpenses": 12571000000,
    "otherExpenses": 0,
    "operatingExpenses": 12571000000,
    "costAndExpenses": 33560000000,
    "interestIncome": 0,
    "interestExpense": 0,
    "depreciationAndAmortization": 1693000000,
    "ebitda": 8371000000,
    "ebitdaratio": 0.2080371788,
    "operatingIncome": 6678000000,
    "operatingIncomeRatio": 0.165962523,
    "totalOtherIncomeExpensesNet": -295000000,
    "incomeBeforeTax": 6383000000,
    "incomeBeforeTaxRatio": 0.1586311447,
    "incomeTaxExpense": 2031000000,
    "netIncome": 4352000000,
    "netIncomeRatio": 0.108156469,
    "eps": 1.63,
    "epsdiluted": 1.55,
    "weightedAverageShsOut": 2594800000,
    "weightedAverageShsOutDil": 2809800000,
    "link": "https://www.sec.gov/Archives/edgar/data/80424/000095015202006968/0000950152-02-006968-index.htm",
    "finalLink": "https://www.sec.gov/Archives/edgar/data/80424/000095015202006968/l96166ae10vk.htm"
  },
  {
    "date": "2001-06-30",
    "symbol": "PG",
    "reportedCurrency": "USD",
    "cik": "0000080424",
    "fillingDate": "2001-09-12",
    "acceptedDate": "2001-09-12 00:00:00",
    "calendarYear": "2001",
    "period": "FY",
    "revenue": 39244000000,
    "costOfRevenue": 22102000000,
    "grossProfit": 17142000000,
    "grossProfitRatio": 0.4368056263,
    "researchAndDevelopmentExpenses": 0,
    "generalAndAdministrativeExpenses": 0,
    "sellingAndMarketingExpenses": 0,
    "sellingGeneralAndAdministrativeExpenses": 12406000000,
    "otherExpenses": 0,
    "operatingExpenses": 12406000000,
    "costAndExpenses": 34508000000,
    "interestIncome": 0,
    "interestExpense": 0,
    "depreciationAndAmortization": 2271000000,
    "ebitda": 7007000000,
    "ebitdaratio": 0.1785495872,
    "operatingIncome": 4736000000,
    "operatingIncomeRatio": 0.1206808684,
    "totalOtherIncomeExpensesNet": -120000000,
    "incomeBeforeTax": 4616000000,
    "incomeBeforeTaxRatio": 0.1176230761,
    "incomeTaxExpense": 1694000000,
    "netIncome": 2922000000,
    "netIncomeRatio": 0.0744572419,
    "eps": 1.08,
    "epsdiluted": 1.03,
    "weightedAverageShsOut": 2600600000,
    "weightedAverageShsOutDil": 2811200000,
    "link": "https://www.sec.gov/Archives/edgar/data/80424/000095015201504449/0000950152-01-504449-index.htm",
    "finalLink": "https://www.sec.gov/Archives/edgar/data/80424/000095015201504449/l90238ae10-k.htm"
  },
  {
    "date": "2000-06-30",
    "symbol": "PG",
    "reportedCurrency": "USD",
    "cik": "0000080424",
    "fillingDate": "2000-09-13",
    "acceptedDate": "2000-09-13 00:00:00",
    "calendarYear": "2000",
    "period": "FY",
    "revenue": 39951000000,
    "costOfRevenue": 21514000000,
    "grossProfit": 18437000000,
    "grossProfitRatio": 0.4614903256,
    "researchAndDevelopmentExpenses": 0,
    "generalAndAdministrativeExpenses": 0,
    "sellingAndMarketingExpenses": 0,
    "sellingGeneralAndAdministrativeExpenses": 12483000000,
    "otherExpenses": 0,
    "operatingExpenses": 12483000000,
    "costAndExpenses": 33997000000,
    "interestIncome": 0,
    "interestExpense": 0,
    "depreciationAndAmortization": 2191000000,
    "ebitda": 8145000000,
    "ebitdaratio": 0.2038747466,
    "operatingIncome": 5954000000,
    "operatingIncomeRatio": 0.1490325649,
    "totalOtherIncomeExpensesNet": -418000000,
    "incomeBeforeTax": 5536000000,
    "incomeBeforeTaxRatio": 0.1385697479,
    "incomeTaxExpense": 1994000000,
    "netIncome": 3542000000,
    "netIncomeRatio": 0.0886586068,
    "eps": 1.36,
    "epsdiluted": 1.3,
    "weightedAverageShsOut": 2612843744,
    "weightedAverageShsOutDil": 2717776744,
    "link": "https://www.sec.gov/Archives/edgar/data/80424/000008042400000040/0000080424-00-000040-index.htm",
    "finalLink": "https://www.sec.gov/Archives/edgar/data/80424/000008042400000040/0000080424-00-000040-0001.txt"
  },
  {
    "date": "1999-06-30",
    "symbol": "PG",
    "reportedCurrency": "USD",
    "cik": "0000080424",
    "fillingDate": "1999-09-15",
    "acceptedDate": "1999-09-15 00:00:00",
    "calendarYear": "1999",
    "period": "FY",
    "revenue": 38125000000,
    "costOfRevenue": 21027000000,
    "grossProfit": 17098000000,
    "grossProfitRatio": 0.4484721311,
    "researchAndDevelopmentExpenses": 0,
    "generalAndAdministrativeExpenses": 0,
    "sellingAndMarketingExpenses": 0,
    "sellingGeneralAndAdministrativeExpenses": 10845000000,
    "otherExpenses": 0,
    "operatingExpenses": 10845000000,
    "costAndExpenses": 31872000000,
    "interestIncome": 0,
    "interestExpense": 0,
    "depreciationAndAmortization": 2148000000,
    "ebitda": 8401000000,
    "ebitdaratio": 0.2203540984,
    "operatingIncome": 6253000000,
    "operatingIncomeRatio": 0.1640131148,
    "totalOtherIncomeExpensesNet": -415000000,
    "incomeBeforeTax": 5838000000,
    "incomeBeforeTaxRatio": 0.1531278689,
    "incomeTaxExpense": 2075000000,
    "netIncome": 3763000000,
    "netIncomeRatio": 0.0987016393,
    "eps": 1.43,
    "epsdiluted": 1.37,
    "weightedAverageShsOut": 2633000000,
    "weightedAverageShsOutDil": 2751700000,
    "link": "https://www.sec.gov/Archives/edgar/data/80424/000008042499000027/0000080424-99-000027-index.html",
    "finalLink": "https://www.sec.gov/Archives/edgar/data/80424/000008042499000027/0000080424-99-000027.txt"
  },
  {
    "date": "1998-06-30",
    "symbol": "PG",
    "reportedCurrency": "USD",
    "cik": "0000080424",
    "fillingDate": "1998-09-09",
    "acceptedDate": "1998-09-09 00:00:00",
    "calendarYear": "1998",
    "period": "FY",
    "revenue": 37154000000,
    "costOfRevenue": 21064000000,
    "grossProfit": 16090000000,
    "grossProfitRatio": 0.433062389,
    "researchAndDevelopmentExpenses": 0,
    "generalAndAdministrativeExpenses": 0,
    "sellingAndMarketingExpenses": 0,
    "sellingGeneralAndAdministrativeExpenses": 10035000000,
    "otherExpenses": 0,
    "operatingExpenses": 10035000000,
    "costAndExpenses": 31099000000,
    "interestIncome": 0,
    "interestExpense": 0,
    "depreciationAndAmortization": 1598000000,
    "ebitda": 7653000000,
    "ebitdaratio": 0.2059805135,
    "operatingIncome": 6055000000,
    "operatingIncomeRatio": 0.1629703397,
    "totalOtherIncomeExpensesNet": -347000000,
    "incomeBeforeTax": 5708000000,
    "incomeBeforeTaxRatio": 0.1536308338,
    "incomeTaxExpense": 1928000000,
    "netIncome": 3780000000,
    "netIncomeRatio": 0.1017387092,
    "eps": 1.25,
    "epsdiluted": 1.18,
    "weightedAverageShsOut": 2940800000,
    "weightedAverageShsOutDil": 3115254237,
    "link": "https://www.sec.gov/Archives/edgar/data/80424/000008042498000039/0000080424-98-000039-index.html",
    "finalLink": "https://www.sec.gov/Archives/edgar/data/80424/0000080424-98-000039.txt"
  },
  {
    "date": "1997-06-30",
    "symbol": "PG",
    "reportedCurrency": "USD",
    "cik": "0000080424",
    "fillingDate": "1997-09-10",
    "acceptedDate": "1997-09-10 00:00:00",
    "calendarYear": "1997",
    "period": "FY",
    "revenue": 35764000000,
    "costOfRevenue": 20510000000,
    "grossProfit": 15254000000,
    "grossProfitRatio": 0.4265182865,
    "researchAndDevelopmentExpenses": 0,
    "generalAndAdministrativeExpenses": 0,
    "sellingAndMarketingExpenses": 0,
    "sellingGeneralAndAdministrativeExpenses": 9766000000,
    "otherExpenses": 0,
    "operatingExpenses": 9766000000,
    "costAndExpenses": 30276000000,
    "interestIncome": 0,
    "interestExpense": 0,
    "depreciationAndAmortization": 1487000000,
    "ebitda": 6975000000,
    "ebitdaratio": 0.1950285203,
    "operatingIncome": 5488000000,
    "operatingIncomeRatio": 0.153450397,
    "totalOtherIncomeExpensesNet": -239000000,
    "incomeBeforeTax": 5249000000,
    "incomeBeforeTaxRatio": 0.1467676994,
    "incomeTaxExpense": 1834000000,
    "netIncome": 3415000000,
    "netIncomeRatio": 0.095487082,
    "eps": 1.18,
    "epsdiluted": 1.1,
    "weightedAverageShsOut": 2805932203,
    "weightedAverageShsOutDil": 3010000000,
    "link": "https://www.sec.gov/Archives/edgar/data/80424/000008042497000062/0000080424-97-000062-index.html",
    "finalLink": "https://www.sec.gov/Archives/edgar/data/80424/0000080424-97-000062.txt"
  },
  {
    "date": "1996-06-30",
    "symbol": "PG",
    "reportedCurrency": "USD",
    "cik": "0000080424",
    "fillingDate": "1996-09-11",
    "acceptedDate": "1996-09-11 00:00:00",
    "calendarYear": "1996",
    "period": "FY",
    "revenue": 35284000000,
    "costOfRevenue": 20762000000,
    "grossProfit": 14522000000,
    "grossProfitRatio": 0.4115746514,
    "researchAndDevelopmentExpenses": 0,
    "generalAndAdministrativeExpenses": 0,
    "sellingAndMarketingExpenses": 0,
    "sellingGeneralAndAdministrativeExpenses": 9707000000,
    "otherExpenses": 0,
    "operatingExpenses": 9707000000,
    "costAndExpenses": 30469000000,
    "interestIncome": 0,
    "interestExpense": 0,
    "depreciationAndAmortization": 1358000000,
    "ebitda": 6173000000,
    "ebitdaratio": 0.1749518195,
    "operatingIncome": 4815000000,
    "operatingIncomeRatio": 0.1364641197,
    "totalOtherIncomeExpensesNet": -146000000,
    "incomeBeforeTax": 4669000000,
    "incomeBeforeTaxRatio": 0.1323262669,
    "incomeTaxExpense": 1623000000,
    "netIncome": 3046000000,
    "netIncomeRatio": 0.0863280807,
    "eps": 1.05,
    "epsdiluted": 0.98,
    "weightedAverageShsOut": 2802857143,
    "weightedAverageShsOutDil": 3003061224,
    "link": "https://www.sec.gov/Archives/edgar/data/80424/000008042496000017/0000080424-96-000017-index.html",
    "finalLink": "https://www.sec.gov/Archives/edgar/data/80424/0000080424-96-000017.txt"
  },
  {
    "date": "1995-06-30",
    "symbol": "PG",
    "reportedCurrency": "USD",
    "cik": "0000080424",
    "fillingDate": "1995-09-13",
    "acceptedDate": "1995-09-13 00:00:00",
    "calendarYear": "1995",
    "period": "FY",
    "revenue": 33482000000,
    "costOfRevenue": 19561000000,
    "grossProfit": 13921000000,
    "grossProfitRatio": 0.4157756406,
    "researchAndDevelopmentExpenses": 0,
    "generalAndAdministrativeExpenses": 0,
    "sellingAndMarketingExpenses": 0,
    "sellingGeneralAndAdministrativeExpenses": 9677000000,
    "otherExpenses": 0,
    "operatingExpenses": 9677000000,
    "costAndExpenses": 29238000000,
    "interestIncome": 0,
    "interestExpense": 0,
    "depreciationAndAmortization": 1253000000,
    "ebitda": 5497000000,
    "ebitdaratio": 0.1641777672,
    "operatingIncome": 4244000000,
    "operatingIncomeRatio": 0.1267546742,
    "totalOtherIncomeExpensesNet": -244000000,
    "incomeBeforeTax": 4000000000,
    "incomeBeforeTaxRatio": 0.1194671764,
    "incomeTaxExpense": 1355000000,
    "netIncome": 2645000000,
    "netIncomeRatio": 0.0789976704,
    "eps": 0.93,
    "epsdiluted": 0.87,
    "weightedAverageShsOut": 2744000000,
    "weightedAverageShsOutDil": 2989200000,
    "link": "https://www.sec.gov/Archives/edgar/data/80424/000008042495000027/0000080424-95-000027-index.html",
    "finalLink": "https://www.sec.gov/Archives/edgar/data/80424/0000080424-95-000027.txt"
  },
  {
    "date": "1994-06-30",
    "symbol": "PG",
    "reportedCurrency": "USD",
    "cik": "0000080424",
    "fillingDate": "1994-09-14",
    "acceptedDate": "1994-09-14 00:00:00",
    "calendarYear": "1994",
    "period": "FY",
    "revenue": 30296000000,
    "costOfRevenue": 16221000000,
    "grossProfit": 14075000000,
    "grossProfitRatio": 0.4645827832,
    "researchAndDevelopmentExpenses": 0,
    "generalAndAdministrativeExpenses": 0,
    "sellingAndMarketingExpenses": 0,
    "sellingGeneralAndAdministrativeExpenses": 9361000000,
    "otherExpenses": 1134000000,
    "operatingExpenses": 10495000000,
    "costAndExpenses": 26716000000,
    "interestIncome": 0,
    "interestExpense": 0,
    "depreciationAndAmortization": 1134000000,
    "ebitda": 4714000000,
    "ebitdaratio": 0.1555980988,
    "operatingIncome": 3580000000,
    "operatingIncomeRatio": 0.1181674148,
    "totalOtherIncomeExpensesNet": -234000000,
    "incomeBeforeTax": 3346000000,
    "incomeBeforeTaxRatio": 0.1104436229,
    "incomeTaxExpense": 1135000000,
    "netIncome": 2211000000,
    "netIncomeRatio": 0.0729799313,
    "eps": 0.77,
    "epsdiluted": 0.73,
    "weightedAverageShsOut": 2738961039,
    "weightedAverageShsOutDil": 2908965517,
    "link": "https://www.sec.gov/Archives/edgar/data/80424/000008042494000021/0000080424-94-000021-index.html",
    "finalLink": "https://www.sec.gov/Archives/edgar/data/80424/0000080424-94-000021.txt"
  },
  {
    "date": "1993-06-30",
    "symbol": "PG",
    "reportedCurrency": "USD",
    "cik": "0000080424",
    "fillingDate": "1993-06-30",
    "acceptedDate": "1993-06-30 00:00:00",
    "calendarYear": "1993",
    "period": "FY",
    "revenue": 30433000000,
    "costOfRevenue": 16543000000,
    "grossProfit": 13890000000,
    "grossProfitRatio": 0.456412447,
    "researchAndDevelopmentExpenses": 0,
    "generalAndAdministrativeExpenses": 0,
    "sellingAndMarketingExpenses": 0,
    "sellingGeneralAndAdministrativeExpenses": 12294000000,
    "otherExpenses": 1140000000,
    "operatingExpenses": 13434000000,
    "costAndExpenses": 29977000000,
    "interestIncome": 0,
    "interestExpense": 0,
    "depreciationAndAmortization": 1140000000,
    "ebitda": 1596000000,
    "ebitdaratio": 0.0524430717,
    "operatingIncome": 456000000,
    "operatingIncomeRatio": 0.0149837348,
    "totalOtherIncomeExpensesNet": -107000000,
    "incomeBeforeTax": 349000000,
    "incomeBeforeTaxRatio": 0.0114678145,
    "incomeTaxExpense": 80000000,
    "netIncome": -656000000,
    "netIncomeRatio": -0.0215555483,
    "eps": -0.28,
    "epsdiluted": -0.28,
    "weightedAverageShsOut": 2756363636,
    "weightedAverageShsOutDil": 2756363636,
    "link": null,
    "finalLink": null
  },
  {
    "date": "1992-06-30",
    "symbol": "PG",
    "reportedCurrency": "USD",
    "cik": "0000080424",
    "fillingDate": "1992-06-30",
    "acceptedDate": "1992-06-30 00:00:00",
    "calendarYear": "1992",
    "period": "FY",
    "revenue": 29362000000,
    "costOfRevenue": 16273000000,
    "grossProfit": 13089000000,
    "grossProfitRatio": 0.4457802602,
    "researchAndDevelopmentExpenses": 0,
    "generalAndAdministrativeExpenses": 0,
    "sellingAndMarketingExpenses": 0,
    "sellingGeneralAndAdministrativeExpenses": 9171000000,
    "otherExpenses": 1051000000,
    "operatingExpenses": 10222000000,
    "costAndExpenses": 26495000000,
    "interestIncome": 0,
    "interestExpense": 0,
    "depreciationAndAmortization": 1051000000,
    "ebitda": 3918000000,
    "ebitdaratio": 0.1334377767,
    "operatingIncome": 2867000000,
    "operatingIncomeRatio": 0.0976432123,
    "totalOtherIncomeExpensesNet": 18000000,
    "incomeBeforeTax": 2885000000,
    "incomeBeforeTaxRatio": 0.0982562496,
    "incomeTaxExpense": 1013000000,
    "netIncome": 1872000000,
    "netIncomeRatio": 0.0637558749,
    "eps": 0.66,
    "epsdiluted": 0.62,
    "weightedAverageShsOut": 2714503817,
    "weightedAverageShsOutDil": 2891056911,
    "link": null,
    "finalLink": null
  },
  {
    "date": "1991-06-30",
    "symbol": "PG",
    "reportedCurrency": "USD",
    "cik": "0000080424",
    "fillingDate": "1991-06-30",
    "acceptedDate": "1991-06-30 00:00:00",
    "calendarYear": "1991",
    "period": "FY",
    "revenue": 27026000000,
    "costOfRevenue": 15125000000,
    "grossProfit": 11901000000,
    "grossProfitRatio": 0.4403537334,
    "researchAndDevelopmentExpenses": 0,
    "generalAndAdministrativeExpenses": 0,
    "sellingAndMarketingExpenses": 0,
    "sellingGeneralAndAdministrativeExpenses": 8243000000,
    "otherExpenses": 956000000,
    "operatingExpenses": 9199000000,
    "costAndExpenses": 24324000000,
    "interestIncome": 0,
    "interestExpense": 0,
    "depreciationAndAmortization": 956000000,
    "ebitda": 3658000000,
    "ebitdaratio": 0.1353511433,
    "operatingIncome": 2702000000,
    "operatingIncomeRatio": 0.0999777992,
    "totalOtherIncomeExpensesNet": -15000000,
    "incomeBeforeTax": 2687000000,
    "incomeBeforeTaxRatio": 0.0994227781,
    "incomeTaxExpense": 914000000,
    "netIncome": 1773000000,
    "netIncomeRatio": 0.0656034929,
    "eps": 0.62,
    "epsdiluted": 0.58,
    "weightedAverageShsOut": 2756097561,
    "weightedAverageShsOutDil": 2922413793,
    "link": null,
    "finalLink": null
  },
  {
    "date": "1990-06-30",
    "symbol": "PG",
    "reportedCurrency": "USD",
    "cik": "0000080424",
    "fillingDate": "1990-06-30",
    "acceptedDate": "1990-06-30 00:00:00",
    "calendarYear": "1990",
    "period": "FY",
    "revenue": 24081000000,
    "costOfRevenue": 13799000000,
    "grossProfit": 10282000000,
    "grossProfitRatio": 0.4269756239,
    "researchAndDevelopmentExpenses": 0,
    "generalAndAdministrativeExpenses": 0,
    "sellingAndMarketingExpenses": 0,
    "sellingGeneralAndAdministrativeExpenses": 7121000000,
    "otherExpenses": 859000000,
    "operatingExpenses": 7980000000,
    "costAndExpenses": 21779000000,
    "interestIncome": 0,
    "interestExpense": 0,
    "depreciationAndAmortization": 859000000,
    "ebitda": 3161000000,
    "ebitdaratio": 0.1312653129,
    "operatingIncome": 2302000000,
    "operatingIncomeRatio": 0.0955940368,
    "totalOtherIncomeExpensesNet": 119000000,
    "incomeBeforeTax": 2421000000,
    "incomeBeforeTaxRatio": 0.100535692,
    "incomeTaxExpense": 819000000,
    "netIncome": 1602000000,
    "netIncomeRatio": 0.0665254765,
    "eps": 0.56,
    "epsdiluted": 0.54,
    "weightedAverageShsOut": 2752212389,
    "weightedAverageShsOutDil": 2906542056,
    "link": null,
    "finalLink": null
  },
  {
    "date": "1989-06-30",
    "symbol": "PG",
    "reportedCurrency": "USD",
    "cik": "0000080424",
    "fillingDate": "1989-06-30",
    "acceptedDate": "1989-06-29 20:00:00",
    "calendarYear": "1989",
    "period": "FY",
    "revenue": 21398000000,
    "costOfRevenue": 12604000000,
    "grossProfit": 8794000000,
    "grossProfitRatio": 0.4109729881,
    "researchAndDevelopmentExpenses": 0,
    "generalAndAdministrativeExpenses": 0,
    "sellingAndMarketingExpenses": 0,
    "sellingGeneralAndAdministrativeExpenses": 5988000000,
    "otherExpenses": 767000000,
    "operatingExpenses": 6755000000,
    "costAndExpenses": 19359000000,
    "interestIncome": 0,
    "interestExpense": 0,
    "depreciationAndAmortization": 767000000,
    "ebitda": 2806000000,
    "ebitdaratio": 0.1311337508,
    "operatingIncome": 2039000000,
    "operatingIncomeRatio": 0.0952892794,
    "totalOtherIncomeExpensesNet": -100000000,
    "incomeBeforeTax": 1939000000,
    "incomeBeforeTaxRatio": 0.0906159454,
    "incomeTaxExpense": 733000000,
    "netIncome": 1206000000,
    "netIncomeRatio": 0.0563604075,
    "eps": 0.45,
    "epsdiluted": 0.44,
    "weightedAverageShsOut": 2674157303,
    "weightedAverageShsOutDil": 2735632184,
    "link": "",
    "finalLink": ""
  },
  {
    "date": "1988-06-30",
    "symbol": "PG",
    "reportedCurrency": "USD",
    "cik": "0000080424",
    "fillingDate": "1988-06-30",
    "acceptedDate": "1988-06-29 20:00:00",
    "calendarYear": "1988",
    "period": "FY",
    "revenue": 19336000000,
    "costOfRevenue": 11183000000,
    "grossProfit": 8153000000,
    "grossProfitRatio": 0.4216487381,
    "researchAndDevelopmentExpenses": 0,
    "generalAndAdministrativeExpenses": 0,
    "sellingAndMarketingExpenses": 0,
    "sellingGeneralAndAdministrativeExpenses": 5660000000,
    "otherExpenses": 697000000,
    "operatingExpenses": 6357000000,
    "costAndExpenses": 17540000000,
    "interestIncome": 0,
    "interestExpense": 0,
    "depreciationAndAmortization": 697000000,
    "ebitda": 2493000000,
    "ebitdaratio": 0.1289304923,
    "operatingIncome": 1796000000,
    "operatingIncomeRatio": 0.0928837402,
    "totalOtherIncomeExpensesNet": -166000000,
    "incomeBeforeTax": 1630000000,
    "incomeBeforeTaxRatio": 0.0842987174,
    "incomeTaxExpense": 610000000,
    "netIncome": 1020000000,
    "netIncomeRatio": 0.0527513446,
    "eps": 0.38,
    "epsdiluted": 0.38,
    "weightedAverageShsOut": 2720000000,
    "weightedAverageShsOutDil": 2720000000,
    "link": "",
    "finalLink": ""
  },
  {
    "date": "1987-06-30",
    "symbol": "PG",
    "reportedCurrency": "USD",
    "cik": "0000080424",
    "fillingDate": "1987-06-30",
    "acceptedDate": "1987-06-29 20:00:00",
    "calendarYear": "1987",
    "period": "FY",
    "revenue": 17000000000,
    "costOfRevenue": 9782000000,
    "grossProfit": 7218000000,
    "grossProfitRatio": 0.4245882353,
    "researchAndDevelopmentExpenses": 0,
    "generalAndAdministrativeExpenses": 0,
    "sellingAndMarketingExpenses": 0,
    "sellingGeneralAndAdministrativeExpenses": 5782000000,
    "otherExpenses": 629000000,
    "operatingExpenses": 6411000000,
    "costAndExpenses": 16193000000,
    "interestIncome": 0,
    "interestExpense": 0,
    "depreciationAndAmortization": 629000000,
    "ebitda": 1436000000,
    "ebitdaratio": 0.0844705882,
    "operatingIncome": 807000000,
    "operatingIncomeRatio": 0.0474705882,
    "totalOtherIncomeExpensesNet": -190000000,
    "incomeBeforeTax": 617000000,
    "incomeBeforeTaxRatio": 0.0362941176,
    "incomeTaxExpense": 290000000,
    "netIncome": 327000000,
    "netIncomeRatio": 0.0192352941,
    "eps": 0.12,
    "epsdiluted": 0.12,
    "weightedAverageShsOut": 2633333333,
    "weightedAverageShsOutDil": 2633333333,
    "link": "",
    "finalLink": ""
  },
  {
    "date": "1986-06-30",
    "symbol": "PG",
    "reportedCurrency": "USD",
    "cik": "0000080424",
    "fillingDate": "1986-06-30",
    "acceptedDate": "1986-06-29 20:00:00",
    "calendarYear": "1986",
    "period": "FY",
    "revenue": 15439000000,
    "costOfRevenue": 9338000000,
    "grossProfit": 6101000000,
    "grossProfitRatio": 0.3951680808,
    "researchAndDevelopmentExpenses": 0,
    "generalAndAdministrativeExpenses": 0,
    "sellingAndMarketingExpenses": 0,
    "sellingGeneralAndAdministrativeExpenses": 4305000000,
    "otherExpenses": 491000000,
    "operatingExpenses": 4796000000,
    "costAndExpenses": 14134000000,
    "interestIncome": 0,
    "interestExpense": 0,
    "depreciationAndAmortization": 491000000,
    "ebitda": 1796000000,
    "ebitdaratio": 0.1163287778,
    "operatingIncome": 1305000000,
    "operatingIncomeRatio": 0.0845261999,
    "totalOtherIncomeExpensesNet": -130000000,
    "incomeBeforeTax": 1175000000,
    "incomeBeforeTaxRatio": 0.0761059654,
    "incomeTaxExpense": 466000000,
    "netIncome": 709000000,
    "netIncomeRatio": 0.0459226634,
    "eps": 0.27,
    "epsdiluted": 0.27,
    "weightedAverageShsOut": 2656603774,
    "weightedAverageShsOutDil": 2656603774,
    "link": "",
    "finalLink": ""
  }
]