[
  {
    "date": "2024-12-31",
    "symbol": "PGR",
    "reportedCurrency": "USD",
    "cik": "0000080661",
    "fillingDate": "2025-03-03",
    "acceptedDate": "2025-03-03 10:34:24",
    "calendarYear": "2024",
    "period": "FY",
    "revenue": 75343000000,
    "costOfRevenue": 0,
    "grossProfit": 75343000000,
    "grossProfitRatio": 1,
    "researchAndDevelopmentExpenses": 0,
    "generalAndAdministrativeExpenses": 0,
    "sellingAndMarketingExpenses": 0,
    "sellingGeneralAndAdministrativeExpenses": 0,
    "otherExpenses": 64630000000,
    "operatingExpenses": 64630000000,
    "costAndExpenses": 64630000000,
    "interestIncome": 0,
    "interestExpense": 279000000,
    "depreciationAndAmortization": 284000000,
    "ebitda": 11276000000,
    "ebitdaratio": 0.1496622115,
    "operatingIncome": 10713000000,
    "operatingIncomeRatio": 0.142189719,
    "totalOtherIncomeExpensesNet": 0,
    "incomeBeforeTax": 10713000000,
    "incomeBeforeTaxRatio": 0.142189719,
    "incomeTaxExpense": 2233000000,
    "netIncome": 8480000000,
    "netIncomeRatio": 0.1125519292,
    "eps": 14.45,
    "epsdiluted": 14.4,
    "weightedAverageShsOut": 585500000,
    "weightedAverageShsOutDil": 587700000,
    "link": "https://www.sec.gov/Archives/edgar/data/80661/000008066125000007/0000080661-25-000007-index.htm",
    "finalLink": "https://www.sec.gov/Archives/edgar/data/80661/000008066125000007/pgr-20241231.htm"
  },
  {
    "date": "2023-12-31",
    "symbol": "PGR",
    "reportedCurrency": "USD",
    "cik": "0000080661",
    "fillingDate": "2024-02-26",
    "acceptedDate": "2024-02-26 10:46:54",
    "calendarYear": "2023",
    "period": "FY",
    "revenue": 62083000000,
    "costOfRevenue": 0,
    "grossProfit": 62083000000,
    "grossProfitRatio": 1,
    "researchAndDevelopmentExpenses": 0,
    "generalAndAdministrativeExpenses": 0,
    "sellingAndMarketingExpenses": 0,
    "sellingGeneralAndAdministrativeExpenses": 0,
    "otherExpenses": 57179000000,
    "operatingExpenses": 57179000000,
    "costAndExpenses": 57179000000,
    "interestIncome": 0,
    "interestExpense": 268000000,
    "depreciationAndAmortization": 285000000,
    "ebitda": 5457000000,
    "ebitdaratio": 0.0878984585,
    "operatingIncome": 4904000000,
    "operatingIncomeRatio": 0.0789910281,
    "totalOtherIncomeExpensesNet": 0,
    "incomeBeforeTax": 4904000000,
    "incomeBeforeTaxRatio": 0.0789910281,
    "incomeTaxExpense": 1001000000,
    "netIncome": 3903000000,
    "netIncomeRatio": 0.0628674516,
    "eps": 6.61,
    "epsdiluted": 6.58,
    "weightedAverageShsOut": 584900000,
    "weightedAverageShsOutDil": 587500000,
    "link": "https://www.sec.gov/Archives/edgar/data/80661/000008066124000007/0000080661-24-000007-index.htm",
    "finalLink": "https://www.sec.gov/Archives/edgar/data/80661/000008066124000007/pgr-20231231.htm"
  },
  {
    "date": "2022-12-31",
    "symbol": "PGR",
    "reportedCurrency": "USD",
    "cik": "0000080661",
    "fillingDate": "2023-02-27",
    "acceptedDate": "2023-02-27 10:13:46",
    "calendarYear": "2022",
    "period": "FY",
    "revenue": 49587000000,
    "costOfRevenue": 0,
    "grossProfit": 49587000000,
    "grossProfitRatio": 1,
    "researchAndDevelopmentExpenses": 0,
    "generalAndAdministrativeExpenses": 0,
    "sellingAndMarketingExpenses": 0,
    "sellingGeneralAndAdministrativeExpenses": 0,
    "otherExpenses": 48665000000,
    "operatingExpenses": 48665000000,
    "costAndExpenses": 48665000000,
    "interestIncome": 0,
    "interestExpense": 244000000,
    "depreciationAndAmortization": 306000000,
    "ebitda": 1472000000,
    "ebitdaratio": 0.0296851997,
    "operatingIncome": 922000000,
    "operatingIncomeRatio": 0.018593583,
    "totalOtherIncomeExpensesNet": 0,
    "incomeBeforeTax": 922000000,
    "incomeBeforeTaxRatio": 0.018593583,
    "incomeTaxExpense": 200000000,
    "netIncome": 722000000,
    "netIncomeRatio": 0.0145602678,
    "eps": 1.19,
    "epsdiluted": 1.18,
    "weightedAverageShsOut": 584400000,
    "weightedAverageShsOutDil": 587100000,
    "link": "https://www.sec.gov/Archives/edgar/data/80661/000008066123000006/0000080661-23-000006-index.htm",
    "finalLink": "https://www.sec.gov/Archives/edgar/data/80661/000008066123000006/pgr-20221231.htm"
  },
  {
    "date": "2021-12-31",
    "symbol": "PGR",
    "reportedCurrency": "USD",
    "cik": "0000080661",
    "fillingDate": "2022-02-28",
    "acceptedDate": "2022-02-28 09:40:01",
    "calendarYear": "2021",
    "period": "FY",
    "revenue": 47676500000,
    "costOfRevenue": 0,
    "grossProfit": 47676500000,
    "grossProfitRatio": 1,
    "researchAndDevelopmentExpenses": 0,
    "generalAndAdministrativeExpenses": 0,
    "sellingAndMarketingExpenses": 0,
    "sellingGeneralAndAdministrativeExpenses": 0,
    "otherExpenses": 43466500000,
    "operatingExpenses": 43466500000,
    "costAndExpenses": 43466500000,
    "interestIncome": 0,
    "interestExpense": 218600000,
    "depreciationAndAmortization": 337400000,
    "ebitda": 4766000000,
    "ebitdaratio": 0.0999653918,
    "operatingIncome": 4210000000,
    "operatingIncomeRatio": 0.0883034619,
    "totalOtherIncomeExpensesNet": 0,
    "incomeBeforeTax": 4210000000,
    "incomeBeforeTaxRatio": 0.0883034619,
    "incomeTaxExpense": 859100000,
    "netIncome": 3350900000,
    "netIncomeRatio": 0.0702841022,
    "eps": 5.69,
    "epsdiluted": 5.66,
    "weightedAverageShsOut": 584500000,
    "weightedAverageShsOutDil": 587100000,
    "link": "https://www.sec.gov/Archives/edgar/data/80661/000008066122000046/0000080661-22-000046-index.htm",
    "finalLink": "https://www.sec.gov/Archives/edgar/data/80661/000008066122000046/pgr-20211231.htm"
  },
  {
    "date": "2020-12-31",
    "symbol": "PGR",
    "reportedCurrency": "USD",
    "cik": "0000080661",
    "fillingDate": "2021-03-01",
    "acceptedDate": "2021-03-01 10:23:49",
    "calendarYear": "2020",
    "period": "FY",
    "revenue": 42638100000,
    "costOfRevenue": 0,
    "grossProfit": 42638100000,
    "grossProfitRatio": 1,
    "researchAndDevelopmentExpenses": 0,
    "generalAndAdministrativeExpenses": 0,
    "sellingAndMarketingExpenses": 0,
    "sellingGeneralAndAdministrativeExpenses": 0,
    "otherExpenses": 35464900000,
    "operatingExpenses": 35464900000,
    "costAndExpenses": 35464900000,
    "interestIncome": 0,
    "interestExpense": 217000000,
    "depreciationAndAmortization": 331800000,
    "ebitda": 7722000000,
    "ebitdaratio": 0.1811056309,
    "operatingIncome": 7173200000,
    "operatingIncomeRatio": 0.1682345133,
    "totalOtherIncomeExpensesNet": 0,
    "incomeBeforeTax": 7173200000,
    "incomeBeforeTaxRatio": 0.1682345133,
    "incomeTaxExpense": 1468600000,
    "netIncome": 5704600000,
    "netIncomeRatio": 0.1337911398,
    "eps": 9.71,
    "epsdiluted": 9.66,
    "weightedAverageShsOut": 584900000,
    "weightedAverageShsOutDil": 587600000,
    "link": "https://www.sec.gov/Archives/edgar/data/80661/000008066121000014/0000080661-21-000014-index.htm",
    "finalLink": "https://www.sec.gov/Archives/edgar/data/80661/000008066121000014/pgr-20201231.htm"
  },
  {
    "date": "2019-12-31",
    "symbol": "PGR",
    "reportedCurrency": "USD",
    "cik": "0000080661",
    "fillingDate": "2020-03-02",
    "acceptedDate": "2020-03-02 15:56:08",
    "calendarYear": "2019",
    "period": "FY",
    "revenue": 38997700000,
    "costOfRevenue": 0,
    "grossProfit": 38997700000,
    "grossProfitRatio": 1,
    "researchAndDevelopmentExpenses": 0,
    "generalAndAdministrativeExpenses": 178900000,
    "sellingAndMarketingExpenses": 0,
    "sellingGeneralAndAdministrativeExpenses": 178900000,
    "otherExpenses": 33658500000,
    "operatingExpenses": 33837400000,
    "costAndExpenses": 33837400000,
    "interestIncome": 0,
    "interestExpense": 189700000,
    "depreciationAndAmortization": 306100000,
    "ebitda": 5656100000,
    "ebitdaratio": 0.1450367586,
    "operatingIncome": 5160300000,
    "operatingIncomeRatio": 0.1323231883,
    "totalOtherIncomeExpensesNet": 0,
    "incomeBeforeTax": 5160300000,
    "incomeBeforeTaxRatio": 0.1323231883,
    "incomeTaxExpense": 1180300000,
    "netIncome": 3970300000,
    "netIncomeRatio": 0.1018085682,
    "eps": 6.75,
    "epsdiluted": 6.72,
    "weightedAverageShsOut": 583800000,
    "weightedAverageShsOutDil": 587200000,
    "link": "https://www.sec.gov/Archives/edgar/data/80661/000008066120000006/0000080661-20-000006-index.htm",
    "finalLink": "https://www.sec.gov/Archives/edgar/data/80661/000008066120000006/pgr-20191231x10k.htm"
  },
  {
    "date": "2018-12-31",
    "symbol": "PGR",
    "reportedCurrency": "USD",
    "cik": "0000080661",
    "fillingDate": "2019-02-27",
    "acceptedDate": "2019-02-27 08:23:22",
    "calendarYear": "2018",
    "period": "FY",
    "revenue": 31954700000,
    "costOfRevenue": 0,
    "grossProfit": 31954700000,
    "grossProfitRatio": 1,
    "researchAndDevelopmentExpenses": 0,
    "generalAndAdministrativeExpenses": 134100000,
    "sellingAndMarketingExpenses": 0,
    "sellingGeneralAndAdministrativeExpenses": 134100000,
    "otherExpenses": 28657000000,
    "operatingExpenses": 28791100000,
    "costAndExpenses": 28791100000,
    "interestIncome": 0,
    "interestExpense": 166500000,
    "depreciationAndAmortization": 262400000,
    "ebitda": 3592500000,
    "ebitdaratio": 0.1124247763,
    "operatingIncome": 3163600000,
    "operatingIncomeRatio": 0.0990026506,
    "totalOtherIncomeExpensesNet": 0,
    "incomeBeforeTax": 3163600000,
    "incomeBeforeTaxRatio": 0.0990026506,
    "incomeTaxExpense": 542600000,
    "netIncome": 2615300000,
    "netIncomeRatio": 0.0818439854,
    "eps": 4.49,
    "epsdiluted": 4.46,
    "weightedAverageShsOut": 582400000,
    "weightedAverageShsOutDil": 586700000,
    "link": "https://www.sec.gov/Archives/edgar/data/80661/000008066119000008/0000080661-19-000008-index.htm",
    "finalLink": "https://www.sec.gov/Archives/edgar/data/80661/000008066119000008/pgr-20181231x10k.htm"
  },
  {
    "date": "2017-12-31",
    "symbol": "PGR",
    "reportedCurrency": "USD",
    "cik": "0000080661",
    "fillingDate": "2018-02-27",
    "acceptedDate": "2018-02-27 16:46:52",
    "calendarYear": "2017",
    "period": "FY",
    "revenue": 26816100000,
    "costOfRevenue": 0,
    "grossProfit": 26816100000,
    "grossProfitRatio": 1,
    "researchAndDevelopmentExpenses": 0,
    "generalAndAdministrativeExpenses": 109500000,
    "sellingAndMarketingExpenses": 0,
    "sellingGeneralAndAdministrativeExpenses": 109500000,
    "otherExpenses": 24567700000,
    "operatingExpenses": 24677200000,
    "costAndExpenses": 24677200000,
    "interestIncome": 0,
    "interestExpense": 153100000,
    "depreciationAndAmortization": 236100000,
    "ebitda": 2528100000,
    "ebitdaratio": 0.0942754539,
    "operatingIncome": 2138900000,
    "operatingIncomeRatio": 0.0797617849,
    "totalOtherIncomeExpensesNet": 0,
    "incomeBeforeTax": 2138900000,
    "incomeBeforeTaxRatio": 0.0797617849,
    "incomeTaxExpense": 540800000,
    "netIncome": 1592200000,
    "netIncomeRatio": 0.0593747786,
    "eps": 2.74,
    "epsdiluted": 2.72,
    "weightedAverageShsOut": 580800000,
    "weightedAverageShsOutDil": 585700000,
    "link": "https://www.sec.gov/Archives/edgar/data/80661/000008066118000011/0000080661-18-000011-index.htm",
    "finalLink": "https://www.sec.gov/Archives/edgar/data/80661/000008066118000011/pgr-20171231x10k.htm"
  },
  {
    "date": "2016-12-31",
    "symbol": "PGR",
    "reportedCurrency": "USD",
    "cik": "0000080661",
    "fillingDate": "2017-03-01",
    "acceptedDate": "2017-03-01 11:59:52",
    "calendarYear": "2016",
    "period": "FY",
    "revenue": 23417400000,
    "costOfRevenue": 0,
    "grossProfit": 23417400000,
    "grossProfitRatio": 1,
    "researchAndDevelopmentExpenses": 0,
    "generalAndAdministrativeExpenses": 92000000,
    "sellingAndMarketingExpenses": 0,
    "sellingGeneralAndAdministrativeExpenses": 92000000,
    "otherExpenses": 21854700000,
    "operatingExpenses": 21946700000,
    "costAndExpenses": 21946700000,
    "interestIncome": 0,
    "interestExpense": 140900000,
    "depreciationAndAmortization": 199500000,
    "ebitda": 1811100000,
    "ebitdaratio": 0.0773399267,
    "operatingIncome": 1470700000,
    "operatingIncomeRatio": 0.0628037271,
    "totalOtherIncomeExpensesNet": 0,
    "incomeBeforeTax": 1470700000,
    "incomeBeforeTaxRatio": 0.0628037271,
    "incomeTaxExpense": 413500000,
    "netIncome": 1031000000,
    "netIncomeRatio": 0.044027091,
    "eps": 1.77,
    "epsdiluted": 1.76,
    "weightedAverageShsOut": 581700000,
    "weightedAverageShsOutDil": 585000000,
    "link": "https://www.sec.gov/Archives/edgar/data/80661/000008066117000012/0000080661-17-000012-index.htm",
    "finalLink": "https://www.sec.gov/Archives/edgar/data/80661/000008066117000012/pgr-20161231x10k.htm"
  },
  {
    "date": "2015-12-31",
    "symbol": "PGR",
    "reportedCurrency": "USD",
    "cik": "0000080661",
    "fillingDate": "2016-02-29",
    "acceptedDate": "2016-02-29 12:40:21",
    "calendarYear": "2015",
    "period": "FY",
    "revenue": 20831900000,
    "costOfRevenue": 0,
    "grossProfit": 20831900000,
    "grossProfitRatio": 1,
    "researchAndDevelopmentExpenses": 0,
    "generalAndAdministrativeExpenses": 77500000,
    "sellingAndMarketingExpenses": 0,
    "sellingGeneralAndAdministrativeExpenses": 77500000,
    "otherExpenses": 18842800000,
    "operatingExpenses": 18920300000,
    "costAndExpenses": 18920300000,
    "interestIncome": 0,
    "interestExpense": 136000000,
    "depreciationAndAmortization": 150500000,
    "ebitda": 2198100000,
    "ebitdaratio": 0.1055160595,
    "operatingIncome": 1911600000,
    "operatingIncomeRatio": 0.0917631133,
    "totalOtherIncomeExpensesNet": 0,
    "incomeBeforeTax": 1911600000,
    "incomeBeforeTaxRatio": 0.0917631133,
    "incomeTaxExpense": 611100000,
    "netIncome": 1267600000,
    "netIncomeRatio": 0.0608489864,
    "eps": 2.16,
    "epsdiluted": 2.15,
    "weightedAverageShsOut": 585500000,
    "weightedAverageShsOutDil": 589200000,
    "link": "https://www.sec.gov/Archives/edgar/data/80661/000008066116000080/0000080661-16-000080-index.htm",
    "finalLink": "https://www.sec.gov/Archives/edgar/data/80661/000008066116000080/pgr-20151231x10k.htm"
  },
  {
    "date": "2014-12-31",
    "symbol": "PGR",
    "reportedCurrency": "USD",
    "cik": "0000080661",
    "fillingDate": "2015-03-02",
    "acceptedDate": "2015-03-02 10:59:13",
    "calendarYear": "2014",
    "period": "FY",
    "revenue": 19377300000,
    "costOfRevenue": 0,
    "grossProfit": 19377300000,
    "grossProfitRatio": 1,
    "researchAndDevelopmentExpenses": 0,
    "generalAndAdministrativeExpenses": 50900000,
    "sellingAndMarketingExpenses": 0,
    "sellingGeneralAndAdministrativeExpenses": 50900000,
    "otherExpenses": 17419000000,
    "operatingExpenses": 17469900000,
    "costAndExpenses": 17469900000,
    "interestIncome": 0,
    "interestExpense": 116900000,
    "depreciationAndAmortization": 97100000,
    "ebitda": 2121400000,
    "ebitdaratio": 0.1094786167,
    "operatingIncome": 1907400000,
    "operatingIncomeRatio": 0.0984347665,
    "totalOtherIncomeExpensesNet": 0,
    "incomeBeforeTax": 1907400000,
    "incomeBeforeTaxRatio": 0.0984347665,
    "incomeTaxExpense": 626400000,
    "netIncome": 1281000000,
    "netIncomeRatio": 0.0661082813,
    "eps": 2.17,
    "epsdiluted": 2.15,
    "weightedAverageShsOut": 590600000,
    "weightedAverageShsOutDil": 594800000,
    "link": "https://www.sec.gov/Archives/edgar/data/80661/000008066115000010/0000080661-15-000010-index.htm",
    "finalLink": "https://www.sec.gov/Archives/edgar/data/80661/000008066115000010/pgr-20141231x10k.htm"
  },
  {
    "date": "2013-12-31",
    "symbol": "PGR",
    "reportedCurrency": "USD",
    "cik": "0000080661",
    "fillingDate": "2014-02-26",
    "acceptedDate": "2014-02-26 13:05:32",
    "calendarYear": "2013",
    "period": "FY",
    "revenue": 18156400000,
    "costOfRevenue": 0,
    "grossProfit": 18156400000,
    "grossProfitRatio": 1,
    "researchAndDevelopmentExpenses": 0,
    "generalAndAdministrativeExpenses": 38800000,
    "sellingAndMarketingExpenses": 0,
    "sellingGeneralAndAdministrativeExpenses": 38800000,
    "otherExpenses": 16397600000,
    "operatingExpenses": 16436400000,
    "costAndExpenses": 16436400000,
    "interestIncome": 0,
    "interestExpense": 118200000,
    "depreciationAndAmortization": 101300000,
    "ebitda": 1939500000,
    "ebitdaratio": 0.1068218369,
    "operatingIncome": 1720000000,
    "operatingIncomeRatio": 0.0947324359,
    "totalOtherIncomeExpensesNet": 0,
    "incomeBeforeTax": 1720000000,
    "incomeBeforeTaxRatio": 0.0947324359,
    "incomeTaxExpense": 554600000,
    "netIncome": 1165400000,
    "netIncomeRatio": 0.0641867331,
    "eps": 1.95,
    "epsdiluted": 1.93,
    "weightedAverageShsOut": 599100000,
    "weightedAverageShsOutDil": 603600000,
    "link": "https://www.sec.gov/Archives/edgar/data/80661/000008066114000010/0000080661-14-000010-index.htm",
    "finalLink": "https://www.sec.gov/Archives/edgar/data/80661/000008066114000010/pgr-20131231x10k.htm"
  },
  {
    "date": "2012-12-31",
    "symbol": "PGR",
    "reportedCurrency": "USD",
    "cik": "0000080661",
    "fillingDate": "2013-02-26",
    "acceptedDate": "2013-02-26 11:06:58",
    "calendarYear": "2012",
    "period": "FY",
    "revenue": 17070300000,
    "costOfRevenue": 0,
    "grossProfit": 17070300000,
    "grossProfitRatio": 1,
    "researchAndDevelopmentExpenses": 0,
    "generalAndAdministrativeExpenses": 36100000,
    "sellingAndMarketingExpenses": 0,
    "sellingGeneralAndAdministrativeExpenses": 36100000,
    "otherExpenses": 15716500000,
    "operatingExpenses": 15752600000,
    "costAndExpenses": 15752600000,
    "interestIncome": 0,
    "interestExpense": 123800000,
    "depreciationAndAmortization": 94400000,
    "ebitda": 1535900000,
    "ebitdaratio": 0.0899749858,
    "operatingIncome": 1317700000,
    "operatingIncomeRatio": 0.0771925508,
    "totalOtherIncomeExpensesNet": 0,
    "incomeBeforeTax": 1317700000,
    "incomeBeforeTaxRatio": 0.0771925508,
    "incomeTaxExpense": 415400000,
    "netIncome": 902300000,
    "netIncomeRatio": 0.0528578877,
    "eps": 1.5,
    "epsdiluted": 1.48,
    "weightedAverageShsOut": 603300000,
    "weightedAverageShsOutDil": 607800000,
    "link": "https://www.sec.gov/Archives/edgar/data/80661/000119312513075784/0001193125-13-075784-index.htm",
    "finalLink": "https://www.sec.gov/Archives/edgar/data/80661/000119312513075784/d441077d10k.htm"
  },
  {
    "date": "2011-12-31",
    "symbol": "PGR",
    "reportedCurrency": "USD",
    "cik": "0000080661",
    "fillingDate": "2012-02-28",
    "acceptedDate": "2012-02-28 11:01:45",
    "calendarYear": "2011",
    "period": "FY",
    "revenue": 15761200000,
    "costOfRevenue": 0,
    "grossProfit": 15761200000,
    "grossProfitRatio": 1,
    "researchAndDevelopmentExpenses": 0,
    "generalAndAdministrativeExpenses": 19400000,
    "sellingAndMarketingExpenses": 0,
    "sellingGeneralAndAdministrativeExpenses": 19400000,
    "otherExpenses": 14254800000,
    "operatingExpenses": 14274200000,
    "costAndExpenses": 14274200000,
    "interestIncome": 0,
    "interestExpense": 132700000,
    "depreciationAndAmortization": 88500000,
    "ebitda": 1708200000,
    "ebitdaratio": 0.1083800726,
    "operatingIncome": 1487000000,
    "operatingIncomeRatio": 0.0943456082,
    "totalOtherIncomeExpensesNet": 0,
    "incomeBeforeTax": 1487000000,
    "incomeBeforeTaxRatio": 0.0943456082,
    "incomeTaxExpense": 471500000,
    "netIncome": 1015500000,
    "netIncomeRatio": 0.0644303733,
    "eps": 1.61,
    "epsdiluted": 1.59,
    "weightedAverageShsOut": 632300000,
    "weightedAverageShsOutDil": 636900000,
    "link": "https://www.sec.gov/Archives/edgar/data/80661/000119312512083846/0001193125-12-083846-index.htm",
    "finalLink": "https://www.sec.gov/Archives/edgar/data/80661/000119312512083846/d258000d10k.htm"
  },
  {
    "date": "2010-12-31",
    "symbol": "PGR",
    "reportedCurrency": "USD",
    "cik": "0000080661",
    "fillingDate": "2011-03-01",
    "acceptedDate": "2011-03-01 11:13:25",
    "calendarYear": "2010",
    "period": "FY",
    "revenue": 15197200000,
    "costOfRevenue": 0,
    "grossProfit": 15197200000,
    "grossProfitRatio": 1,
    "researchAndDevelopmentExpenses": 0,
    "generalAndAdministrativeExpenses": 21400000,
    "sellingAndMarketingExpenses": 0,
    "sellingGeneralAndAdministrativeExpenses": 21400000,
    "otherExpenses": 13610600000,
    "operatingExpenses": 13632000000,
    "costAndExpenses": 13632000000,
    "interestIncome": 0,
    "interestExpense": 133500000,
    "depreciationAndAmortization": 83100000,
    "ebitda": 1781800000,
    "ebitdaratio": 0.117245282,
    "operatingIncome": 1565200000,
    "operatingIncomeRatio": 0.1029926565,
    "totalOtherIncomeExpensesNet": 0,
    "incomeBeforeTax": 1565200000,
    "incomeBeforeTaxRatio": 0.1029926565,
    "incomeTaxExpense": 496900000,
    "netIncome": 1068300000,
    "netIncomeRatio": 0.070295844,
    "eps": 1.62,
    "epsdiluted": 1.61,
    "weightedAverageShsOut": 657900000,
    "weightedAverageShsOutDil": 663300000,
    "link": "https://www.sec.gov/Archives/edgar/data/80661/000119312511051378/0001193125-11-051378-index.htm",
    "finalLink": "https://www.sec.gov/Archives/edgar/data/80661/000119312511051378/d10k.htm"
  },
  {
    "date": "2009-12-31",
    "symbol": "PGR",
    "reportedCurrency": "USD",
    "cik": "0000080661",
    "fillingDate": "2010-03-01",
    "acceptedDate": "2010-03-01 12:58:58",
    "calendarYear": "2009",
    "period": "FY",
    "revenue": 14563600000,
    "costOfRevenue": 0,
    "grossProfit": 14563600000,
    "grossProfitRatio": 1,
    "researchAndDevelopmentExpenses": 0,
    "generalAndAdministrativeExpenses": 0,
    "sellingAndMarketingExpenses": 0,
    "sellingGeneralAndAdministrativeExpenses": 19400000,
    "otherExpenses": 12987300000,
    "operatingExpenses": 13006700000,
    "costAndExpenses": 13006700000,
    "interestIncome": 0,
    "interestExpense": 139000000,
    "depreciationAndAmortization": 127600000,
    "ebitda": 1823500000,
    "ebitdaratio": 0.1252094262,
    "operatingIncome": 1556900000,
    "operatingIncomeRatio": 0.1069035129,
    "totalOtherIncomeExpensesNet": 0,
    "incomeBeforeTax": 1556900000,
    "incomeBeforeTaxRatio": 0.1069035129,
    "incomeTaxExpense": 499400000,
    "netIncome": 1057500000,
    "netIncomeRatio": 0.0726125409,
    "eps": 1.59,
    "epsdiluted": 1.57,
    "weightedAverageShsOut": 666800000,
    "weightedAverageShsOutDil": 666800000,
    "link": "https://www.sec.gov/Archives/edgar/data/80661/000119312510044296/0001193125-10-044296-index.htm",
    "finalLink": "https://www.sec.gov/Archives/edgar/data/80661/000119312510044296/d10k.htm"
  },
  {
    "date": "2008-12-31",
    "symbol": "PGR",
    "reportedCurrency": "USD",
    "cik": "0000080661",
    "fillingDate": "2009-02-25",
    "acceptedDate": "2009-02-25 11:48:02",
    "calendarYear": "2008",
    "period": "FY",
    "revenue": 12840100000,
    "costOfRevenue": 0,
    "grossProfit": 12840100000,
    "grossProfitRatio": 1,
    "researchAndDevelopmentExpenses": 0,
    "generalAndAdministrativeExpenses": 0,
    "sellingAndMarketingExpenses": 0,
    "sellingGeneralAndAdministrativeExpenses": 20400000,
    "otherExpenses": 13042000000,
    "operatingExpenses": 13062400000,
    "costAndExpenses": 13062400000,
    "interestIncome": 0,
    "interestExpense": 136700000,
    "depreciationAndAmortization": 133600000,
    "ebitda": 48000000,
    "ebitdaratio": 0.0037382886,
    "operatingIncome": -222300000,
    "operatingIncomeRatio": -0.0173129493,
    "totalOtherIncomeExpensesNet": 0,
    "incomeBeforeTax": -222300000,
    "incomeBeforeTaxRatio": -0.0173129493,
    "incomeTaxExpense": -152300000,
    "netIncome": -70000000,
    "netIncomeRatio": -0.0054516709,
    "eps": -0.1,
    "epsdiluted": -0.1,
    "weightedAverageShsOut": 668000000,
    "weightedAverageShsOutDil": 673900000,
    "link": "https://www.sec.gov/Archives/edgar/data/80661/000119312509037067/0001193125-09-037067-index.htm",
    "finalLink": "https://www.sec.gov/Archives/edgar/data/80661/000119312509037067/d10k.htm"
  },
  {
    "date": "2007-12-31",
    "symbol": "PGR",
    "reportedCurrency": "USD",
    "cik": "0000080661",
    "fillingDate": "2008-02-27",
    "acceptedDate": "2008-02-27 10:46:21",
    "calendarYear": "2007",
    "period": "FY",
    "revenue": 14686800000,
    "costOfRevenue": 0,
    "grossProfit": 14686800000,
    "grossProfitRatio": 1,
    "researchAndDevelopmentExpenses": 0,
    "generalAndAdministrativeExpenses": 0,
    "sellingAndMarketingExpenses": 0,
    "sellingGeneralAndAdministrativeExpenses": 20500000,
    "otherExpenses": 12973300000,
    "operatingExpenses": 12993800000,
    "costAndExpenses": 12993800000,
    "interestIncome": 0,
    "interestExpense": 108600000,
    "depreciationAndAmortization": 133400000,
    "ebitda": 1935000000,
    "ebitdaratio": 0.13175096,
    "operatingIncome": 1693000000,
    "operatingIncomeRatio": 0.115273579,
    "totalOtherIncomeExpensesNet": 0,
    "incomeBeforeTax": 1693000000,
    "incomeBeforeTaxRatio": 0.115273579,
    "incomeTaxExpense": 510500000,
    "netIncome": 1182500000,
    "netIncomeRatio": 0.0805144756,
    "eps": 1.66,
    "epsdiluted": 1.65,
    "weightedAverageShsOut": 710400000,
    "weightedAverageShsOutDil": 718500000,
    "link": "https://www.sec.gov/Archives/edgar/data/80661/000095015208001442/0000950152-08-001442-index.htm",
    "finalLink": "https://www.sec.gov/Archives/edgar/data/80661/000095015208001442/l30025ae10vk.htm"
  },
  {
    "date": "2006-12-31",
    "symbol": "PGR",
    "reportedCurrency": "USD",
    "cik": "0000080661",
    "fillingDate": "2007-02-28",
    "acceptedDate": "2007-02-28 11:28:08",
    "calendarYear": "2006",
    "period": "FY",
    "revenue": 14786400000,
    "costOfRevenue": 0,
    "grossProfit": 14786400000,
    "grossProfitRatio": 1,
    "researchAndDevelopmentExpenses": 0,
    "generalAndAdministrativeExpenses": 0,
    "sellingAndMarketingExpenses": 0,
    "sellingGeneralAndAdministrativeExpenses": 24400000,
    "otherExpenses": 12328800000,
    "operatingExpenses": 12353200000,
    "costAndExpenses": 12353200000,
    "interestIncome": 0,
    "interestExpense": 77300000,
    "depreciationAndAmortization": 103400000,
    "ebitda": 2613900000,
    "ebitdaratio": 0.1767773089,
    "operatingIncome": 2433200000,
    "operatingIncomeRatio": 0.1645566196,
    "totalOtherIncomeExpensesNet": 0,
    "incomeBeforeTax": 2433200000,
    "incomeBeforeTaxRatio": 0.1645566196,
    "incomeTaxExpense": 785700000,
    "netIncome": 1647500000,
    "netIncomeRatio": 0.1114199535,
    "eps": 2.13,
    "epsdiluted": 2.1,
    "weightedAverageShsOut": 774300000,
    "weightedAverageShsOutDil": 774300000,
    "link": "https://www.sec.gov/Archives/edgar/data/80661/000095015207001579/0000950152-07-001579-index.htm",
    "finalLink": "https://www.sec.gov/Archives/edgar/data/80661/000095015207001579/l24289ae10vk.htm"
  },
  {
    "date": "2005-12-31",
    "symbol": "PGR",
    "reportedCurrency": "USD",
    "cik": "0000080661",
    "fillingDate": "2006-02-28",
    "acceptedDate": "2006-02-28 16:01:24",
    "calendarYear": "2005",
    "period": "FY",
    "revenue": 14303400000,
    "costOfRevenue": 0,
    "grossProfit": 14303400000,
    "grossProfitRatio": 1,
    "researchAndDevelopmentExpenses": 0,
    "generalAndAdministrativeExpenses": 0,
    "sellingAndMarketingExpenses": 0,
    "sellingGeneralAndAdministrativeExpenses": 24600000,
    "otherExpenses": 12219900000,
    "operatingExpenses": 12244500000,
    "costAndExpenses": 12244500000,
    "interestIncome": 0,
    "interestExpense": 82600000,
    "depreciationAndAmortization": 92400000,
    "ebitda": 2233900000,
    "ebitdaratio": 0.1561796496,
    "operatingIncome": 2058900000,
    "operatingIncomeRatio": 0.1439447963,
    "totalOtherIncomeExpensesNet": 0,
    "incomeBeforeTax": 2058900000,
    "incomeBeforeTaxRatio": 0.1439447963,
    "incomeTaxExpense": 665000000,
    "netIncome": 1393900000,
    "netIncomeRatio": 0.097452354,
    "eps": 1.77,
    "epsdiluted": 1.74,
    "weightedAverageShsOut": 787700000,
    "weightedAverageShsOutDil": 799300000,
    "link": "https://www.sec.gov/Archives/edgar/data/80661/000095015206001512/0000950152-06-001512-index.htm",
    "finalLink": "https://www.sec.gov/Archives/edgar/data/80661/000095015206001512/l17994ae10vk.htm"
  },
  {
    "date": "2004-12-31",
    "symbol": "PGR",
    "reportedCurrency": "USD",
    "cik": "0000080661",
    "fillingDate": "2005-03-01",
    "acceptedDate": "2005-03-01 14:53:10",
    "calendarYear": "2004",
    "period": "FY",
    "revenue": 13782100000,
    "costOfRevenue": 0,
    "grossProfit": 13782100000,
    "grossProfitRatio": 1,
    "researchAndDevelopmentExpenses": 0,
    "generalAndAdministrativeExpenses": 0,
    "sellingAndMarketingExpenses": 0,
    "sellingGeneralAndAdministrativeExpenses": 25000000,
    "otherExpenses": 11306300000,
    "operatingExpenses": 11331300000,
    "costAndExpenses": 11331300000,
    "interestIncome": 0,
    "interestExpense": 80800000,
    "depreciationAndAmortization": 292100000,
    "ebitda": 2823700000,
    "ebitdaratio": 0.2048816944,
    "operatingIncome": 2450800000,
    "operatingIncomeRatio": 0.1778248598,
    "totalOtherIncomeExpensesNet": 0,
    "incomeBeforeTax": 2450800000,
    "incomeBeforeTaxRatio": 0.1778248598,
    "incomeTaxExpense": 802100000,
    "netIncome": 1648700000,
    "netIncomeRatio": 0.1196261818,
    "eps": 1.94,
    "epsdiluted": 1.91,
    "weightedAverageShsOut": 851600000,
    "weightedAverageShsOutDil": 864800000,
    "link": "https://www.sec.gov/Archives/edgar/data/80661/000095015205001650/0000950152-05-001650-index.htm",
    "finalLink": "https://www.sec.gov/Archives/edgar/data/80661/000095015205001650/l12357ae10vk.htm"
  },
  {
    "date": "2003-12-31",
    "symbol": "PGR",
    "reportedCurrency": "USD",
    "cik": "0000080661",
    "fillingDate": "2004-03-04",
    "acceptedDate": "2004-03-04 17:05:52",
    "calendarYear": "2003",
    "period": "FY",
    "revenue": 11892000000,
    "costOfRevenue": 0,
    "grossProfit": 11892000000,
    "grossProfitRatio": 1,
    "researchAndDevelopmentExpenses": 0,
    "generalAndAdministrativeExpenses": 0,
    "sellingAndMarketingExpenses": 0,
    "sellingGeneralAndAdministrativeExpenses": 25700000,
    "otherExpenses": 10006600000,
    "operatingExpenses": 10032300000,
    "costAndExpenses": 10032300000,
    "interestIncome": 0,
    "interestExpense": 95500000,
    "depreciationAndAmortization": 89300000,
    "ebitda": 2044500000,
    "ebitdaratio": 0.1719223007,
    "operatingIncome": 1859700000,
    "operatingIncomeRatio": 0.156382442,
    "totalOtherIncomeExpensesNet": 0,
    "incomeBeforeTax": 1859700000,
    "incomeBeforeTaxRatio": 0.156382442,
    "incomeTaxExpense": 604300000,
    "netIncome": 1255400000,
    "netIncomeRatio": 0.1055667676,
    "eps": 1.45,
    "epsdiluted": 1.42,
    "weightedAverageShsOut": 867200000,
    "weightedAverageShsOutDil": 882000000,
    "link": "https://www.sec.gov/Archives/edgar/data/80661/000095015204001600/0000950152-04-001600-index.htm",
    "finalLink": "https://www.sec.gov/Archives/edgar/data/80661/000095015204001600/l05942ae10vk.htm"
  },
  {
    "date": "2002-12-31",
    "symbol": "PGR",
    "reportedCurrency": "USD",
    "cik": "0000080661",
    "fillingDate": "2003-03-14",
    "acceptedDate": "2003-03-14 12:47:25",
    "calendarYear": "2002",
    "period": "FY",
    "revenue": 9294400000,
    "costOfRevenue": 0,
    "grossProfit": 9294400000,
    "grossProfitRatio": 1,
    "researchAndDevelopmentExpenses": 0,
    "generalAndAdministrativeExpenses": 0,
    "sellingAndMarketingExpenses": 0,
    "sellingGeneralAndAdministrativeExpenses": 22000000,
    "otherExpenses": 8291000000,
    "operatingExpenses": 8313000000,
    "costAndExpenses": 8313000000,
    "interestIncome": 0,
    "interestExpense": 74600000,
    "depreciationAndAmortization": 83900000,
    "ebitda": 1139900000,
    "ebitdaratio": 0.1226437425,
    "operatingIncome": 981400000,
    "operatingIncomeRatio": 0.1055904631,
    "totalOtherIncomeExpensesNet": 0,
    "incomeBeforeTax": 981400000,
    "incomeBeforeTaxRatio": 0.1055904631,
    "incomeTaxExpense": 314100000,
    "netIncome": 667300000,
    "netIncomeRatio": 0.0717959201,
    "eps": 0.76,
    "epsdiluted": 0.75,
    "weightedAverageShsOut": 876000000,
    "weightedAverageShsOutDil": 892800000,
    "link": "https://www.sec.gov/Archives/edgar/data/80661/000095015203002937/0000950152-03-002937-index.htm",
    "finalLink": "https://www.sec.gov/Archives/edgar/data/80661/000095015203002937/l99510ae10vk.htm"
  },
  {
    "date": "2001-12-31",
    "symbol": "PGR",
    "reportedCurrency": "USD",
    "cik": "0000080661",
    "fillingDate": "2002-03-28",
    "acceptedDate": "2002-03-28 00:00:00",
    "calendarYear": "2001",
    "period": "FY",
    "revenue": 7488200000,
    "costOfRevenue": 0,
    "grossProfit": 7488200000,
    "grossProfitRatio": 1,
    "researchAndDevelopmentExpenses": 0,
    "generalAndAdministrativeExpenses": 0,
    "sellingAndMarketingExpenses": 0,
    "sellingGeneralAndAdministrativeExpenses": 19800000,
    "otherExpenses": 6880800000,
    "operatingExpenses": 6900600000,
    "costAndExpenses": 6900600000,
    "interestIncome": 0,
    "interestExpense": 52200000,
    "depreciationAndAmortization": 81000000,
    "ebitda": 720800000,
    "ebitdaratio": 0.0962581128,
    "operatingIncome": 587600000,
    "operatingIncomeRatio": 0.0784701263,
    "totalOtherIncomeExpensesNet": 0,
    "incomeBeforeTax": 587600000,
    "incomeBeforeTaxRatio": 0.0784701263,
    "incomeTaxExpense": 176200000,
    "netIncome": 411400000,
    "netIncomeRatio": 0.0549397719,
    "eps": 0.47,
    "epsdiluted": 0.46,
    "weightedAverageShsOut": 884000000,
    "weightedAverageShsOutDil": 900800000,
    "link": "https://www.sec.gov/Archives/edgar/data/80661/000095015202002479/0000950152-02-002479-index.htm",
    "finalLink": "https://www.sec.gov/Archives/edgar/data/80661/000095015202002479/l93089ae10-k405.htm"
  },
  {
    "date": "2000-12-31",
    "symbol": "PGR",
    "reportedCurrency": "USD",
    "cik": "0000080661",
    "fillingDate": "2001-03-29",
    "acceptedDate": "2001-03-29 00:00:00",
    "calendarYear": "2000",
    "period": "FY",
    "revenue": 6771000000,
    "costOfRevenue": 0,
    "grossProfit": 6771000000,
    "grossProfitRatio": 1,
    "researchAndDevelopmentExpenses": 0,
    "generalAndAdministrativeExpenses": 0,
    "sellingAndMarketingExpenses": 0,
    "sellingGeneralAndAdministrativeExpenses": 21400000,
    "otherExpenses": 6717800000,
    "operatingExpenses": 6739200000,
    "costAndExpenses": 6739200000,
    "interestIncome": 0,
    "interestExpense": 77800000,
    "depreciationAndAmortization": 77600000,
    "ebitda": 187200000,
    "ebitdaratio": 0.0276473195,
    "operatingIncome": 31800000,
    "operatingIncomeRatio": 0.0046964998,
    "totalOtherIncomeExpensesNet": 0,
    "incomeBeforeTax": 31800000,
    "incomeBeforeTaxRatio": 0.0046964998,
    "incomeTaxExpense": -14300000,
    "netIncome": 46100000,
    "netIncomeRatio": 0.0068084478,
    "eps": 0.0525,
    "epsdiluted": 0.0517,
    "weightedAverageShsOut": 878400000,
    "weightedAverageShsOutDil": 891600000,
    "link": "https://www.sec.gov/Archives/edgar/data/80661/000095015201001830/0000950152-01-001830-index.htm",
    "finalLink": "https://www.sec.gov/Archives/edgar/data/80661/000095015201001830/l87143ae10-k.htm"
  },
  {
    "date": "1999-12-31",
    "symbol": "PGR",
    "reportedCurrency": "USD",
    "cik": "0000080661",
    "fillingDate": "2000-03-30",
    "acceptedDate": "2000-03-30 00:00:00",
    "calendarYear": "1999",
    "period": "FY",
    "revenue": 6124200000,
    "costOfRevenue": 0,
    "grossProfit": 6124200000,
    "grossProfitRatio": 1,
    "researchAndDevelopmentExpenses": 0,
    "generalAndAdministrativeExpenses": 0,
    "sellingAndMarketingExpenses": 0,
    "sellingGeneralAndAdministrativeExpenses": 40900000,
    "otherExpenses": 5671100000,
    "operatingExpenses": 5712000000,
    "costAndExpenses": 5712000000,
    "interestIncome": 0,
    "interestExpense": 76400000,
    "depreciationAndAmortization": 71800000,
    "ebitda": 560400000,
    "ebitdaratio": 0.0915058293,
    "operatingIncome": 412200000,
    "operatingIncomeRatio": 0.0673067503,
    "totalOtherIncomeExpensesNet": 0,
    "incomeBeforeTax": 412200000,
    "incomeBeforeTaxRatio": 0.0673067503,
    "incomeTaxExpense": 117000000,
    "netIncome": 295200000,
    "netIncomeRatio": 0.0482022142,
    "eps": 0.34,
    "epsdiluted": 0.33,
    "weightedAverageShsOut": 874800000,
    "weightedAverageShsOutDil": 895200000,
    "link": "https://www.sec.gov/Archives/edgar/data/80661/000095015200002514/0000950152-00-002514-index.html",
    "finalLink": "https://www.sec.gov/Archives/edgar/data/80661/000095015200002514/"
  },
  {
    "date": "1998-12-31",
    "symbol": "PGR",
    "reportedCurrency": "USD",
    "cik": "0000080661",
    "fillingDate": "1999-03-26",
    "acceptedDate": "1999-03-26 00:00:00",
    "calendarYear": "1998",
    "period": "FY",
    "revenue": 5292400000,
    "costOfRevenue": 0,
    "grossProfit": 5292400000,
    "grossProfitRatio": 1,
    "researchAndDevelopmentExpenses": 0,
    "generalAndAdministrativeExpenses": 0,
    "sellingAndMarketingExpenses": 0,
    "sellingGeneralAndAdministrativeExpenses": 30800000,
    "otherExpenses": 4600500000,
    "operatingExpenses": 4631300000,
    "costAndExpenses": 4631300000,
    "interestIncome": 0,
    "interestExpense": 61100000,
    "depreciationAndAmortization": 56100000,
    "ebitda": 778300000,
    "ebitdaratio": 0.147059935,
    "operatingIncome": 661100000,
    "operatingIncomeRatio": 0.1249149724,
    "totalOtherIncomeExpensesNet": 0,
    "incomeBeforeTax": 661100000,
    "incomeBeforeTaxRatio": 0.1249149724,
    "incomeTaxExpense": 204400000,
    "netIncome": 456700000,
    "netIncomeRatio": 0.086293553,
    "eps": 0.53,
    "epsdiluted": 0.51,
    "weightedAverageShsOut": 870000000,
    "weightedAverageShsOutDil": 896400000,
    "link": "https://www.sec.gov/Archives/edgar/data/80661/000095015299002467/0000950152-99-002467-index.html",
    "finalLink": "https://www.sec.gov/Archives/edgar/data/80661/"
  },
  {
    "date": "1997-12-31",
    "symbol": "PGR",
    "reportedCurrency": "USD",
    "cik": "0000080661",
    "fillingDate": "1998-03-27",
    "acceptedDate": "1998-03-27 00:00:00",
    "calendarYear": "1997",
    "period": "FY",
    "revenue": 4608200000,
    "costOfRevenue": 0,
    "grossProfit": 4608200000,
    "grossProfitRatio": 1,
    "researchAndDevelopmentExpenses": 0,
    "generalAndAdministrativeExpenses": 0,
    "sellingAndMarketingExpenses": 0,
    "sellingGeneralAndAdministrativeExpenses": 43900000,
    "otherExpenses": 3985800000,
    "operatingExpenses": 4029700000,
    "costAndExpenses": 4029700000,
    "interestIncome": 0,
    "interestExpense": 64600000,
    "depreciationAndAmortization": 36600000,
    "ebitda": 679700000,
    "ebitdaratio": 0.1474979385,
    "operatingIncome": 578500000,
    "operatingIncomeRatio": 0.1255370861,
    "totalOtherIncomeExpensesNet": 0,
    "incomeBeforeTax": 578500000,
    "incomeBeforeTaxRatio": 0.1255370861,
    "incomeTaxExpense": 178500000,
    "netIncome": 400000000,
    "netIncomeRatio": 0.0868017881,
    "eps": 0.46,
    "epsdiluted": 0.44,
    "weightedAverageShsOut": 864000000,
    "weightedAverageShsOutDil": 903600000,
    "link": "https://www.sec.gov/Archives/edgar/data/80661/000095015298002601/0000950152-98-002601-index.html",
    "finalLink": "https://www.sec.gov/Archives/edgar/data/80661/"
  },
  {
    "date": "1996-12-31",
    "symbol": "PGR",
    "reportedCurrency": "USD",
    "cik": "0000080661",
    "fillingDate": "1997-03-31",
    "acceptedDate": "1997-03-31 00:00:00",
    "calendarYear": "1996",
    "period": "FY",
    "revenue": 3478400000,
    "costOfRevenue": 0,
    "grossProfit": 3478400000,
    "grossProfitRatio": 1,
    "researchAndDevelopmentExpenses": 0,
    "generalAndAdministrativeExpenses": 0,
    "sellingAndMarketingExpenses": 0,
    "sellingGeneralAndAdministrativeExpenses": 41900000,
    "otherExpenses": 2994800000,
    "operatingExpenses": 3036700000,
    "costAndExpenses": 3036700000,
    "interestIncome": 0,
    "interestExpense": 61500000,
    "depreciationAndAmortization": 23800000,
    "ebitda": 527000000,
    "ebitdaratio": 0.1515064397,
    "operatingIncome": 441700000,
    "operatingIncomeRatio": 0.1269836707,
    "totalOtherIncomeExpensesNet": 0,
    "incomeBeforeTax": 441700000,
    "incomeBeforeTaxRatio": 0.1269836707,
    "incomeTaxExpense": 128000000,
    "netIncome": 313700000,
    "netIncomeRatio": 0.0901851426,
    "eps": 0.35,
    "epsdiluted": 0.34,
    "weightedAverageShsOut": 909275362,
    "weightedAverageShsOutDil": 915912409,
    "link": "https://www.sec.gov/Archives/edgar/data/80661/000095015297002528/0000950152-97-002528-index.html",
    "finalLink": "https://www.sec.gov/Archives/edgar/data/80661/"
  },
  {
    "date": "1995-12-31",
    "symbol": "PGR",
    "reportedCurrency": "USD",
    "cik": "0000080661",
    "fillingDate": "1996-03-15",
    "acceptedDate": "1996-03-15 00:00:00",
    "calendarYear": "1995",
    "period": "FY",
    "revenue": 3011900000,
    "costOfRevenue": 0,
    "grossProfit": 3011900000,
    "grossProfitRatio": 1,
    "researchAndDevelopmentExpenses": 0,
    "generalAndAdministrativeExpenses": 0,
    "sellingAndMarketingExpenses": 0,
    "sellingGeneralAndAdministrativeExpenses": 30200000,
    "otherExpenses": 2635800000,
    "operatingExpenses": 2666000000,
    "costAndExpenses": 2666000000,
    "interestIncome": 0,
    "interestExpense": 57100000,
    "depreciationAndAmortization": 20400000,
    "ebitda": 423400000,
    "ebitdaratio": 0.1405757163,
    "operatingIncome": 345900000,
    "operatingIncomeRatio": 0.1148444503,
    "totalOtherIncomeExpensesNet": 0,
    "incomeBeforeTax": 345900000,
    "incomeBeforeTaxRatio": 0.1148444503,
    "incomeTaxExpense": 95400000,
    "netIncome": 250500000,
    "netIncomeRatio": 0.083170092,
    "eps": 0.27,
    "epsdiluted": 0.27,
    "weightedAverageShsOut": 922085890,
    "weightedAverageShsOutDil": 927777778,
    "link": "https://www.sec.gov/Archives/edgar/data/80661/000095015296001017/0000950152-96-001017-index.html",
    "finalLink": "https://www.sec.gov/Archives/edgar/data/80661/"
  },
  {
    "date": "1994-12-31",
    "symbol": "PGR",
    "reportedCurrency": "USD",
    "cik": "0000080661",
    "fillingDate": "1995-03-28",
    "acceptedDate": "1995-03-28 00:00:00",
    "calendarYear": "1994",
    "period": "FY",
    "revenue": 2415300000,
    "costOfRevenue": 0,
    "grossProfit": 2415300000,
    "grossProfitRatio": 1,
    "researchAndDevelopmentExpenses": 0,
    "generalAndAdministrativeExpenses": 0,
    "sellingAndMarketingExpenses": 0,
    "sellingGeneralAndAdministrativeExpenses": 31900000,
    "otherExpenses": 2003600000,
    "operatingExpenses": 2035500000,
    "costAndExpenses": 2035500000,
    "interestIncome": 0,
    "interestExpense": 55300000,
    "depreciationAndAmortization": 19300000,
    "ebitda": 454400000,
    "ebitdaratio": 0.1881339792,
    "operatingIncome": 379800000,
    "operatingIncomeRatio": 0.1572475469,
    "totalOtherIncomeExpensesNet": 0,
    "incomeBeforeTax": 379800000,
    "incomeBeforeTaxRatio": 0.1572475469,
    "incomeTaxExpense": 105500000,
    "netIncome": 274300000,
    "netIncomeRatio": 0.1135676728,
    "eps": 0.3,
    "epsdiluted": 0.3,
    "weightedAverageShsOut": 916880223,
    "weightedAverageShsOutDil": 916880223,
    "link": "https://www.sec.gov/Archives/edgar/data/80661/000095015295000465/0000950152-95-000465-index.html",
    "finalLink": "https://www.sec.gov/Archives/edgar/data/80661/"
  },
  {
    "date": "1993-12-31",
    "symbol": "PGR",
    "reportedCurrency": "USD",
    "cik": "0000080661",
    "fillingDate": "1994-03-29",
    "acceptedDate": "1994-03-29 17:28:00",
    "calendarYear": "1993",
    "period": "FY",
    "revenue": 1954800000,
    "costOfRevenue": 0,
    "grossProfit": 1954800000,
    "grossProfitRatio": 1,
    "researchAndDevelopmentExpenses": 0,
    "generalAndAdministrativeExpenses": 0,
    "sellingAndMarketingExpenses": 0,
    "sellingGeneralAndAdministrativeExpenses": 36900000,
    "otherExpenses": 1544800000,
    "operatingExpenses": 1581700000,
    "costAndExpenses": 1581700000,
    "interestIncome": 0,
    "interestExpense": 39700000,
    "depreciationAndAmortization": 16100000,
    "ebitda": 428900000,
    "ebitdaratio": 0.2194086352,
    "operatingIncome": 373100000,
    "operatingIncomeRatio": 0.1908635154,
    "totalOtherIncomeExpensesNet": 0,
    "incomeBeforeTax": 373100000,
    "incomeBeforeTaxRatio": 0.1908635154,
    "incomeTaxExpense": 105800000,
    "netIncome": 267300000,
    "netIncomeRatio": 0.1367403315,
    "eps": 0.3,
    "epsdiluted": 0.3,
    "weightedAverageShsOut": 893481894,
    "weightedAverageShsOutDil": 895977654,
    "link": "https://www.sec.gov/Archives/edgar/data/80661/000095015294000341/0000950152-94-000341-index.htm",
    "finalLink": "https://www.sec.gov/Archives/edgar/data/80661/000095015294000341/"
  },
  {
    "date": "1992-12-31",
    "symbol": "PGR",
    "reportedCurrency": "USD",
    "cik": "0000080661",
    "fillingDate": "1992-12-31",
    "acceptedDate": "1992-12-31 00:00:00",
    "calendarYear": "1992",
    "period": "FY",
    "revenue": 1738900000,
    "costOfRevenue": 0,
    "grossProfit": 1738900000,
    "grossProfitRatio": 1,
    "researchAndDevelopmentExpenses": 0,
    "generalAndAdministrativeExpenses": 0,
    "sellingAndMarketingExpenses": 0,
    "sellingGeneralAndAdministrativeExpenses": 0,
    "otherExpenses": 490100000,
    "operatingExpenses": 490100000,
    "costAndExpenses": 490100000,
    "interestIncome": 0,
    "interestExpense": 44500000,
    "depreciationAndAmortization": 24300000,
    "ebitda": 68800000,
    "ebitdaratio": 0.0395652424,
    "operatingIncome": 1248800000,
    "operatingIncomeRatio": 0.7181551556,
    "totalOtherIncomeExpensesNet": 0,
    "incomeBeforeTax": 0,
    "incomeBeforeTaxRatio": 0,
    "incomeTaxExpense": 39100000,
    "netIncome": 153800000,
    "netIncomeRatio": 0.0884467192,
    "eps": 0.19,
    "epsdiluted": 0.17,
    "weightedAverageShsOut": 796309432,
    "weightedAverageShsOutDil": 901191237,
    "link": null,
    "finalLink": null
  },
  {
    "date": "1991-12-31",
    "symbol": "PGR",
    "reportedCurrency": "USD",
    "cik": "0000080661",
    "fillingDate": "1991-12-31",
    "acceptedDate": "1991-12-31 00:00:00",
    "calendarYear": "1991",
    "period": "FY",
    "revenue": 1493100000,
    "costOfRevenue": 0,
    "grossProfit": 1493100000,
    "grossProfitRatio": 1,
    "researchAndDevelopmentExpenses": 0,
    "generalAndAdministrativeExpenses": 0,
    "sellingAndMarketingExpenses": 0,
    "sellingGeneralAndAdministrativeExpenses": 0,
    "otherExpenses": 523600000,
    "operatingExpenses": 523600000,
    "costAndExpenses": 523600000,
    "interestIncome": 0,
    "interestExpense": 47800000,
    "depreciationAndAmortization": 28400000,
    "ebitda": 0,
    "ebitdaratio": 0,
    "operatingIncome": 969500000,
    "operatingIncomeRatio": 0.6493202063,
    "totalOtherIncomeExpensesNet": 0,
    "incomeBeforeTax": 0,
    "incomeBeforeTaxRatio": 0,
    "incomeTaxExpense": 0,
    "netIncome": 32900000,
    "netIncomeRatio": 0.0220346929,
    "eps": 0.0341,
    "epsdiluted": 0.0341,
    "weightedAverageShsOut": 963876600,
    "weightedAverageShsOutDil": 963876600,
    "link": null,
    "finalLink": null
  },
  {
    "date": "1990-12-31",
    "symbol": "PGR",
    "reportedCurrency": "USD",
    "cik": "0000080661",
    "fillingDate": "1990-12-31",
    "acceptedDate": "1990-12-31 00:00:00",
    "calendarYear": "1990",
    "period": "FY",
    "revenue": 136700000,
    "costOfRevenue": 0,
    "grossProfit": 136700000,
    "grossProfitRatio": 1,
    "researchAndDevelopmentExpenses": 0,
    "generalAndAdministrativeExpenses": 0,
    "sellingAndMarketingExpenses": 0,
    "sellingGeneralAndAdministrativeExpenses": 0,
    "otherExpenses": 48400000,
    "operatingExpenses": 48400000,
    "costAndExpenses": 48400000,
    "interestIncome": 0,
    "interestExpense": 48400000,
    "depreciationAndAmortization": 0,
    "ebitda": 0,
    "ebitdaratio": 0,
    "operatingIncome": 88300000,
    "operatingIncomeRatio": 0.6459400146,
    "totalOtherIncomeExpensesNet": 0,
    "incomeBeforeTax": 0,
    "incomeBeforeTaxRatio": 0,
    "incomeTaxExpense": -7900000,
    "netIncome": 93400000,
    "netIncomeRatio": 0.6832479883,
    "eps": 0.11,
    "epsdiluted": 0.0991,
    "weightedAverageShsOut": 876501502,
    "weightedAverageShsOutDil": 942786773,
    "link": null,
    "finalLink": null
  },
  {
    "date": "1989-12-31",
    "symbol": "PGR",
    "reportedCurrency": "USD",
    "cik": "0000080661",
    "fillingDate": "1989-12-31",
    "acceptedDate": "1989-12-31 00:00:00",
    "calendarYear": "1989",
    "period": "FY",
    "revenue": 1392700000,
    "costOfRevenue": 0,
    "grossProfit": 1392700000,
    "grossProfitRatio": 1,
    "researchAndDevelopmentExpenses": 0,
    "generalAndAdministrativeExpenses": 0,
    "sellingAndMarketingExpenses": 0,
    "sellingGeneralAndAdministrativeExpenses": 0,
    "otherExpenses": 346000000,
    "operatingExpenses": 346000000,
    "costAndExpenses": 346000000,
    "interestIncome": 0,
    "interestExpense": 49300000,
    "depreciationAndAmortization": 17400000,
    "ebitda": 66700000,
    "ebitdaratio": 0.0478925828,
    "operatingIncome": 1046700000,
    "operatingIncomeRatio": 0.7515617147,
    "totalOtherIncomeExpensesNet": 0,
    "incomeBeforeTax": 0,
    "incomeBeforeTaxRatio": 0,
    "incomeTaxExpense": 8100000,
    "netIncome": 78000000,
    "netIncomeRatio": 0.0560063187,
    "eps": 0.0767,
    "epsdiluted": 0.11,
    "weightedAverageShsOut": 1016731017,
    "weightedAverageShsOutDil": 1016731017,
    "link": null,
    "finalLink": null
  },
  {
    "date": "1988-12-31",
    "symbol": "PGR",
    "reportedCurrency": "USD",
    "cik": "0000080661",
    "fillingDate": "1988-12-31",
    "acceptedDate": "1988-12-30 19:00:00",
    "calendarYear": "1988",
    "period": "FY",
    "revenue": 1344700000,
    "costOfRevenue": 0,
    "grossProfit": 1344700000,
    "grossProfitRatio": 1,
    "researchAndDevelopmentExpenses": 0,
    "generalAndAdministrativeExpenses": 0,
    "sellingAndMarketingExpenses": 0,
    "sellingGeneralAndAdministrativeExpenses": 0,
    "otherExpenses": 16000000,
    "operatingExpenses": 16000000,
    "costAndExpenses": 16000000,
    "interestIncome": 0,
    "interestExpense": 16000000,
    "depreciationAndAmortization": 0,
    "ebitda": 0,
    "ebitdaratio": 0,
    "operatingIncome": 1328700000,
    "operatingIncomeRatio": 0.9881014353,
    "totalOtherIncomeExpensesNet": 0,
    "incomeBeforeTax": 0,
    "incomeBeforeTaxRatio": 0,
    "incomeTaxExpense": 23900000,
    "netIncome": 108100000,
    "netIncomeRatio": 0.080389678,
    "eps": 0.11,
    "epsdiluted": 0.1,
    "weightedAverageShsOut": 1006583297,
    "weightedAverageShsOutDil": 1055684681,
    "link": "",
    "finalLink": ""
  },
  {
    "date": "1987-12-31",
    "symbol": "PGR",
    "reportedCurrency": "USD",
    "cik": "0000080661",
    "fillingDate": "1987-12-31",
    "acceptedDate": "1987-12-30 19:00:00",
    "calendarYear": "1987",
    "period": "FY",
    "revenue": 999900000,
    "costOfRevenue": 0,
    "grossProfit": 999900000,
    "grossProfitRatio": 1,
    "researchAndDevelopmentExpenses": 0,
    "generalAndAdministrativeExpenses": 0,
    "sellingAndMarketingExpenses": 0,
    "sellingGeneralAndAdministrativeExpenses": 0,
    "otherExpenses": 10800000,
    "operatingExpenses": 10800000,
    "costAndExpenses": 10800000,
    "interestIncome": 0,
    "interestExpense": 10800000,
    "depreciationAndAmortization": 0,
    "ebitda": 0,
    "ebitdaratio": 0,
    "operatingIncome": 989100000,
    "operatingIncomeRatio": 0.9891989199,
    "totalOtherIncomeExpensesNet": 0,
    "incomeBeforeTax": 0,
    "incomeBeforeTaxRatio": 0,
    "incomeTaxExpense": 16200000,
    "netIncome": 91300000,
    "netIncomeRatio": 0.0913091309,
    "eps": 0.0874,
    "epsdiluted": 0.0874,
    "weightedAverageShsOut": 1044467070,
    "weightedAverageShsOutDil": 1044467070,
    "link": "",
    "finalLink": ""
  },
  {
    "date": "1986-12-31",
    "symbol": "PGR",
    "reportedCurrency": "USD",
    "cik": "0000080661",
    "fillingDate": "1986-12-31",
    "acceptedDate": "1986-12-30 19:00:00",
    "calendarYear": "1986",
    "period": "FY",
    "revenue": 731900000,
    "costOfRevenue": 0,
    "grossProfit": 731900000,
    "grossProfitRatio": 1,
    "researchAndDevelopmentExpenses": 0,
    "generalAndAdministrativeExpenses": 0,
    "sellingAndMarketingExpenses": 0,
    "sellingGeneralAndAdministrativeExpenses": 0,
    "otherExpenses": 6100000,
    "operatingExpenses": 6100000,
    "costAndExpenses": 6100000,
    "interestIncome": 0,
    "interestExpense": 6100000,
    "depreciationAndAmortization": 0,
    "ebitda": 0,
    "ebitdaratio": 0,
    "operatingIncome": 725800000,
    "operatingIncomeRatio": 0.9916655281,
    "totalOtherIncomeExpensesNet": 0,
    "incomeBeforeTax": 0,
    "incomeBeforeTaxRatio": 0,
    "incomeTaxExpense": 15800000,
    "netIncome": 55300000,
    "netIncomeRatio": 0.0755567701,
    "eps": 0.0549,
    "epsdiluted": 0.0549,
    "weightedAverageShsOut": 1006461006,
    "weightedAverageShsOutDil": 1006461006,
    "link": "",
    "finalLink": ""
  },
  {
    "date": "1985-12-31",
    "symbol": "PGR",
    "reportedCurrency": "USD",
    "cik": "0000080661",
    "fillingDate": "1985-12-31",
    "acceptedDate": "1985-12-30 19:00:00",
    "calendarYear": "1985",
    "period": "FY",
    "revenue": 490800000,
    "costOfRevenue": 0,
    "grossProfit": 490800000,
    "grossProfitRatio": 1,
    "researchAndDevelopmentExpenses": 0,
    "generalAndAdministrativeExpenses": 0,
    "sellingAndMarketingExpenses": 0,
    "sellingGeneralAndAdministrativeExpenses": 0,
    "otherExpenses": 8800000,
    "operatingExpenses": 8800000,
    "costAndExpenses": 8800000,
    "interestIncome": 0,
    "interestExpense": 8800000,
    "depreciationAndAmortization": 0,
    "ebitda": 0,
    "ebitdaratio": 0,
    "operatingIncome": 482000000,
    "operatingIncomeRatio": 0.9820700896,
    "totalOtherIncomeExpensesNet": 0,
    "incomeBeforeTax": 0,
    "incomeBeforeTaxRatio": 0,
    "incomeTaxExpense": -1100000,
    "netIncome": 25500000,
    "netIncomeRatio": 0.0519559902,
    "eps": 0.0316,
    "epsdiluted": 0.0316,
    "weightedAverageShsOut": 806069227,
    "weightedAverageShsOutDil": 806069227,
    "link": "",
    "finalLink": ""
  }
]