[
  {
    "date": "2025-06-30",
    "symbol": "PH",
    "reportedCurrency": "USD",
    "cik": "0000076334",
    "fillingDate": "2025-08-22",
    "acceptedDate": "2025-08-22 08:01:10",
    "calendarYear": "2025",
    "period": "Q4",
    "revenue": 5243000000,
    "costOfRevenue": 3285000000,
    "grossProfit": 1958000000,
    "grossProfitRatio": 0.3734503147,
    "researchAndDevelopmentExpenses": 0,
    "generalAndAdministrativeExpenses": 839435000,
    "sellingAndMarketingExpenses": 0,
    "sellingGeneralAndAdministrativeExpenses": 839000000,
    "otherExpenses": 0,
    "operatingExpenses": 839000000,
    "costAndExpenses": 4124000000,
    "interestIncome": 0,
    "interestExpense": 99000000,
    "depreciationAndAmortization": 230000000,
    "ebitda": 1400000000,
    "ebitdaratio": 0.2670226969,
    "operatingIncome": 1119000000,
    "operatingIncomeRatio": 0.213427427,
    "totalOtherIncomeExpensesNet": -48000000,
    "incomeBeforeTax": 1071000000,
    "incomeBeforeTaxRatio": 0.2042723632,
    "incomeTaxExpense": 148000000,
    "netIncome": 923000000,
    "netIncomeRatio": 0.1760442495,
    "eps": 7.25,
    "epsdiluted": 7.15,
    "weightedAverageShsOut": 127200000,
    "weightedAverageShsOutDil": 129000000,
    "link": "https://www.sec.gov/Archives/edgar/data/76334/000007633425000035/0000076334-25-000035-index.htm",
    "finalLink": "https://www.sec.gov/Archives/edgar/data/76334/000007633425000035/ph-20250630.htm"
  },
  {
    "date": "2025-03-31",
    "symbol": "PH",
    "reportedCurrency": "USD",
    "cik": "0000076334",
    "fillingDate": "2025-05-06",
    "acceptedDate": "2025-05-06 07:44:35",
    "calendarYear": "2025",
    "period": "Q3",
    "revenue": 4960349000,
    "costOfRevenue": 3125209000,
    "grossProfit": 1835140000,
    "grossProfitRatio": 0.3699618716,
    "researchAndDevelopmentExpenses": 0,
    "generalAndAdministrativeExpenses": 784355000,
    "sellingAndMarketingExpenses": 0,
    "sellingGeneralAndAdministrativeExpenses": 784355000,
    "otherExpenses": -10968000,
    "operatingExpenses": 773387000,
    "costAndExpenses": 3898596000,
    "interestIncome": 3378000,
    "interestExpense": 95942000,
    "depreciationAndAmortization": 222796000,
    "ebitda": 1313552000,
    "ebitdaratio": 0.2648103994,
    "operatingIncome": 1061752999,
    "operatingIncomeRatio": 0.2140480436,
    "totalOtherIncomeExpensesNet": -66938999,
    "incomeBeforeTax": 994814000,
    "incomeBeforeTaxRatio": 0.2005532272,
    "incomeTaxExpense": 33628000,
    "netIncome": 960866000,
    "netIncomeRatio": 0.1937093539,
    "eps": 7.48,
    "epsdiluted": 7.37,
    "weightedAverageShsOut": 128752836,
    "weightedAverageShsOutDil": 130758807,
    "link": "https://www.sec.gov/Archives/edgar/data/76334/000007633425000021/0000076334-25-000021-index.htm",
    "finalLink": "https://www.sec.gov/Archives/edgar/data/76334/000007633425000021/ph-20250331.htm"
  },
  {
    "date": "2024-12-31",
    "symbol": "PH",
    "reportedCurrency": "USD",
    "cik": "0000076334",
    "fillingDate": "2025-01-31",
    "acceptedDate": "2025-01-31 07:40:44",
    "calendarYear": "2025",
    "period": "Q2",
    "revenue": 4742593000,
    "costOfRevenue": 3011639000,
    "grossProfit": 1730954000,
    "grossProfitRatio": 0.3649805075,
    "researchAndDevelopmentExpenses": 0,
    "generalAndAdministrativeExpenses": 782421000,
    "sellingAndMarketingExpenses": 0,
    "sellingGeneralAndAdministrativeExpenses": 782421000,
    "otherExpenses": -16607000,
    "operatingExpenses": 765814000,
    "costAndExpenses": 3777453000,
    "interestIncome": 2431000,
    "interestExpense": 100802000,
    "depreciationAndAmortization": 225823000,
    "ebitda": 1492482000,
    "ebitdaratio": 0.3146974661,
    "operatingIncome": 965140000,
    "operatingIncomeRatio": 0.2035047072,
    "totalOtherIncomeExpensesNet": 200717000,
    "incomeBeforeTax": 1165857000,
    "incomeBeforeTaxRatio": 0.2458269137,
    "incomeTaxExpense": 217208000,
    "netIncome": 948542000,
    "netIncomeRatio": 0.200004934,
    "eps": 7.37,
    "epsdiluted": 7.25,
    "weightedAverageShsOut": 128752836,
    "weightedAverageShsOutDil": 130758808,
    "link": "https://www.sec.gov/Archives/edgar/data/76334/000007633425000011/0000076334-25-000011-index.htm",
    "finalLink": "https://www.sec.gov/Archives/edgar/data/76334/000007633425000011/ph-20241231.htm"
  },
  {
    "date": "2024-09-30",
    "symbol": "PH",
    "reportedCurrency": "USD",
    "cik": "0000076334",
    "fillingDate": "2024-11-05",
    "acceptedDate": "2024-11-05 07:12:37",
    "calendarYear": "2025",
    "period": "Q1",
    "revenue": 4903984000,
    "costOfRevenue": 3092279000,
    "grossProfit": 1811705000,
    "grossProfitRatio": 0.3694353407,
    "researchAndDevelopmentExpenses": 0,
    "generalAndAdministrativeExpenses": 848789000,
    "sellingAndMarketingExpenses": 0,
    "sellingGeneralAndAdministrativeExpenses": 848789000,
    "otherExpenses": -9879000,
    "operatingExpenses": 838910000,
    "costAndExpenses": 3931189000,
    "interestIncome": 3000000,
    "interestExpense": 113091000,
    "depreciationAndAmortization": 229046000,
    "ebitda": 1217323000,
    "ebitdaratio": 0.2482314379,
    "operatingIncome": 972795000,
    "operatingIncomeRatio": 0.1983683063,
    "totalOtherIncomeExpensesNet": -97609000,
    "incomeBeforeTax": 875186000,
    "incomeBeforeTaxRatio": 0.1784642854,
    "incomeTaxExpense": 176658000,
    "netIncome": 698420000,
    "netIncomeRatio": 0.1424188986,
    "eps": 5.43,
    "epsdiluted": 5.34,
    "weightedAverageShsOut": 128663087,
    "weightedAverageShsOutDil": 130680242,
    "link": "https://www.sec.gov/Archives/edgar/data/76334/000007633424000067/0000076334-24-000067-index.htm",
    "finalLink": "https://www.sec.gov/Archives/edgar/data/76334/000007633424000067/ph-20240930.htm"
  },
  {
    "date": "2024-06-30",
    "symbol": "PH",
    "reportedCurrency": "USD",
    "cik": "0000076334",
    "fillingDate": "2024-08-22",
    "acceptedDate": "2024-08-22 07:27:08",
    "calendarYear": "2024",
    "period": "Q4",
    "revenue": 5186815000,
    "costOfRevenue": 3311735000,
    "grossProfit": 1875080000,
    "grossProfitRatio": 0.3615089414,
    "researchAndDevelopmentExpenses": 0,
    "generalAndAdministrativeExpenses": 0,
    "sellingAndMarketingExpenses": 0,
    "sellingGeneralAndAdministrativeExpenses": 803671000,
    "otherExpenses": 0,
    "operatingExpenses": 803671000,
    "costAndExpenses": 4115406000,
    "interestIncome": 7000000,
    "interestExpense": 119266000,
    "depreciationAndAmortization": 230668000,
    "ebitda": 1335894000,
    "ebitdaratio": 0.2575557447,
    "operatingIncome": 1071409000,
    "operatingIncomeRatio": 0.2065639511,
    "totalOtherIncomeExpensesNet": -85449000,
    "incomeBeforeTax": 985960000,
    "incomeBeforeTaxRatio": 0.1900896793,
    "incomeTaxExpense": 200887000,
    "netIncome": 784963000,
    "netIncomeRatio": 0.1513381526,
    "eps": 6.1,
    "epsdiluted": 6.01,
    "weightedAverageShsOut": 128627781,
    "weightedAverageShsOutDil": 130643757,
    "link": "https://www.sec.gov/Archives/edgar/data/76334/000007633424000044/0000076334-24-000044-index.htm",
    "finalLink": "https://www.sec.gov/Archives/edgar/data/76334/000007633424000044/ph-20240630.htm"
  },
  {
    "date": "2024-03-31",
    "symbol": "PH",
    "reportedCurrency": "USD",
    "cik": "0000076334",
    "fillingDate": "2024-05-03",
    "acceptedDate": "2024-05-03 16:11:18",
    "calendarYear": "2024",
    "period": "Q3",
    "revenue": 5074356000,
    "costOfRevenue": 3276636000,
    "grossProfit": 1797720000,
    "grossProfitRatio": 0.3542754982,
    "researchAndDevelopmentExpenses": 0,
    "generalAndAdministrativeExpenses": 0,
    "sellingAndMarketingExpenses": 0,
    "sellingGeneralAndAdministrativeExpenses": 792213000,
    "otherExpenses": 0,
    "operatingExpenses": 792213000,
    "costAndExpenses": 4068849000,
    "interestIncome": 3000000,
    "interestExpense": 123732000,
    "depreciationAndAmortization": 228298000,
    "ebitda": 1272073000,
    "ebitdaratio": 0.2506865896,
    "operatingIncome": 1005507000,
    "operatingIncomeRatio": 0.1981546033,
    "totalOtherIncomeExpensesNet": -85464000,
    "incomeBeforeTax": 920043000,
    "incomeBeforeTaxRatio": 0.181312269,
    "incomeTaxExpense": 193309000,
    "netIncome": 726574000,
    "netIncomeRatio": 0.1431854604,
    "eps": 5.65,
    "epsdiluted": 5.56,
    "weightedAverageShsOut": 128502829,
    "weightedAverageShsOutDil": 130593026,
    "link": "https://www.sec.gov/Archives/edgar/data/76334/000007633424000020/0000076334-24-000020-index.htm",
    "finalLink": "https://www.sec.gov/Archives/edgar/data/76334/000007633424000020/ph-20240331.htm"
  },
  {
    "date": "2023-12-31",
    "symbol": "PH",
    "reportedCurrency": "USD",
    "cik": "0000076334",
    "fillingDate": "2024-02-06",
    "acceptedDate": "2024-02-06 07:41:18",
    "calendarYear": "2024",
    "period": "Q2",
    "revenue": 4820947000,
    "costOfRevenue": 3092624000,
    "grossProfit": 1728323000,
    "grossProfitRatio": 0.3585028004,
    "researchAndDevelopmentExpenses": 0,
    "generalAndAdministrativeExpenses": 0,
    "sellingAndMarketingExpenses": 0,
    "sellingGeneralAndAdministrativeExpenses": 792964000,
    "otherExpenses": 0,
    "operatingExpenses": 792964000,
    "costAndExpenses": 3885588000,
    "interestIncome": 2000000,
    "interestExpense": 129029000,
    "depreciationAndAmortization": 227778000,
    "ebitda": 1224972000,
    "ebitdaratio": 0.2540936459,
    "operatingIncome": 935359000,
    "operatingIncomeRatio": 0.1940197642,
    "totalOtherIncomeExpensesNet": -67194000,
    "incomeBeforeTax": 868165000,
    "incomeBeforeTaxRatio": 0.1800818387,
    "incomeTaxExpense": 186108000,
    "netIncome": 681851000,
    "netIncomeRatio": 0.1414350749,
    "eps": 5.31,
    "epsdiluted": 5.23,
    "weightedAverageShsOut": 128426246,
    "weightedAverageShsOutDil": 130367351,
    "link": "https://www.sec.gov/Archives/edgar/data/76334/000007633424000008/0000076334-24-000008-index.htm",
    "finalLink": "https://www.sec.gov/Archives/edgar/data/76334/000007633424000008/ph-20231231.htm"
  },
  {
    "date": "2023-09-30",
    "symbol": "PH",
    "reportedCurrency": "USD",
    "cik": "0000076334",
    "fillingDate": "2023-11-07",
    "acceptedDate": "2023-11-07 07:19:27",
    "calendarYear": "2024",
    "period": "Q1",
    "revenue": 4847488000,
    "costOfRevenue": 3089349000,
    "grossProfit": 1758139000,
    "grossProfitRatio": 0.362690738,
    "researchAndDevelopmentExpenses": 0,
    "generalAndAdministrativeExpenses": 0,
    "sellingAndMarketingExpenses": 0,
    "sellingGeneralAndAdministrativeExpenses": 862691000,
    "otherExpenses": 0,
    "operatingExpenses": 862691000,
    "costAndExpenses": 3952040000,
    "interestIncome": 4000000,
    "interestExpense": 134468000,
    "depreciationAndAmortization": 240387000,
    "ebitda": 1195290000,
    "ebitdaratio": 0.2465792592,
    "operatingIncome": 895448000,
    "operatingIncomeRatio": 0.1847241293,
    "totalOtherIncomeExpensesNet": -75013000,
    "incomeBeforeTax": 820435000,
    "incomeBeforeTaxRatio": 0.1692495165,
    "incomeTaxExpense": 169363000,
    "netIncome": 650827000,
    "netIncomeRatio": 0.1342606727,
    "eps": 5.07,
    "epsdiluted": 4.99,
    "weightedAverageShsOut": 128472550,
    "weightedAverageShsOutDil": 130363441,
    "link": "https://www.sec.gov/Archives/edgar/data/76334/000007633423000064/0000076334-23-000064-index.htm",
    "finalLink": "https://www.sec.gov/Archives/edgar/data/76334/000007633423000064/ph-20230930.htm"
  },
  {
    "date": "2023-06-30",
    "symbol": "PH",
    "reportedCurrency": "USD",
    "cik": "0000076334",
    "fillingDate": "2023-08-24",
    "acceptedDate": "2023-08-24 08:34:56",
    "calendarYear": "2023",
    "period": "Q4",
    "revenue": 5095943000,
    "costOfRevenue": 3257613000,
    "grossProfit": 1838330000,
    "grossProfitRatio": 0.3607438309,
    "researchAndDevelopmentExpenses": 0,
    "generalAndAdministrativeExpenses": 0,
    "sellingAndMarketingExpenses": 0,
    "sellingGeneralAndAdministrativeExpenses": 813940000,
    "otherExpenses": 0,
    "operatingExpenses": 813940000,
    "costAndExpenses": 4071553000,
    "interestIncome": 7000000,
    "interestExpense": 157176000,
    "depreciationAndAmortization": 209063000,
    "ebitda": 1269434000,
    "ebitdaratio": 0.2491067895,
    "operatingIncome": 1024390000,
    "operatingIncomeRatio": 0.2010206943,
    "totalOtherIncomeExpensesNet": -121195000,
    "incomeBeforeTax": 903195000,
    "incomeBeforeTaxRatio": 0.17723805,
    "incomeTaxExpense": 194117000,
    "netIncome": 708956000,
    "netIncomeRatio": 0.1391216503,
    "eps": 5.52,
    "epsdiluted": 5.44,
    "weightedAverageShsOut": 128440007,
    "weightedAverageShsOutDil": 130222542,
    "link": "https://www.sec.gov/Archives/edgar/data/76334/000007633423000042/0000076334-23-000042-index.htm",
    "finalLink": "https://www.sec.gov/Archives/edgar/data/76334/000007633423000042/ph-20230630.htm"
  },
  {
    "date": "2023-03-31",
    "symbol": "PH",
    "reportedCurrency": "USD",
    "cik": "0000076334",
    "fillingDate": "2023-05-05",
    "acceptedDate": "2023-05-05 07:50:38",
    "calendarYear": "2023",
    "period": "Q3",
    "revenue": 5061665000,
    "costOfRevenue": 3335731000,
    "grossProfit": 1725934000,
    "grossProfitRatio": 0.3409814755,
    "researchAndDevelopmentExpenses": 0,
    "generalAndAdministrativeExpenses": 0,
    "sellingAndMarketingExpenses": 0,
    "sellingGeneralAndAdministrativeExpenses": 857109834,
    "otherExpenses": 0,
    "operatingExpenses": 857109834,
    "costAndExpenses": 4192840833,
    "interestIncome": 7000000,
    "interestExpense": 151993000,
    "depreciationAndAmortization": 225341000,
    "ebitda": 1133715000,
    "ebitdaratio": 0.2239806467,
    "operatingIncome": 868824166,
    "operatingIncomeRatio": 0.1716478997,
    "totalOtherIncomeExpensesNet": -112443166,
    "incomeBeforeTax": 756381000,
    "incomeBeforeTaxRatio": 0.1494332399,
    "incomeTaxExpense": 165421000,
    "netIncome": 590889000,
    "netIncomeRatio": 0.1167380694,
    "eps": 4.61,
    "epsdiluted": 4.54,
    "weightedAverageShsOut": 128293039,
    "weightedAverageShsOutDil": 130151487,
    "link": "https://www.sec.gov/Archives/edgar/data/76334/000007633423000028/0000076334-23-000028-index.htm",
    "finalLink": "https://www.sec.gov/Archives/edgar/data/76334/000007633423000028/ph-20230331.htm"
  },
  {
    "date": "2022-12-31",
    "symbol": "PH",
    "reportedCurrency": "USD",
    "cik": "0000076334",
    "fillingDate": "2023-02-07",
    "acceptedDate": "2023-02-07 08:03:35",
    "calendarYear": "2023",
    "period": "Q2",
    "revenue": 4674811000,
    "costOfRevenue": 3233598000,
    "grossProfit": 1441213000,
    "grossProfitRatio": 0.3082933192,
    "researchAndDevelopmentExpenses": 0,
    "generalAndAdministrativeExpenses": 0,
    "sellingAndMarketingExpenses": 0,
    "sellingGeneralAndAdministrativeExpenses": 779384000,
    "otherExpenses": 0,
    "operatingExpenses": 779384000,
    "costAndExpenses": 4012982000,
    "interestIncome": 6000000,
    "interestExpense": 146931000,
    "depreciationAndAmortization": 229744000,
    "ebitda": 893418000,
    "ebitdaratio": 0.1911131808,
    "operatingIncome": 661829000,
    "operatingIncomeRatio": 0.141573424,
    "totalOtherIncomeExpensesNet": -145085999,
    "incomeBeforeTax": 516743000,
    "incomeBeforeTaxRatio": 0.1105377308,
    "incomeTaxExpense": 121282000,
    "netIncome": 395237000,
    "netIncomeRatio": 0.0845460918,
    "eps": 3.08,
    "epsdiluted": 3.04,
    "weightedAverageShsOut": 128313322,
    "weightedAverageShsOutDil": 130045013,
    "link": "https://www.sec.gov/Archives/edgar/data/76334/000007633423000009/0000076334-23-000009-index.htm",
    "finalLink": "https://www.sec.gov/Archives/edgar/data/76334/000007633423000009/ph-20221231.htm"
  },
  {
    "date": "2022-09-30",
    "symbol": "PH",
    "reportedCurrency": "USD",
    "cik": "0000076334",
    "fillingDate": "2022-11-04",
    "acceptedDate": "2022-11-04 08:12:19",
    "calendarYear": "2023",
    "period": "Q1",
    "revenue": 4232775000,
    "costOfRevenue": 2753957000,
    "grossProfit": 1478818000,
    "grossProfitRatio": 0.3493731654,
    "researchAndDevelopmentExpenses": 0,
    "generalAndAdministrativeExpenses": 0,
    "sellingAndMarketingExpenses": 0,
    "sellingGeneralAndAdministrativeExpenses": 809451000,
    "otherExpenses": 0,
    "operatingExpenses": 809451000,
    "costAndExpenses": 3563408000,
    "interestIncome": 26000000,
    "interestExpense": 117794000,
    "depreciationAndAmortization": 153981000,
    "ebitda": 775120000,
    "ebitdaratio": 0.1831233647,
    "operatingIncome": 669367000,
    "operatingIncomeRatio": 0.1581390459,
    "totalOtherIncomeExpensesNet": -166022000,
    "incomeBeforeTax": 503345000,
    "incomeBeforeTaxRatio": 0.1189160775,
    "incomeTaxExpense": 115308000,
    "netIncome": 387854000,
    "netIncomeRatio": 0.0916311403,
    "eps": 3.02,
    "epsdiluted": 2.98,
    "weightedAverageShsOut": 128425002,
    "weightedAverageShsOutDil": 129942408,
    "link": "https://www.sec.gov/Archives/edgar/data/76334/000007633422000049/0000076334-22-000049-index.htm",
    "finalLink": "https://www.sec.gov/Archives/edgar/data/76334/000007633422000049/ph-20220930.htm"
  },
  {
    "date": "2022-06-30",
    "symbol": "PH",
    "reportedCurrency": "USD",
    "cik": "0000076334",
    "fillingDate": "2022-08-24",
    "acceptedDate": "2022-08-24 08:16:43",
    "calendarYear": "2022",
    "period": "Q4",
    "revenue": 4187832000,
    "costOfRevenue": 3016301000,
    "grossProfit": 1171531000,
    "grossProfitRatio": 0.2797464177,
    "researchAndDevelopmentExpenses": 0,
    "generalAndAdministrativeExpenses": 0,
    "sellingAndMarketingExpenses": 0,
    "sellingGeneralAndAdministrativeExpenses": 412733000,
    "otherExpenses": 0,
    "operatingExpenses": 412733000,
    "costAndExpenses": 3429034000,
    "interestIncome": 0,
    "interestExpense": 71270000,
    "depreciationAndAmortization": 139442000,
    "ebitda": 328880000,
    "ebitdaratio": 0.0785322811,
    "operatingIncome": 758798000,
    "operatingIncomeRatio": 0.1811911271,
    "totalOtherIncomeExpensesNet": -640630000,
    "incomeBeforeTax": 118168000,
    "incomeBeforeTaxRatio": 0.0282169867,
    "incomeTaxExpense": -10738000,
    "netIncome": 128831000,
    "netIncomeRatio": 0.0307631729,
    "eps": 1,
    "epsdiluted": 0.99,
    "weightedAverageShsOut": 128510428,
    "weightedAverageShsOutDil": 130172735,
    "link": "https://www.sec.gov/Archives/edgar/data/76334/000007633422000034/0000076334-22-000034-index.htm",
    "finalLink": "https://www.sec.gov/Archives/edgar/data/76334/000007633422000034/ph-20220630.htm"
  },
  {
    "date": "2022-03-31",
    "symbol": "PH",
    "reportedCurrency": "USD",
    "cik": "0000076334",
    "fillingDate": "2022-05-06",
    "acceptedDate": "2022-05-06 08:34:31",
    "calendarYear": "2022",
    "period": "Q3",
    "revenue": 4086387000,
    "costOfRevenue": 2977234000,
    "grossProfit": 1109153000,
    "grossProfitRatio": 0.2714263235,
    "researchAndDevelopmentExpenses": 0,
    "generalAndAdministrativeExpenses": 0,
    "sellingAndMarketingExpenses": 0,
    "sellingGeneralAndAdministrativeExpenses": 410166000,
    "otherExpenses": 0,
    "operatingExpenses": 410166000,
    "costAndExpenses": 3387400000,
    "interestIncome": 0,
    "interestExpense": 63272000,
    "depreciationAndAmortization": 142697000,
    "ebitda": 639958000,
    "ebitdaratio": 0.1566072915,
    "operatingIncome": 698987000,
    "operatingIncomeRatio": 0.1710525704,
    "totalOtherIncomeExpensesNet": -264998000,
    "incomeBeforeTax": 433989000,
    "incomeBeforeTaxRatio": 0.1062035975,
    "incomeTaxExpense": 85901000,
    "netIncome": 348017000,
    "netIncomeRatio": 0.0851649636,
    "eps": 2.71,
    "epsdiluted": 2.67,
    "weightedAverageShsOut": 128426675,
    "weightedAverageShsOutDil": 130343581,
    "link": "https://www.sec.gov/Archives/edgar/data/76334/000007633422000018/0000076334-22-000018-index.htm",
    "finalLink": "https://www.sec.gov/Archives/edgar/data/76334/000007633422000018/ph-20220331.htm"
  },
  {
    "date": "2021-12-31",
    "symbol": "PH",
    "reportedCurrency": "USD",
    "cik": "0000076334",
    "fillingDate": "2022-02-04",
    "acceptedDate": "2022-02-04 08:27:51",
    "calendarYear": "2022",
    "period": "Q2",
    "revenue": 3824580000,
    "costOfRevenue": 2788208000,
    "grossProfit": 1036372000,
    "grossProfitRatio": 0.2709766824,
    "researchAndDevelopmentExpenses": 0,
    "generalAndAdministrativeExpenses": 0,
    "sellingAndMarketingExpenses": 0,
    "sellingGeneralAndAdministrativeExpenses": 378775000,
    "otherExpenses": 0,
    "operatingExpenses": 378775000,
    "costAndExpenses": 3166983000,
    "interestIncome": 1000000,
    "interestExpense": 61360000,
    "depreciationAndAmortization": 144103000,
    "ebitda": 695787000,
    "ebitdaratio": 0.1819250741,
    "operatingIncome": 657597000,
    "operatingIncomeRatio": 0.171939664,
    "totalOtherIncomeExpensesNet": -167273000,
    "incomeBeforeTax": 490324000,
    "incomeBeforeTaxRatio": 0.1282033583,
    "incomeTaxExpense": 102595000,
    "netIncome": 387600000,
    "netIncomeRatio": 0.1013444614,
    "eps": 3.02,
    "epsdiluted": 2.97,
    "weightedAverageShsOut": 128493725,
    "weightedAverageShsOutDil": 130581665,
    "link": "https://www.sec.gov/Archives/edgar/data/76334/000007633422000007/0000076334-22-000007-index.htm",
    "finalLink": "https://www.sec.gov/Archives/edgar/data/76334/000007633422000007/ph-20211231.htm"
  },
  {
    "date": "2021-09-30",
    "symbol": "PH",
    "reportedCurrency": "USD",
    "cik": "0000076334",
    "fillingDate": "2021-11-05",
    "acceptedDate": "2021-11-05 08:21:05",
    "calendarYear": "2022",
    "period": "Q1",
    "revenue": 3762809000,
    "costOfRevenue": 2725295000,
    "grossProfit": 1037513999,
    "grossProfitRatio": 0.2757285844,
    "researchAndDevelopmentExpenses": 0,
    "generalAndAdministrativeExpenses": 0,
    "sellingAndMarketingExpenses": 0,
    "sellingGeneralAndAdministrativeExpenses": 392151000,
    "otherExpenses": 0,
    "operatingExpenses": 392151000,
    "costAndExpenses": 3117446000,
    "interestIncome": 1000000,
    "interestExpense": 59350000,
    "depreciationAndAmortization": 145522000,
    "ebitda": 776617000,
    "ebitdaratio": 0.2063928836,
    "operatingIncome": 645363000,
    "operatingIncomeRatio": 0.1715109643,
    "totalOtherIncomeExpensesNet": -73618000,
    "incomeBeforeTax": 571745000,
    "incomeBeforeTaxRatio": 0.1519463252,
    "incomeTaxExpense": 120282000,
    "netIncome": 451157000,
    "netIncomeRatio": 0.1198989904,
    "eps": 3.5,
    "epsdiluted": 3.45,
    "weightedAverageShsOut": 128726721,
    "weightedAverageShsOutDil": 130827971,
    "link": "https://www.sec.gov/Archives/edgar/data/76334/000007633421000225/0000076334-21-000225-index.htm",
    "finalLink": "https://www.sec.gov/Archives/edgar/data/76334/000007633421000225/ph-20210930.htm"
  },
  {
    "date": "2021-06-30",
    "symbol": "PH",
    "reportedCurrency": "USD",
    "cik": "0000076334",
    "fillingDate": "2021-08-25",
    "acceptedDate": "2021-08-25 08:39:12",
    "calendarYear": "2021",
    "period": "Q4",
    "revenue": 3958869000,
    "costOfRevenue": 2821677000,
    "grossProfit": 1137192000,
    "grossProfitRatio": 0.2872517378,
    "researchAndDevelopmentExpenses": 0,
    "generalAndAdministrativeExpenses": 0,
    "sellingAndMarketingExpenses": 0,
    "sellingGeneralAndAdministrativeExpenses": 408866000,
    "otherExpenses": 0,
    "operatingExpenses": 408866000,
    "costAndExpenses": 3230543000,
    "interestIncome": 2000000,
    "interestExpense": 60258000,
    "depreciationAndAmortization": 146582000,
    "ebitda": 864638000,
    "ebitdaratio": 0.2184053072,
    "operatingIncome": 728326000,
    "operatingIncomeRatio": 0.1839732509,
    "totalOtherIncomeExpensesNet": -70528000,
    "incomeBeforeTax": 657798000,
    "incomeBeforeTaxRatio": 0.1661580618,
    "incomeTaxExpense": 151884000,
    "netIncome": 504793000,
    "netIncomeRatio": 0.1275093973,
    "eps": 3.91,
    "epsdiluted": 3.84,
    "weightedAverageShsOut": 129192426,
    "weightedAverageShsOutDil": 131554199,
    "link": "https://www.sec.gov/Archives/edgar/data/76334/000007633421000187/0000076334-21-000187-index.htm",
    "finalLink": "https://www.sec.gov/Archives/edgar/data/76334/000007633421000187/ph-20210630.htm"
  },
  {
    "date": "2021-03-31",
    "symbol": "PH",
    "reportedCurrency": "USD",
    "cik": "0000076334",
    "fillingDate": "2021-05-06",
    "acceptedDate": "2021-05-06 08:31:44",
    "calendarYear": "2021",
    "period": "Q3",
    "revenue": 3746326000,
    "costOfRevenue": 2706729000,
    "grossProfit": 1039597000,
    "grossProfitRatio": 0.2774977405,
    "researchAndDevelopmentExpenses": 0,
    "generalAndAdministrativeExpenses": 0,
    "sellingAndMarketingExpenses": 0,
    "sellingGeneralAndAdministrativeExpenses": 381631000,
    "otherExpenses": 0,
    "operatingExpenses": 381631000,
    "costAndExpenses": 3088360000,
    "interestIncome": 0,
    "interestExpense": 60830000,
    "depreciationAndAmortization": 150548000,
    "ebitda": 810718000,
    "ebitdaratio": 0.2164034844,
    "operatingIncome": 657966000,
    "operatingIncomeRatio": 0.1756296702,
    "totalOtherIncomeExpensesNet": -58626000,
    "incomeBeforeTax": 599340000,
    "incomeBeforeTaxRatio": 0.1599807385,
    "incomeTaxExpense": 126101000,
    "netIncome": 471647000,
    "netIncomeRatio": 0.1258958777,
    "eps": 3.67,
    "epsdiluted": 3.6,
    "weightedAverageShsOut": 129085563,
    "weightedAverageShsOutDil": 131377933,
    "link": "https://www.sec.gov/Archives/edgar/data/76334/000007633421000111/0000076334-21-000111-index.htm",
    "finalLink": "https://www.sec.gov/Archives/edgar/data/76334/000007633421000111/ph-20210331.htm"
  },
  {
    "date": "2020-12-31",
    "symbol": "PH",
    "reportedCurrency": "USD",
    "cik": "0000076334",
    "fillingDate": "2021-02-05",
    "acceptedDate": "2021-02-05 08:31:20",
    "calendarYear": "2021",
    "period": "Q2",
    "revenue": 3411905000,
    "costOfRevenue": 2500733000,
    "grossProfit": 911172000,
    "grossProfitRatio": 0.2670566736,
    "researchAndDevelopmentExpenses": 0,
    "generalAndAdministrativeExpenses": 0,
    "sellingAndMarketingExpenses": 0,
    "sellingGeneralAndAdministrativeExpenses": 352306000,
    "otherExpenses": 0,
    "operatingExpenses": 352306000,
    "costAndExpenses": 2853039000,
    "interestIncome": 2000000,
    "interestExpense": 62990000,
    "depreciationAndAmortization": 149818000,
    "ebitda": 790700000,
    "ebitdaratio": 0.2317473669,
    "operatingIncome": 558866000,
    "operatingIncomeRatio": 0.1637988162,
    "totalOtherIncomeExpensesNet": 19026000,
    "incomeBeforeTax": 577892000,
    "incomeBeforeTaxRatio": 0.1693751731,
    "incomeTaxExpense": 129350000,
    "netIncome": 447306000,
    "netIncomeRatio": 0.13110154,
    "eps": 3.48,
    "epsdiluted": 3.42,
    "weightedAverageShsOut": 129013781,
    "weightedAverageShsOutDil": 131075655,
    "link": "https://www.sec.gov/Archives/edgar/data/76334/000007633421000029/0000076334-21-000029-index.htm",
    "finalLink": "https://www.sec.gov/Archives/edgar/data/76334/000007633421000029/ph-20201231.htm"
  },
  {
    "date": "2020-09-30",
    "symbol": "PH",
    "reportedCurrency": "USD",
    "cik": "0000076334",
    "fillingDate": "2020-11-06",
    "acceptedDate": "2020-11-06 08:27:27",
    "calendarYear": "2021",
    "period": "Q1",
    "revenue": 3230540000,
    "costOfRevenue": 2399299000,
    "grossProfit": 831241000,
    "grossProfitRatio": 0.2573071375,
    "researchAndDevelopmentExpenses": 0,
    "generalAndAdministrativeExpenses": 0,
    "sellingAndMarketingExpenses": 0,
    "sellingGeneralAndAdministrativeExpenses": 362917000,
    "otherExpenses": 0,
    "operatingExpenses": 362917000,
    "costAndExpenses": 2762216000,
    "interestIncome": 2000000,
    "interestExpense": 65958000,
    "depreciationAndAmortization": 148442000,
    "ebitda": 627574000,
    "ebitdaratio": 0.1942628787,
    "operatingIncome": 468324000,
    "operatingIncomeRatio": 0.1449677144,
    "totalOtherIncomeExpensesNet": -55150000,
    "incomeBeforeTax": 413174000,
    "incomeBeforeTaxRatio": 0.127896265,
    "incomeTaxExpense": 93063000,
    "netIncome": 320419000,
    "netIncomeRatio": 0.0991843469,
    "eps": 2.48,
    "epsdiluted": 2.45,
    "weightedAverageShsOut": 128707745,
    "weightedAverageShsOutDil": 130294223,
    "link": "https://www.sec.gov/Archives/edgar/data/76334/000007633420000131/0000076334-20-000131-index.htm",
    "finalLink": "https://www.sec.gov/Archives/edgar/data/76334/000007633420000131/ph-10qxq19302020.htm"
  },
  {
    "date": "2020-06-30",
    "symbol": "PH",
    "reportedCurrency": "USD",
    "cik": "0000076334",
    "fillingDate": "2020-08-26",
    "acceptedDate": "2020-08-26 08:36:03",
    "calendarYear": "2020",
    "period": "Q4",
    "revenue": 3160603000,
    "costOfRevenue": 2337731000,
    "grossProfit": 822872000,
    "grossProfitRatio": 0.2603528504,
    "researchAndDevelopmentExpenses": 0,
    "generalAndAdministrativeExpenses": 0,
    "sellingAndMarketingExpenses": 0,
    "sellingGeneralAndAdministrativeExpenses": 335817000,
    "otherExpenses": 0,
    "operatingExpenses": 335817000,
    "costAndExpenses": 2673548000,
    "interestIncome": 2000000,
    "interestExpense": 74549000,
    "depreciationAndAmortization": 146582000,
    "ebitda": 591699000,
    "ebitdaratio": 0.1872107949,
    "operatingIncome": 487055000,
    "operatingIncomeRatio": 0.154101923,
    "totalOtherIncomeExpensesNet": -116487000,
    "incomeBeforeTax": 370568000,
    "incomeBeforeTaxRatio": 0.1172459812,
    "incomeTaxExpense": 74873000,
    "netIncome": 295716000,
    "netIncomeRatio": 0.0935631587,
    "eps": 2.3,
    "epsdiluted": 2.27,
    "weightedAverageShsOut": 128523334,
    "weightedAverageShsOutDil": 129993001,
    "link": "https://www.sec.gov/Archives/edgar/data/76334/000007633420000099/0000076334-20-000099-index.htm",
    "finalLink": "https://www.sec.gov/Archives/edgar/data/76334/000007633420000099/ph630202010-k.htm"
  },
  {
    "date": "2020-03-31",
    "symbol": "PH",
    "reportedCurrency": "USD",
    "cik": "0000076334",
    "fillingDate": "2020-05-06",
    "acceptedDate": "2020-05-06 08:41:52",
    "calendarYear": "2020",
    "period": "Q3",
    "revenue": 3702432000,
    "costOfRevenue": 2756492000,
    "grossProfit": 945940000,
    "grossProfitRatio": 0.2554915256,
    "researchAndDevelopmentExpenses": 0,
    "generalAndAdministrativeExpenses": 0,
    "sellingAndMarketingExpenses": 0,
    "sellingGeneralAndAdministrativeExpenses": 401302000,
    "otherExpenses": 0,
    "operatingExpenses": 401302000,
    "costAndExpenses": 3157794000,
    "interestIncome": 3000000,
    "interestExpense": 80765000,
    "depreciationAndAmortization": 137649000,
    "ebitda": 672571000,
    "ebitdaratio": 0.1816565436,
    "operatingIncome": 544638000,
    "operatingIncomeRatio": 0.1471027692,
    "totalOtherIncomeExpensesNet": -90481000,
    "incomeBeforeTax": 454157000,
    "incomeBeforeTaxRatio": 0.1226645081,
    "incomeTaxExpense": 86788000,
    "netIncome": 367253000,
    "netIncomeRatio": 0.0991923687,
    "eps": 2.86,
    "epsdiluted": 2.83,
    "weightedAverageShsOut": 128289720,
    "weightedAverageShsOutDil": 129746547,
    "link": "https://www.sec.gov/Archives/edgar/data/76334/000007633420000052/0000076334-20-000052-index.htm",
    "finalLink": "https://www.sec.gov/Archives/edgar/data/76334/000007633420000052/ph-10qxq33312020.htm"
  },
  {
    "date": "2019-12-31",
    "symbol": "PH",
    "reportedCurrency": "USD",
    "cik": "0000076334",
    "fillingDate": "2020-02-05",
    "acceptedDate": "2020-02-05 08:38:07",
    "calendarYear": "2020",
    "period": "Q2",
    "revenue": 3497974000,
    "costOfRevenue": 2675086000,
    "grossProfit": 822888000,
    "grossProfitRatio": 0.2352470316,
    "researchAndDevelopmentExpenses": 0,
    "generalAndAdministrativeExpenses": 0,
    "sellingAndMarketingExpenses": 0,
    "sellingGeneralAndAdministrativeExpenses": 382008000,
    "otherExpenses": 0,
    "operatingExpenses": 382008000,
    "costAndExpenses": 3057094000,
    "interestIncome": 8000000,
    "interestExpense": 82891000,
    "depreciationAndAmortization": 144229000,
    "ebitda": 481866000,
    "ebitdaratio": 0.1377557409,
    "operatingIncome": 440880000,
    "operatingIncomeRatio": 0.1260386727,
    "totalOtherIncomeExpensesNet": -186134000,
    "incomeBeforeTax": 254746000,
    "incomeBeforeTaxRatio": 0.0728267277,
    "incomeTaxExpense": 50148000,
    "netIncome": 204474000,
    "netIncomeRatio": 0.0584549799,
    "eps": 1.59,
    "epsdiluted": 1.57,
    "weightedAverageShsOut": 128396933,
    "weightedAverageShsOutDil": 130495381,
    "link": "https://www.sec.gov/Archives/edgar/data/76334/000007633420000009/0000076334-20-000009-index.htm",
    "finalLink": "https://www.sec.gov/Archives/edgar/data/76334/000007633420000009/ph-10qxq212312019.htm"
  },
  {
    "date": "2019-09-30",
    "symbol": "PH",
    "reportedCurrency": "USD",
    "cik": "0000076334",
    "fillingDate": "2019-11-06",
    "acceptedDate": "2019-11-06 08:42:55",
    "calendarYear": "2020",
    "period": "Q1",
    "revenue": 3334511000,
    "costOfRevenue": 2476396000,
    "grossProfit": 858115000,
    "grossProfitRatio": 0.2573435805,
    "researchAndDevelopmentExpenses": 0,
    "generalAndAdministrativeExpenses": 0,
    "sellingAndMarketingExpenses": 0,
    "sellingGeneralAndAdministrativeExpenses": 382871000,
    "otherExpenses": 0,
    "operatingExpenses": 382871000,
    "costAndExpenses": 2859267000,
    "interestIncome": 18000000,
    "interestExpense": 69956000,
    "depreciationAndAmortization": 109071000,
    "ebitda": 612183000,
    "ebitdaratio": 0.1835900376,
    "operatingIncome": 475244000,
    "operatingIncomeRatio": 0.1425228467,
    "totalOtherIncomeExpensesNet": -42088000,
    "incomeBeforeTax": 433156000,
    "incomeBeforeTaxRatio": 0.129900906,
    "incomeTaxExpense": 94115000,
    "netIncome": 338898000,
    "netIncomeRatio": 0.1016334929,
    "eps": 2.64,
    "epsdiluted": 2.6,
    "weightedAverageShsOut": 128463992,
    "weightedAverageShsOutDil": 130130076,
    "link": "https://www.sec.gov/Archives/edgar/data/76334/000007633419000135/0000076334-19-000135-index.htm",
    "finalLink": "https://www.sec.gov/Archives/edgar/data/76334/000007633419000135/ph-10qxq19302019.htm"
  },
  {
    "date": "2019-06-30",
    "symbol": "PH",
    "reportedCurrency": "USD",
    "cik": "0000076334",
    "fillingDate": "2019-08-23",
    "acceptedDate": "2019-08-23 08:54:17",
    "calendarYear": "2019",
    "period": "Q4",
    "revenue": 3681467000,
    "costOfRevenue": 2718654000,
    "grossProfit": 962813000,
    "grossProfitRatio": 0.2615297108,
    "researchAndDevelopmentExpenses": 0,
    "generalAndAdministrativeExpenses": 0,
    "sellingAndMarketingExpenses": 0,
    "sellingGeneralAndAdministrativeExpenses": 387980000,
    "otherExpenses": 0,
    "operatingExpenses": 387980000,
    "costAndExpenses": 3106634000,
    "interestIncome": 0,
    "interestExpense": 50072000,
    "depreciationAndAmortization": 105388000,
    "ebitda": 667101000,
    "ebitdaratio": 0.1812052098,
    "operatingIncome": 574833000,
    "operatingIncomeRatio": 0.1561423748,
    "totalOtherIncomeExpensesNet": -61485000,
    "incomeBeforeTax": 513347999,
    "incomeBeforeTaxRatio": 0.1394411519,
    "incomeTaxExpense": 99610000,
    "netIncome": 413668000,
    "netIncomeRatio": 0.1123649893,
    "eps": 3.22,
    "epsdiluted": 3.17,
    "weightedAverageShsOut": 128561494,
    "weightedAverageShsOutDil": 130460247,
    "link": "https://www.sec.gov/Archives/edgar/data/76334/000007633419000096/0000076334-19-000096-index.htm",
    "finalLink": "https://www.sec.gov/Archives/edgar/data/76334/000007633419000096/ph630201910-k.htm"
  },
  {
    "date": "2019-03-31",
    "symbol": "PH",
    "reportedCurrency": "USD",
    "cik": "0000076334",
    "fillingDate": "2019-05-09",
    "acceptedDate": "2019-05-09 10:46:54",
    "calendarYear": "2019",
    "period": "Q3",
    "revenue": 3687518000,
    "costOfRevenue": 2763940000,
    "grossProfit": 923578000,
    "grossProfitRatio": 0.2504606079,
    "researchAndDevelopmentExpenses": 0,
    "generalAndAdministrativeExpenses": 0,
    "sellingAndMarketingExpenses": 0,
    "sellingGeneralAndAdministrativeExpenses": 359070000,
    "otherExpenses": 0,
    "operatingExpenses": 359070000,
    "costAndExpenses": 3123010000,
    "interestIncome": 0,
    "interestExpense": 48209000,
    "depreciationAndAmortization": 108258000,
    "ebitda": 684477000,
    "ebitdaratio": 0.1856199753,
    "operatingIncome": 564508000,
    "operatingIncomeRatio": 0.153086168,
    "totalOtherIncomeExpensesNet": -35307999,
    "incomeBeforeTax": 529200000,
    "incomeBeforeTaxRatio": 0.1435111639,
    "incomeTaxExpense": 117819000,
    "netIncome": 411248000,
    "netIncomeRatio": 0.111524337,
    "eps": 3.2,
    "epsdiluted": 3.14,
    "weightedAverageShsOut": 128706137,
    "weightedAverageShsOutDil": 130884968,
    "link": "https://www.sec.gov/Archives/edgar/data/76334/000007633419000049/0000076334-19-000049-index.htm",
    "finalLink": "https://www.sec.gov/Archives/edgar/data/76334/000007633419000049/ph-10qxq33312019.htm"
  },
  {
    "date": "2018-12-31",
    "symbol": "PH",
    "reportedCurrency": "USD",
    "cik": "0000076334",
    "fillingDate": "2019-02-07",
    "acceptedDate": "2019-02-07 08:39:37",
    "calendarYear": "2019",
    "period": "Q2",
    "revenue": 3472045000,
    "costOfRevenue": 2598670000,
    "grossProfit": 873375000,
    "grossProfitRatio": 0.2515448388,
    "researchAndDevelopmentExpenses": 0,
    "generalAndAdministrativeExpenses": 0,
    "sellingAndMarketingExpenses": 0,
    "sellingGeneralAndAdministrativeExpenses": 393546000,
    "otherExpenses": 0,
    "operatingExpenses": 393546000,
    "costAndExpenses": 2992216000,
    "interestIncome": 0,
    "interestExpense": 47518000,
    "depreciationAndAmortization": 110052000,
    "ebitda": 587480000,
    "ebitdaratio": 0.1692028761,
    "operatingIncome": 479829000,
    "operatingIncomeRatio": 0.1381978056,
    "totalOtherIncomeExpensesNet": -48675000,
    "incomeBeforeTax": 431154000,
    "incomeBeforeTaxRatio": 0.1241786901,
    "incomeTaxExpense": 119241000,
    "netIncome": 311737000,
    "netIncomeRatio": 0.0897848386,
    "eps": 2.39,
    "epsdiluted": 2.36,
    "weightedAverageShsOut": 130361273,
    "weightedAverageShsOutDil": 132311210,
    "link": "https://www.sec.gov/Archives/edgar/data/76334/000007633419000018/0000076334-19-000018-index.htm",
    "finalLink": "https://www.sec.gov/Archives/edgar/data/76334/000007633419000018/ph-10qxq212312018.htm"
  },
  {
    "date": "2018-09-30",
    "symbol": "PH",
    "reportedCurrency": "USD",
    "cik": "0000076334",
    "fillingDate": "2018-11-07",
    "acceptedDate": "2018-11-07 08:53:36",
    "calendarYear": "2019",
    "period": "Q1",
    "revenue": 3479294000,
    "costOfRevenue": 2590424000,
    "grossProfit": 888870000,
    "grossProfitRatio": 0.2554742428,
    "researchAndDevelopmentExpenses": 0,
    "generalAndAdministrativeExpenses": 0,
    "sellingAndMarketingExpenses": 0,
    "sellingGeneralAndAdministrativeExpenses": 390163000,
    "otherExpenses": 0,
    "operatingExpenses": 390163000,
    "costAndExpenses": 2980587000,
    "interestIncome": 0,
    "interestExpense": 44339000,
    "depreciationAndAmortization": 112491000,
    "ebitda": 615344000,
    "ebitdaratio": 0.1768588685,
    "operatingIncome": 498707000,
    "operatingIncomeRatio": 0.1433356882,
    "totalOtherIncomeExpensesNet": -38984000,
    "incomeBeforeTax": 459723000,
    "incomeBeforeTaxRatio": 0.1321311163,
    "incomeTaxExpense": 83824000,
    "netIncome": 375711000,
    "netIncomeRatio": 0.1079848383,
    "eps": 2.84,
    "epsdiluted": 2.79,
    "weightedAverageShsOut": 132361654,
    "weightedAverageShsOutDil": 134664496,
    "link": "https://www.sec.gov/Archives/edgar/data/76334/000007633418000119/0000076334-18-000119-index.htm",
    "finalLink": "https://www.sec.gov/Archives/edgar/data/76334/000007633418000119/ph-10qxq19302018.htm"
  },
  {
    "date": "2018-06-30",
    "symbol": "PH",
    "reportedCurrency": "USD",
    "cik": "0000076334",
    "fillingDate": "2018-08-24",
    "acceptedDate": "2018-08-24 14:00:26",
    "calendarYear": "2018",
    "period": "Q4",
    "revenue": 3817477000,
    "costOfRevenue": 2817532000,
    "grossProfit": 999945000,
    "grossProfitRatio": 0.2619387098,
    "researchAndDevelopmentExpenses": 0,
    "generalAndAdministrativeExpenses": 0,
    "sellingAndMarketingExpenses": 0,
    "sellingGeneralAndAdministrativeExpenses": 405750000,
    "otherExpenses": 0,
    "operatingExpenses": 405750000,
    "costAndExpenses": 3223282000,
    "interestIncome": 0,
    "interestExpense": 53040000,
    "depreciationAndAmortization": 114769000,
    "ebitda": 658951000,
    "ebitdaratio": 0.1726142685,
    "operatingIncome": 594195000,
    "operatingIncomeRatio": 0.1556512325,
    "totalOtherIncomeExpensesNet": -96268000,
    "incomeBeforeTax": 497927000,
    "incomeBeforeTaxRatio": 0.1304335298,
    "incomeTaxExpense": 144599000,
    "netIncome": 353256000,
    "netIncomeRatio": 0.0925365104,
    "eps": 2.66,
    "epsdiluted": 2.62,
    "weightedAverageShsOut": 132696489,
    "weightedAverageShsOutDil": 135001851,
    "link": "https://www.sec.gov/Archives/edgar/data/76334/000007633418000087/0000076334-18-000087-index.htm",
    "finalLink": "https://www.sec.gov/Archives/edgar/data/76334/000007633418000087/ph630201810-k.htm"
  },
  {
    "date": "2018-03-31",
    "symbol": "PH",
    "reportedCurrency": "USD",
    "cik": "0000076334",
    "fillingDate": "2018-05-02",
    "acceptedDate": "2018-05-02 09:07:59",
    "calendarYear": "2018",
    "period": "Q3",
    "revenue": 3749591000,
    "costOfRevenue": 2810293000,
    "grossProfit": 939298000,
    "grossProfitRatio": 0.2505067886,
    "researchAndDevelopmentExpenses": 0,
    "generalAndAdministrativeExpenses": 0,
    "sellingAndMarketingExpenses": 0,
    "sellingGeneralAndAdministrativeExpenses": 408734000,
    "otherExpenses": 0,
    "operatingExpenses": 408734000,
    "costAndExpenses": 3219027000,
    "interestIncome": 0,
    "interestExpense": 54145000,
    "depreciationAndAmortization": 117100000,
    "ebitda": 641072000,
    "ebitdaratio": 0.1709711806,
    "operatingIncome": 530563999,
    "operatingIncomeRatio": 0.1414991659,
    "totalOtherIncomeExpensesNet": -60736999,
    "incomeBeforeTax": 469827000,
    "incomeBeforeTaxRatio": 0.1253008661,
    "incomeTaxExpense": 103697000,
    "netIncome": 365989000,
    "netIncomeRatio": 0.0976077124,
    "eps": 2.75,
    "epsdiluted": 2.7,
    "weightedAverageShsOut": 133032431,
    "weightedAverageShsOutDil": 135768280,
    "link": "https://www.sec.gov/Archives/edgar/data/76334/000007633418000046/0000076334-18-000046-index.htm",
    "finalLink": "https://www.sec.gov/Archives/edgar/data/76334/000007633418000046/ph-10qxq33312018.htm"
  },
  {
    "date": "2017-12-31",
    "symbol": "PH",
    "reportedCurrency": "USD",
    "cik": "0000076334",
    "fillingDate": "2018-02-08",
    "acceptedDate": "2018-02-08 09:45:02",
    "calendarYear": "2018",
    "period": "Q2",
    "revenue": 3370673000,
    "costOfRevenue": 2550792000,
    "grossProfit": 819881000,
    "grossProfitRatio": 0.2432395548,
    "researchAndDevelopmentExpenses": 0,
    "generalAndAdministrativeExpenses": 0,
    "sellingAndMarketingExpenses": 0,
    "sellingGeneralAndAdministrativeExpenses": 396619000,
    "otherExpenses": 0,
    "operatingExpenses": 396619000,
    "costAndExpenses": 2947411000,
    "interestIncome": 0,
    "interestExpense": 53133000,
    "depreciationAndAmortization": 118109000,
    "ebitda": 531463000,
    "ebitdaratio": 0.1576726666,
    "operatingIncome": 423262000,
    "operatingIncomeRatio": 0.1255719555,
    "totalOtherIncomeExpensesNet": -63041000,
    "incomeBeforeTax": 360221000,
    "incomeBeforeTaxRatio": 0.1068691623,
    "incomeTaxExpense": 303899000,
    "netIncome": 56159000,
    "netIncomeRatio": 0.0166610644,
    "eps": 0.42,
    "epsdiluted": 0.41,
    "weightedAverageShsOut": 133112568,
    "weightedAverageShsOutDil": 136194919,
    "link": "https://www.sec.gov/Archives/edgar/data/76334/000007633418000011/0000076334-18-000011-index.htm",
    "finalLink": "https://www.sec.gov/Archives/edgar/data/76334/000007633418000011/ph-10qxq212312017.htm"
  },
  {
    "date": "2017-09-30",
    "symbol": "PH",
    "reportedCurrency": "USD",
    "cik": "0000076334",
    "fillingDate": "2017-11-08",
    "acceptedDate": "2017-11-08 09:21:24",
    "calendarYear": "2018",
    "period": "Q1",
    "revenue": 3364651000,
    "costOfRevenue": 2514179000,
    "grossProfit": 850472000,
    "grossProfitRatio": 0.2527667803,
    "researchAndDevelopmentExpenses": 0,
    "generalAndAdministrativeExpenses": 0,
    "sellingAndMarketingExpenses": 0,
    "sellingGeneralAndAdministrativeExpenses": 392073000,
    "otherExpenses": 0,
    "operatingExpenses": 392073000,
    "costAndExpenses": 2906252000,
    "interestIncome": 0,
    "interestExpense": 53555000,
    "depreciationAndAmortization": 116107000,
    "ebitda": 543964000,
    "ebitdaratio": 0.1616702594,
    "operatingIncome": 458399000,
    "operatingIncomeRatio": 0.1362396873,
    "totalOtherIncomeExpensesNet": -84097000,
    "incomeBeforeTax": 374302000,
    "incomeBeforeTaxRatio": 0.1112454159,
    "incomeTaxExpense": 88767000,
    "netIncome": 285397000,
    "netIncomeRatio": 0.0848221703,
    "eps": 2.14,
    "epsdiluted": 2.1,
    "weightedAverageShsOut": 133176964,
    "weightedAverageShsOutDil": 135794270,
    "link": "https://www.sec.gov/Archives/edgar/data/76334/000007633417000132/0000076334-17-000132-index.htm",
    "finalLink": "https://www.sec.gov/Archives/edgar/data/76334/000007633417000132/ph-10qxq19302017.htm"
  },
  {
    "date": "2017-06-30",
    "symbol": "PH",
    "reportedCurrency": "USD",
    "cik": "0000076334",
    "fillingDate": "2017-08-25",
    "acceptedDate": "2017-08-25 11:07:02",
    "calendarYear": "2017",
    "period": "Q4",
    "revenue": 3496238000,
    "costOfRevenue": 2643718000,
    "grossProfit": 852520000,
    "grossProfitRatio": 0.2438392352,
    "researchAndDevelopmentExpenses": 0,
    "generalAndAdministrativeExpenses": 0,
    "sellingAndMarketingExpenses": 0,
    "sellingGeneralAndAdministrativeExpenses": 392663000,
    "otherExpenses": 0,
    "operatingExpenses": 392663000,
    "costAndExpenses": 3036381000,
    "interestIncome": 0,
    "interestExpense": 52787000,
    "depreciationAndAmortization": 118686000,
    "ebitda": 572084000,
    "ebitdaratio": 0.1636284486,
    "operatingIncome": 459857000,
    "operatingIncomeRatio": 0.1315290893,
    "totalOtherIncomeExpensesNet": -59246000,
    "incomeBeforeTax": 400611000,
    "incomeBeforeTaxRatio": 0.1145834466,
    "incomeTaxExpense": 107252000,
    "netIncome": 293305000,
    "netIncomeRatio": 0.0838916001,
    "eps": 2.2,
    "epsdiluted": 2.15,
    "weightedAverageShsOut": 133278324,
    "weightedAverageShsOutDil": 136154741,
    "link": "https://www.sec.gov/Archives/edgar/data/76334/000007633417000095/0000076334-17-000095-index.htm",
    "finalLink": "https://www.sec.gov/Archives/edgar/data/76334/000007633417000095/ph630201710-k.htm"
  },
  {
    "date": "2017-03-31",
    "symbol": "PH",
    "reportedCurrency": "USD",
    "cik": "0000076334",
    "fillingDate": "2017-05-09",
    "acceptedDate": "2017-05-09 11:15:49",
    "calendarYear": "2017",
    "period": "Q3",
    "revenue": 3119139000,
    "costOfRevenue": 2373448000,
    "grossProfit": 745691000,
    "grossProfitRatio": 0.2390694996,
    "researchAndDevelopmentExpenses": 0,
    "generalAndAdministrativeExpenses": 0,
    "sellingAndMarketingExpenses": 0,
    "sellingGeneralAndAdministrativeExpenses": 386060000,
    "otherExpenses": 0,
    "operatingExpenses": 386060000,
    "costAndExpenses": 2759508000,
    "interestIncome": 0,
    "interestExpense": 42057000,
    "depreciationAndAmortization": 87458000,
    "ebitda": 444578000,
    "ebitdaratio": 0.1425322821,
    "operatingIncome": 359631000,
    "operatingIncomeRatio": 0.115298164,
    "totalOtherIncomeExpensesNet": -44568000,
    "incomeBeforeTax": 315063000,
    "incomeBeforeTaxRatio": 0.1010096055,
    "incomeTaxExpense": 76216000,
    "netIncome": 238673000,
    "netIncomeRatio": 0.0765188727,
    "eps": 1.79,
    "epsdiluted": 1.75,
    "weightedAverageShsOut": 133232378,
    "weightedAverageShsOutDil": 136102974,
    "link": "https://www.sec.gov/Archives/edgar/data/76334/000007633417000053/0000076334-17-000053-index.htm",
    "finalLink": "https://www.sec.gov/Archives/edgar/data/76334/000007633417000053/ph-10qxq33312017.htm"
  },
  {
    "date": "2016-12-31",
    "symbol": "PH",
    "reportedCurrency": "USD",
    "cik": "0000076334",
    "fillingDate": "2017-02-07",
    "acceptedDate": "2017-02-07 10:19:54",
    "calendarYear": "2017",
    "period": "Q2",
    "revenue": 2670804000,
    "costOfRevenue": 2037878000,
    "grossProfit": 632926000,
    "grossProfitRatio": 0.2369795762,
    "researchAndDevelopmentExpenses": 0,
    "generalAndAdministrativeExpenses": 0,
    "sellingAndMarketingExpenses": 0,
    "sellingGeneralAndAdministrativeExpenses": 335287000,
    "otherExpenses": 0,
    "operatingExpenses": 335287000,
    "costAndExpenses": 2373165000,
    "interestIncome": 0,
    "interestExpense": 33444000,
    "depreciationAndAmortization": 73752000,
    "ebitda": 427918000,
    "ebitdaratio": 0.1602206676,
    "operatingIncome": 297639000,
    "operatingIncomeRatio": 0.1114417232,
    "totalOtherIncomeExpensesNet": 23083000,
    "incomeBeforeTax": 320722000,
    "incomeBeforeTaxRatio": 0.120084439,
    "incomeTaxExpense": 79322000,
    "netIncome": 241305000,
    "netIncomeRatio": 0.0903491982,
    "eps": 1.81,
    "epsdiluted": 1.78,
    "weightedAverageShsOut": 133320109,
    "weightedAverageShsOutDil": 135812760,
    "link": "https://www.sec.gov/Archives/edgar/data/76334/000007633417000012/0000076334-17-000012-index.htm",
    "finalLink": "https://www.sec.gov/Archives/edgar/data/76334/000007633417000012/ph-10qxq212312016.htm"
  },
  {
    "date": "2016-09-30",
    "symbol": "PH",
    "reportedCurrency": "USD",
    "cik": "0000076334",
    "fillingDate": "2016-11-01",
    "acceptedDate": "2016-11-01 10:57:21",
    "calendarYear": "2017",
    "period": "Q1",
    "revenue": 2743131000,
    "costOfRevenue": 2097985999,
    "grossProfit": 645145000,
    "grossProfitRatio": 0.2351856328,
    "researchAndDevelopmentExpenses": 0,
    "generalAndAdministrativeExpenses": 0,
    "sellingAndMarketingExpenses": 0,
    "sellingGeneralAndAdministrativeExpenses": 320244000,
    "otherExpenses": 0,
    "operatingExpenses": 320244000,
    "costAndExpenses": 2418230000,
    "interestIncome": 0,
    "interestExpense": 34148000,
    "depreciationAndAmortization": 75333000,
    "ebitda": 401726000,
    "ebitdaratio": 0.1464479823,
    "operatingIncome": 324901000,
    "operatingIncomeRatio": 0.1184416639,
    "totalOtherIncomeExpensesNet": -32656000,
    "incomeBeforeTax": 292245000,
    "incomeBeforeTaxRatio": 0.1065370192,
    "incomeTaxExpense": 82007000,
    "netIncome": 210129000,
    "netIncomeRatio": 0.076601883,
    "eps": 1.57,
    "epsdiluted": 1.55,
    "weightedAverageShsOut": 133679378,
    "weightedAverageShsOutDil": 135825658,
    "link": "https://www.sec.gov/Archives/edgar/data/76334/000007633416000220/0000076334-16-000220-index.htm",
    "finalLink": "https://www.sec.gov/Archives/edgar/data/76334/000007633416000220/ph-10qxq19302016.htm"
  },
  {
    "date": "2016-06-30",
    "symbol": "PH",
    "reportedCurrency": "USD",
    "cik": "0000076334",
    "fillingDate": "2016-08-26",
    "acceptedDate": "2016-08-26 09:46:15",
    "calendarYear": "2016",
    "period": "Q4",
    "revenue": 2957150000,
    "costOfRevenue": 2272455000,
    "grossProfit": 684695000,
    "grossProfitRatio": 0.2315388127,
    "researchAndDevelopmentExpenses": 359796000,
    "generalAndAdministrativeExpenses": 338572000,
    "sellingAndMarketingExpenses": 0,
    "sellingGeneralAndAdministrativeExpenses": 338572000,
    "otherExpenses": 22798000,
    "operatingExpenses": 338572000,
    "costAndExpenses": 2611027000,
    "interestIncome": 0,
    "interestExpense": 32715000,
    "depreciationAndAmortization": 75066000,
    "ebitda": 446299000,
    "ebitdaratio": 0.1509220026,
    "operatingIncome": 313408000,
    "operatingIncomeRatio": 0.1059831256,
    "totalOtherIncomeExpensesNet": -9917000,
    "incomeBeforeTax": 336206000,
    "incomeBeforeTaxRatio": 0.1136925756,
    "incomeTaxExpense": 94295000,
    "netIncome": 241796000,
    "netIncomeRatio": 0.0817665658,
    "eps": 1.8,
    "epsdiluted": 1.77,
    "weightedAverageShsOut": 134385814,
    "weightedAverageShsOutDil": 136255977,
    "link": "https://www.sec.gov/Archives/edgar/data/76334/000007633416000196/0000076334-16-000196-index.htm",
    "finalLink": "https://www.sec.gov/Archives/edgar/data/76334/000007633416000196/ph630201610-k.htm"
  },
  {
    "date": "2016-03-31",
    "symbol": "PH",
    "reportedCurrency": "USD",
    "cik": "0000076334",
    "fillingDate": "2016-05-05",
    "acceptedDate": "2016-05-05 09:50:19",
    "calendarYear": "2016",
    "period": "Q3",
    "revenue": 2828665000,
    "costOfRevenue": 2209401000,
    "grossProfit": 619264000,
    "grossProfitRatio": 0.218924475,
    "researchAndDevelopmentExpenses": 0,
    "generalAndAdministrativeExpenses": 335908000,
    "sellingAndMarketingExpenses": 0,
    "sellingGeneralAndAdministrativeExpenses": 335908000,
    "otherExpenses": 0,
    "operatingExpenses": 335908000,
    "costAndExpenses": 2545309000,
    "interestIncome": 0,
    "interestExpense": 33745000,
    "depreciationAndAmortization": 75684000,
    "ebitda": 386119000,
    "ebitdaratio": 0.1365022016,
    "operatingIncome": 283356000,
    "operatingIncomeRatio": 0.1001730498,
    "totalOtherIncomeExpensesNet": -10363000,
    "incomeBeforeTax": 272993000,
    "incomeBeforeTaxRatio": 0.0965094842,
    "incomeTaxExpense": 85851000,
    "netIncome": 187084000,
    "netIncomeRatio": 0.0661386202,
    "eps": 1.39,
    "epsdiluted": 1.37,
    "weightedAverageShsOut": 134809610,
    "weightedAverageShsOutDil": 136552769,
    "link": "https://www.sec.gov/Archives/edgar/data/76334/000007633416000153/0000076334-16-000153-index.htm",
    "finalLink": "https://www.sec.gov/Archives/edgar/data/76334/000007633416000153/ph-10qxq33312016.htm"
  },
  {
    "date": "2015-12-31",
    "symbol": "PH",
    "reportedCurrency": "USD",
    "cik": "0000076334",
    "fillingDate": "2016-02-03",
    "acceptedDate": "2016-02-03 11:48:41",
    "calendarYear": "2016",
    "period": "Q2",
    "revenue": 2705590000,
    "costOfRevenue": 2140624000,
    "grossProfit": 564966000,
    "grossProfitRatio": 0.2088143436,
    "researchAndDevelopmentExpenses": 0,
    "generalAndAdministrativeExpenses": 314666000,
    "sellingAndMarketingExpenses": 0,
    "sellingGeneralAndAdministrativeExpenses": 314666000,
    "otherExpenses": 0,
    "operatingExpenses": 314666000,
    "costAndExpenses": 2455290000,
    "interestIncome": 0,
    "interestExpense": 34297000,
    "depreciationAndAmortization": 77871000,
    "ebitda": 351442000,
    "ebitdaratio": 0.1298947734,
    "operatingIncome": 250300000,
    "operatingIncomeRatio": 0.0925121692,
    "totalOtherIncomeExpensesNet": -20420000,
    "incomeBeforeTax": 229880000,
    "incomeBeforeTaxRatio": 0.0849648321,
    "incomeTaxExpense": 46743000,
    "netIncome": 182982000,
    "netIncomeRatio": 0.0676310897,
    "eps": 1.35,
    "epsdiluted": 1.33,
    "weightedAverageShsOut": 135373356,
    "weightedAverageShsOutDil": 137065447,
    "link": "https://www.sec.gov/Archives/edgar/data/76334/000007633416000116/0000076334-16-000116-index.htm",
    "finalLink": "https://www.sec.gov/Archives/edgar/data/76334/000007633416000116/ph-10qxq212312015.htm"
  },
  {
    "date": "2015-09-30",
    "symbol": "PH",
    "reportedCurrency": "USD",
    "cik": "0000076334",
    "fillingDate": "2015-11-03",
    "acceptedDate": "2015-11-03 11:19:47",
    "calendarYear": "2016",
    "period": "Q1",
    "revenue": 2869348000,
    "costOfRevenue": 2200904000,
    "grossProfit": 668444000,
    "grossProfitRatio": 0.2329602404,
    "researchAndDevelopmentExpenses": 0,
    "generalAndAdministrativeExpenses": 370214000,
    "sellingAndMarketingExpenses": 0,
    "sellingGeneralAndAdministrativeExpenses": 370214000,
    "otherExpenses": 0,
    "operatingExpenses": 370214000,
    "costAndExpenses": 2571118000,
    "interestIncome": 0,
    "interestExpense": 35760000,
    "depreciationAndAmortization": 78222000,
    "ebitda": 398240000,
    "ebitdaratio": 0.1387911121,
    "operatingIncome": 298230000,
    "operatingIncomeRatio": 0.103936504,
    "totalOtherIncomeExpensesNet": -22581000,
    "incomeBeforeTax": 275649000,
    "incomeBeforeTaxRatio": 0.096066772,
    "incomeTaxExpense": 80623000,
    "netIncome": 194978000,
    "netIncomeRatio": 0.0679520226,
    "eps": 1.42,
    "epsdiluted": 1.41,
    "weightedAverageShsOut": 136844504,
    "weightedAverageShsOutDil": 138574908,
    "link": "https://www.sec.gov/Archives/edgar/data/76334/000007633415000104/0000076334-15-000104-index.htm",
    "finalLink": "https://www.sec.gov/Archives/edgar/data/76334/000007633415000104/ph-10qxq109302015.htm"
  },
  {
    "date": "2015-06-30",
    "symbol": "PH",
    "reportedCurrency": "USD",
    "cik": "0000076334",
    "fillingDate": "2015-08-26",
    "acceptedDate": "2015-08-26 10:59:12",
    "calendarYear": "2015",
    "period": "Q4",
    "revenue": 3144508000,
    "costOfRevenue": 2420780000,
    "grossProfit": 723728000,
    "grossProfitRatio": 0.2301561961,
    "researchAndDevelopmentExpenses": 403085000,
    "generalAndAdministrativeExpenses": 391796000,
    "sellingAndMarketingExpenses": 0,
    "sellingGeneralAndAdministrativeExpenses": 391796000,
    "otherExpenses": 6838000,
    "operatingExpenses": 391796000,
    "costAndExpenses": 2812576000,
    "interestIncome": 0,
    "interestExpense": 34797000,
    "depreciationAndAmortization": 80259000,
    "ebitda": 421799000,
    "ebitdaratio": 0.1341383135,
    "operatingIncome": 297135000,
    "operatingIncomeRatio": 0.0944933198,
    "totalOtherIncomeExpensesNet": -27959000,
    "incomeBeforeTax": 303973000,
    "incomeBeforeTaxRatio": 0.0966679048,
    "incomeTaxExpense": 124388000,
    "netIncome": 179454000,
    "netIncomeRatio": 0.0570690232,
    "eps": 1.29,
    "epsdiluted": 1.27,
    "weightedAverageShsOut": 138674443,
    "weightedAverageShsOutDil": 141000940,
    "link": "https://www.sec.gov/Archives/edgar/data/76334/000007633415000079/0000076334-15-000079-index.htm",
    "finalLink": "https://www.sec.gov/Archives/edgar/data/76334/000007633415000079/ph630201510k.htm"
  },
  {
    "date": "2015-03-31",
    "symbol": "PH",
    "reportedCurrency": "USD",
    "cik": "0000076334",
    "fillingDate": "2015-05-08",
    "acceptedDate": "2015-05-08 10:45:11",
    "calendarYear": "2015",
    "period": "Q3",
    "revenue": 3162311000,
    "costOfRevenue": 2373016000,
    "grossProfit": 789295000,
    "grossProfitRatio": 0.2495943631,
    "researchAndDevelopmentExpenses": 0,
    "generalAndAdministrativeExpenses": 372306000,
    "sellingAndMarketingExpenses": 0,
    "sellingGeneralAndAdministrativeExpenses": 372306000,
    "otherExpenses": 0,
    "operatingExpenses": 372306000,
    "costAndExpenses": 2745322000,
    "interestIncome": 0,
    "interestExpense": 35003000,
    "depreciationAndAmortization": 76607000,
    "ebitda": 501362000,
    "ebitdaratio": 0.1585429137,
    "operatingIncome": 416989000,
    "operatingIncomeRatio": 0.1318621097,
    "totalOtherIncomeExpensesNet": -28623000,
    "incomeBeforeTax": 388366000,
    "incomeBeforeTaxRatio": 0.1228108178,
    "incomeTaxExpense": 102904000,
    "netIncome": 285345000,
    "netIncomeRatio": 0.0902330606,
    "eps": 2.06,
    "epsdiluted": 2.02,
    "weightedAverageShsOut": 138794789,
    "weightedAverageShsOutDil": 141189803,
    "link": "https://www.sec.gov/Archives/edgar/data/76334/000007633415000037/0000076334-15-000037-index.htm",
    "finalLink": "https://www.sec.gov/Archives/edgar/data/76334/000007633415000037/ph-10qxq303312015.htm"
  },
  {
    "date": "2014-12-31",
    "symbol": "PH",
    "reportedCurrency": "USD",
    "cik": "0000076334",
    "fillingDate": "2015-02-06",
    "acceptedDate": "2015-02-06 14:19:11",
    "calendarYear": "2015",
    "period": "Q2",
    "revenue": 3134993000,
    "costOfRevenue": 2401584000,
    "grossProfit": 733409000,
    "grossProfitRatio": 0.2339427871,
    "researchAndDevelopmentExpenses": 0,
    "generalAndAdministrativeExpenses": 379804000,
    "sellingAndMarketingExpenses": 0,
    "sellingGeneralAndAdministrativeExpenses": 379804000,
    "otherExpenses": 0,
    "operatingExpenses": 379804000,
    "costAndExpenses": 2781388000,
    "interestIncome": 0,
    "interestExpense": 27645000,
    "depreciationAndAmortization": 78857000,
    "ebitda": 441546000,
    "ebitdaratio": 0.1408443336,
    "operatingIncome": 353605000,
    "operatingIncomeRatio": 0.1127929153,
    "totalOtherIncomeExpensesNet": -10339000,
    "incomeBeforeTax": 343266000,
    "incomeBeforeTaxRatio": 0.1094949813,
    "incomeTaxExpense": 75931000,
    "netIncome": 267252000,
    "netIncomeRatio": 0.0852480372,
    "eps": 1.84,
    "epsdiluted": 1.8,
    "weightedAverageShsOut": 145493247,
    "weightedAverageShsOutDil": 148182777,
    "link": "https://www.sec.gov/Archives/edgar/data/76334/000007633415000011/0000076334-15-000011-index.htm",
    "finalLink": "https://www.sec.gov/Archives/edgar/data/76334/000007633415000011/ph-10qxq212312014.htm"
  },
  {
    "date": "2014-09-30",
    "symbol": "PH",
    "reportedCurrency": "USD",
    "cik": "0000076334",
    "fillingDate": "2014-10-31",
    "acceptedDate": "2014-10-31 11:23:46",
    "calendarYear": "2015",
    "period": "Q1",
    "revenue": 3269932000,
    "costOfRevenue": 2459865000,
    "grossProfit": 810067000,
    "grossProfitRatio": 0.2477320629,
    "researchAndDevelopmentExpenses": 0,
    "generalAndAdministrativeExpenses": 400840000,
    "sellingAndMarketingExpenses": 0,
    "sellingGeneralAndAdministrativeExpenses": 400840000,
    "otherExpenses": 0,
    "operatingExpenses": 400840000,
    "costAndExpenses": 2860705000,
    "interestIncome": 0,
    "interestExpense": 20961000,
    "depreciationAndAmortization": 81768000,
    "ebitda": 496844000,
    "ebitdaratio": 0.1519432208,
    "operatingIncome": 409227000,
    "operatingIncomeRatio": 0.125148474,
    "totalOtherIncomeExpensesNet": -12592000,
    "incomeBeforeTax": 396635000,
    "incomeBeforeTaxRatio": 0.1212976294,
    "incomeTaxExpense": 116464000,
    "netIncome": 280089000,
    "netIncomeRatio": 0.0856559097,
    "eps": 1.88,
    "epsdiluted": 1.85,
    "weightedAverageShsOut": 148738828,
    "weightedAverageShsOutDil": 151073635,
    "link": "https://www.sec.gov/Archives/edgar/data/76334/000007633414000136/0000076334-14-000136-index.htm",
    "finalLink": "https://www.sec.gov/Archives/edgar/data/76334/000007633414000136/ph-10qxq19302014.htm"
  },
  {
    "date": "2014-06-30",
    "symbol": "PH",
    "reportedCurrency": "USD",
    "cik": "0000076334",
    "fillingDate": "2014-08-22",
    "acceptedDate": "2014-08-22 11:33:15",
    "calendarYear": "2014",
    "period": "Q4",
    "revenue": 3525415000,
    "costOfRevenue": 2685954000,
    "grossProfit": 839461000,
    "grossProfitRatio": 0.2381169309,
    "researchAndDevelopmentExpenses": 410132000,
    "generalAndAdministrativeExpenses": 421185000,
    "sellingAndMarketingExpenses": 0,
    "sellingGeneralAndAdministrativeExpenses": 421185000,
    "otherExpenses": 9711000,
    "operatingExpenses": 421185000,
    "costAndExpenses": 3107139000,
    "interestIncome": 0,
    "interestExpense": 20163000,
    "depreciationAndAmortization": 83552000,
    "ebitda": 519932000,
    "ebitdaratio": 0.1474810767,
    "operatingIncome": 418276000,
    "operatingIncomeRatio": 0.1186458899,
    "totalOtherIncomeExpensesNet": -10452000,
    "incomeBeforeTax": 407824000,
    "incomeBeforeTaxRatio": 0.1156811326,
    "incomeTaxExpense": 106648000,
    "netIncome": 301038000,
    "netIncomeRatio": 0.085390798,
    "eps": 2.02,
    "epsdiluted": 1.98,
    "weightedAverageShsOut": 148967357,
    "weightedAverageShsOutDil": 151803746,
    "link": "https://www.sec.gov/Archives/edgar/data/76334/000007633414000114/0000076334-14-000114-index.htm",
    "finalLink": "https://www.sec.gov/Archives/edgar/data/76334/000007633414000114/ph630201410k.htm"
  },
  {
    "date": "2014-03-31",
    "symbol": "PH",
    "reportedCurrency": "USD",
    "cik": "0000076334",
    "fillingDate": "2014-05-06",
    "acceptedDate": "2014-05-06 12:52:19",
    "calendarYear": "2014",
    "period": "Q3",
    "revenue": 3358406000,
    "costOfRevenue": 2605893000,
    "grossProfit": 752513000,
    "grossProfitRatio": 0.2240685015,
    "researchAndDevelopmentExpenses": 0,
    "generalAndAdministrativeExpenses": 407241000,
    "sellingAndMarketingExpenses": 0,
    "sellingGeneralAndAdministrativeExpenses": 407241000,
    "otherExpenses": 0,
    "operatingExpenses": 407241000,
    "costAndExpenses": 3013134000,
    "interestIncome": 0,
    "interestExpense": 20594000,
    "depreciationAndAmortization": 83060000,
    "ebitda": 488213000,
    "ebitdaratio": 0.1453704525,
    "operatingIncome": 345272000,
    "operatingIncomeRatio": 0.1028082966,
    "totalOtherIncomeExpensesNet": -15782000,
    "incomeBeforeTax": 329490000,
    "incomeBeforeTaxRatio": 0.0981090434,
    "incomeTaxExpense": 86972000,
    "netIncome": 242406000,
    "netIncomeRatio": 0.0721788849,
    "eps": 1.63,
    "epsdiluted": 1.6,
    "weightedAverageShsOut": 149039529,
    "weightedAverageShsOutDil": 151739617,
    "link": "https://www.sec.gov/Archives/edgar/data/76334/000007633414000045/0000076334-14-000045-index.htm",
    "finalLink": "https://www.sec.gov/Archives/edgar/data/76334/000007633414000045/ph-10qxq33312014.htm"
  },
  {
    "date": "2013-12-31",
    "symbol": "PH",
    "reportedCurrency": "USD",
    "cik": "0000076334",
    "fillingDate": "2014-02-07",
    "acceptedDate": "2014-02-07 10:45:33",
    "calendarYear": "2014",
    "period": "Q2",
    "revenue": 3106006000,
    "costOfRevenue": 2419971000,
    "grossProfit": 686035000,
    "grossProfitRatio": 0.2208736879,
    "researchAndDevelopmentExpenses": 0,
    "generalAndAdministrativeExpenses": 398636000,
    "sellingAndMarketingExpenses": 0,
    "sellingGeneralAndAdministrativeExpenses": 398636000,
    "otherExpenses": 0,
    "operatingExpenses": 398636000,
    "costAndExpenses": 2818607000,
    "interestIncome": 0,
    "interestExpense": 20851000,
    "depreciationAndAmortization": 84510000,
    "ebitda": 385124000,
    "ebitdaratio": 0.1239933213,
    "operatingIncome": 287399000,
    "operatingIncomeRatio": 0.0925300853,
    "totalOtherIncomeExpensesNet": 207917000,
    "incomeBeforeTax": 495316000,
    "incomeBeforeTaxRatio": 0.1594703938,
    "incomeTaxExpense": 241912000,
    "netIncome": 253288000,
    "netIncomeRatio": 0.0815478141,
    "eps": 1.7,
    "epsdiluted": 1.66,
    "weightedAverageShsOut": 149153599,
    "weightedAverageShsOutDil": 152151024,
    "link": "https://www.sec.gov/Archives/edgar/data/76334/000007633414000013/0000076334-14-000013-index.htm",
    "finalLink": "https://www.sec.gov/Archives/edgar/data/76334/000007633414000013/ph-10qxq212312013.htm"
  },
  {
    "date": "2013-09-30",
    "symbol": "PH",
    "reportedCurrency": "USD",
    "cik": "0000076334",
    "fillingDate": "2013-11-04",
    "acceptedDate": "2013-11-04 13:05:58",
    "calendarYear": "2014",
    "period": "Q1",
    "revenue": 3226144000,
    "costOfRevenue": 2476409000,
    "grossProfit": 749735000,
    "grossProfitRatio": 0.2323935323,
    "researchAndDevelopmentExpenses": 0,
    "generalAndAdministrativeExpenses": 406930000,
    "sellingAndMarketingExpenses": 0,
    "sellingGeneralAndAdministrativeExpenses": 406930000,
    "otherExpenses": 2243000,
    "operatingExpenses": 406930000,
    "costAndExpenses": 2883339000,
    "interestIncome": 0,
    "interestExpense": 20958000,
    "depreciationAndAmortization": 85580000,
    "ebitda": 439634000,
    "ebitdaratio": 0.1362722805,
    "operatingIncome": 342805000,
    "operatingIncomeRatio": 0.1062584311,
    "totalOtherIncomeExpensesNet": -18715000,
    "incomeBeforeTax": 324090000,
    "incomeBeforeTaxRatio": 0.1004573881,
    "incomeTaxExpense": 79770000,
    "netIncome": 244316000,
    "netIncomeRatio": 0.0757300356,
    "eps": 1.64,
    "epsdiluted": 1.61,
    "weightedAverageShsOut": 149237306,
    "weightedAverageShsOutDil": 151860261,
    "link": "https://www.sec.gov/Archives/edgar/data/76334/000007633413000188/0000076334-13-000188-index.htm",
    "finalLink": "https://www.sec.gov/Archives/edgar/data/76334/000007633413000188/ph-10qxq19302013.htm"
  },
  {
    "date": "2013-06-30",
    "symbol": "PH",
    "reportedCurrency": "USD",
    "cik": "0000076334",
    "fillingDate": "2013-08-29",
    "acceptedDate": "2013-08-29 11:03:04",
    "calendarYear": "2013",
    "period": "Q4",
    "revenue": 3428233000,
    "costOfRevenue": 2618067000,
    "grossProfit": 810166000,
    "grossProfitRatio": 0.2363217436,
    "researchAndDevelopmentExpenses": 406613000,
    "generalAndAdministrativeExpenses": 413061000,
    "sellingAndMarketingExpenses": 0,
    "sellingGeneralAndAdministrativeExpenses": 413061000,
    "otherExpenses": -2565000,
    "operatingExpenses": 413061000,
    "costAndExpenses": 3031128000,
    "interestIncome": 0,
    "interestExpense": 20777000,
    "depreciationAndAmortization": 85050000,
    "ebitda": 479590000,
    "ebitdaratio": 0.1398942254,
    "operatingIncome": 376328000,
    "operatingIncomeRatio": 0.1097731689,
    "totalOtherIncomeExpensesNet": -23342000,
    "incomeBeforeTax": 373763000,
    "incomeBeforeTaxRatio": 0.10902497,
    "incomeTaxExpense": 102633000,
    "netIncome": 271164000,
    "netIncomeRatio": 0.0790973076,
    "eps": 1.82,
    "epsdiluted": 1.78,
    "weightedAverageShsOut": 149298277,
    "weightedAverageShsOutDil": 152115402,
    "link": "https://www.sec.gov/Archives/edgar/data/76334/000007633413000157/0000076334-13-000157-index.htm",
    "finalLink": "https://www.sec.gov/Archives/edgar/data/76334/000007633413000157/ph630201310k.htm"
  },
  {
    "date": "2013-03-31",
    "symbol": "PH",
    "reportedCurrency": "USD",
    "cik": "0000076334",
    "fillingDate": "2013-05-07",
    "acceptedDate": "2013-05-07 09:05:59",
    "calendarYear": "2013",
    "period": "Q3",
    "revenue": 3307041000,
    "costOfRevenue": 2569189000,
    "grossProfit": 737852000,
    "grossProfitRatio": 0.2231154679,
    "researchAndDevelopmentExpenses": 0,
    "generalAndAdministrativeExpenses": 379690000,
    "sellingAndMarketingExpenses": 0,
    "sellingGeneralAndAdministrativeExpenses": 379690000,
    "otherExpenses": 3439000,
    "operatingExpenses": 379690000,
    "costAndExpenses": 2948879000,
    "interestIncome": 0,
    "interestExpense": 23050000,
    "depreciationAndAmortization": 86747000,
    "ebitda": 448348000,
    "ebitdaratio": 0.1355737652,
    "operatingIncome": 358162000,
    "operatingIncomeRatio": 0.1083028605,
    "totalOtherIncomeExpensesNet": -19611000,
    "incomeBeforeTax": 338551000,
    "incomeBeforeTaxRatio": 0.1023727858,
    "incomeTaxExpense": 81959000,
    "netIncome": 256560000,
    "netIncomeRatio": 0.0775799272,
    "eps": 1.72,
    "epsdiluted": 1.68,
    "weightedAverageShsOut": 149287628,
    "weightedAverageShsOutDil": 152360612,
    "link": "https://www.sec.gov/Archives/edgar/data/76334/000007633413000072/0000076334-13-000072-index.htm",
    "finalLink": "https://www.sec.gov/Archives/edgar/data/76334/000007633413000072/ph-10qxq3.htm"
  },
  {
    "date": "2012-12-31",
    "symbol": "PH",
    "reportedCurrency": "USD",
    "cik": "0000076334",
    "fillingDate": "2013-02-06",
    "acceptedDate": "2013-02-06 09:38:57",
    "calendarYear": "2013",
    "period": "Q2",
    "revenue": 3065495000,
    "costOfRevenue": 2421972000,
    "grossProfit": 643523000,
    "grossProfitRatio": 0.2099246614,
    "researchAndDevelopmentExpenses": 0,
    "generalAndAdministrativeExpenses": 381100000,
    "sellingAndMarketingExpenses": 0,
    "sellingGeneralAndAdministrativeExpenses": 381100000,
    "otherExpenses": 0,
    "operatingExpenses": 381100000,
    "costAndExpenses": 2803072000,
    "interestIncome": 0,
    "interestExpense": 24216000,
    "depreciationAndAmortization": 82655000,
    "ebitda": 369500000,
    "ebitdaratio": 0.1205351827,
    "operatingIncome": 262423000,
    "operatingIncomeRatio": 0.0856054242,
    "totalOtherIncomeExpensesNet": 206000,
    "incomeBeforeTax": 262629000,
    "incomeBeforeTaxRatio": 0.0856726238,
    "incomeTaxExpense": 81515000,
    "netIncome": 180962000,
    "netIncomeRatio": 0.0590319019,
    "eps": 1.21,
    "epsdiluted": 1.19,
    "weightedAverageShsOut": 149001273,
    "weightedAverageShsOutDil": 152198704,
    "link": "https://www.sec.gov/Archives/edgar/data/76334/000007633413000030/0000076334-13-000030-index.htm",
    "finalLink": "https://www.sec.gov/Archives/edgar/data/76334/000007633413000030/ph-10qxq21.htm"
  },
  {
    "date": "2012-09-30",
    "symbol": "PH",
    "reportedCurrency": "USD",
    "cik": "0000076334",
    "fillingDate": "2012-11-02",
    "acceptedDate": "2012-11-02 10:47:14",
    "calendarYear": "2013",
    "period": "Q1",
    "revenue": 3214935000,
    "costOfRevenue": 2477447000,
    "grossProfit": 737488000,
    "grossProfitRatio": 0.2293943734,
    "researchAndDevelopmentExpenses": 0,
    "generalAndAdministrativeExpenses": 381122000,
    "sellingAndMarketingExpenses": 0,
    "sellingGeneralAndAdministrativeExpenses": 381122000,
    "otherExpenses": 0,
    "operatingExpenses": 381122000,
    "costAndExpenses": 2858569000,
    "interestIncome": 0,
    "interestExpense": 23509000,
    "depreciationAndAmortization": 81172000,
    "ebitda": 440739000,
    "ebitdaratio": 0.1370911076,
    "operatingIncome": 356366000,
    "operatingIncomeRatio": 0.1108470311,
    "totalOtherIncomeExpensesNet": -20308000,
    "incomeBeforeTax": 336058000,
    "incomeBeforeTaxRatio": 0.1045302627,
    "incomeTaxExpense": 96110000,
    "netIncome": 239741000,
    "netIncomeRatio": 0.0745710255,
    "eps": 1.61,
    "epsdiluted": 1.57,
    "weightedAverageShsOut": 149285849,
    "weightedAverageShsOutDil": 152617110,
    "link": "https://www.sec.gov/Archives/edgar/data/76334/000007633412000089/0000076334-12-000089-index.htm",
    "finalLink": "https://www.sec.gov/Archives/edgar/data/76334/000007633412000089/ph-10qxq1.htm"
  },
  {
    "date": "2012-06-30",
    "symbol": "PH",
    "reportedCurrency": "USD",
    "cik": "0000076334",
    "fillingDate": "2012-08-24",
    "acceptedDate": "2012-08-24 09:36:46",
    "calendarYear": "2012",
    "period": "Q4",
    "revenue": 3411666000,
    "costOfRevenue": 2572258000,
    "grossProfit": 839408000,
    "grossProfitRatio": 0.2460404975,
    "researchAndDevelopmentExpenses": 0,
    "generalAndAdministrativeExpenses": 386681000,
    "sellingAndMarketingExpenses": 0,
    "sellingGeneralAndAdministrativeExpenses": 386681000,
    "otherExpenses": 0,
    "operatingExpenses": 386681000,
    "costAndExpenses": 2958939000,
    "interestIncome": 0,
    "interestExpense": 23487000,
    "depreciationAndAmortization": 77526000,
    "ebitda": 526352000,
    "ebitdaratio": 0.1542800497,
    "operatingIncome": 429240000,
    "operatingIncomeRatio": 0.1258153641,
    "totalOtherIncomeExpensesNet": -27388000,
    "incomeBeforeTax": 425339000,
    "incomeBeforeTaxRatio": 0.1246719345,
    "incomeTaxExpense": 123037000,
    "netIncome": 301965000,
    "netIncomeRatio": 0.0885095434,
    "eps": 2.01,
    "epsdiluted": 1.96,
    "weightedAverageShsOut": 150470993,
    "weightedAverageShsOutDil": 154155617,
    "link": "https://www.sec.gov/Archives/edgar/data/76334/000007633412000064/0000076334-12-000064-index.htm",
    "finalLink": "https://www.sec.gov/Archives/edgar/data/76334/000007633412000064/ph630201210k.htm"
  },
  {
    "date": "2012-03-31",
    "symbol": "PH",
    "reportedCurrency": "USD",
    "cik": "0000076334",
    "fillingDate": "2012-05-09",
    "acceptedDate": "2012-05-09 08:47:52",
    "calendarYear": "2012",
    "period": "Q3",
    "revenue": 3393563000,
    "costOfRevenue": 2590315000,
    "grossProfit": 803248000,
    "grossProfitRatio": 0.2366975359,
    "researchAndDevelopmentExpenses": 0,
    "generalAndAdministrativeExpenses": 377479000,
    "sellingAndMarketingExpenses": 0,
    "sellingGeneralAndAdministrativeExpenses": 377479000,
    "otherExpenses": 0,
    "operatingExpenses": 377479000,
    "costAndExpenses": 2967794000,
    "interestIncome": 0,
    "interestExpense": 22313000,
    "depreciationAndAmortization": 80272000,
    "ebitda": 503412000,
    "ebitdaratio": 0.1483432015,
    "operatingIncome": 425769000,
    "operatingIncomeRatio": 0.1254637088,
    "totalOtherIncomeExpensesNet": -24942000,
    "incomeBeforeTax": 400827000,
    "incomeBeforeTaxRatio": 0.1181139115,
    "incomeTaxExpense": 88138000,
    "netIncome": 312074000,
    "netIncomeRatio": 0.0919605736,
    "eps": 2.07,
    "epsdiluted": 2.01,
    "weightedAverageShsOut": 151017910,
    "weightedAverageShsOutDil": 154944246,
    "link": "https://www.sec.gov/Archives/edgar/data/76334/000119312512220458/0001193125-12-220458-index.htm",
    "finalLink": "https://www.sec.gov/Archives/edgar/data/76334/000119312512220458/d312066d10q.htm"
  },
  {
    "date": "2011-12-31",
    "symbol": "PH",
    "reportedCurrency": "USD",
    "cik": "0000076334",
    "fillingDate": "2012-02-08",
    "acceptedDate": "2012-02-08 09:16:51",
    "calendarYear": "2012",
    "period": "Q2",
    "revenue": 3106832000,
    "costOfRevenue": 2381322000,
    "grossProfit": 725510000,
    "grossProfitRatio": 0.2335208341,
    "researchAndDevelopmentExpenses": 0,
    "generalAndAdministrativeExpenses": 368690000,
    "sellingAndMarketingExpenses": 0,
    "sellingGeneralAndAdministrativeExpenses": 368690000,
    "otherExpenses": 0,
    "operatingExpenses": 368690000,
    "costAndExpenses": 2750012000,
    "interestIncome": 0,
    "interestExpense": 23769000,
    "depreciationAndAmortization": 79299000,
    "ebitda": 442015000,
    "ebitdaratio": 0.1422719349,
    "operatingIncome": 356820000,
    "operatingIncomeRatio": 0.114850111,
    "totalOtherIncomeExpensesNet": -17873000,
    "incomeBeforeTax": 338947000,
    "incomeBeforeTaxRatio": 0.1090973056,
    "incomeTaxExpense": 96604000,
    "netIncome": 240766000,
    "netIncomeRatio": 0.0774956612,
    "eps": 1.59,
    "epsdiluted": 1.56,
    "weightedAverageShsOut": 150960202,
    "weightedAverageShsOutDil": 154717211,
    "link": "https://www.sec.gov/Archives/edgar/data/76334/000119312512045352/0001193125-12-045352-index.htm",
    "finalLink": "https://www.sec.gov/Archives/edgar/data/76334/000119312512045352/d267066d10q.htm"
  },
  {
    "date": "2011-09-30",
    "symbol": "PH",
    "reportedCurrency": "USD",
    "cik": "0000076334",
    "fillingDate": "2011-11-09",
    "acceptedDate": "2011-11-09 10:42:54",
    "calendarYear": "2012",
    "period": "Q1",
    "revenue": 3233881000,
    "costOfRevenue": 2414442000,
    "grossProfit": 819439000,
    "grossProfitRatio": 0.2533918224,
    "researchAndDevelopmentExpenses": 0,
    "generalAndAdministrativeExpenses": 386466000,
    "sellingAndMarketingExpenses": 0,
    "sellingGeneralAndAdministrativeExpenses": 386466000,
    "otherExpenses": 0,
    "operatingExpenses": 386466000,
    "costAndExpenses": 2800908000,
    "interestIncome": 0,
    "interestExpense": 23221000,
    "depreciationAndAmortization": 84832000,
    "ebitda": 519638000,
    "ebitdaratio": 0.1606855664,
    "operatingIncome": 432973000,
    "operatingIncomeRatio": 0.1338864974,
    "totalOtherIncomeExpensesNet": -21388000,
    "incomeBeforeTax": 411585000,
    "incomeBeforeTaxRatio": 0.1272727723,
    "incomeTaxExpense": 113427000,
    "netIncome": 297018000,
    "netIncomeRatio": 0.0918456802,
    "eps": 1.95,
    "epsdiluted": 1.91,
    "weightedAverageShsOut": 152439026,
    "weightedAverageShsOutDil": 155429408,
    "link": "https://www.sec.gov/Archives/edgar/data/76334/000119312511303648/0001193125-11-303648-index.htm",
    "finalLink": "https://www.sec.gov/Archives/edgar/data/76334/000119312511303648/d231608d10q.htm"
  },
  {
    "date": "2011-06-30",
    "symbol": "PH",
    "reportedCurrency": "USD",
    "cik": "0000076334",
    "fillingDate": "2011-08-26",
    "acceptedDate": "2011-08-26 09:17:15",
    "calendarYear": "2011",
    "period": "Q4",
    "revenue": 3409830000,
    "costOfRevenue": 2590772000,
    "grossProfit": 819058000,
    "grossProfitRatio": 0.2402049369,
    "researchAndDevelopmentExpenses": 0,
    "generalAndAdministrativeExpenses": 413441000,
    "sellingAndMarketingExpenses": 0,
    "sellingGeneralAndAdministrativeExpenses": 413441000,
    "otherExpenses": 0,
    "operatingExpenses": 413441000,
    "costAndExpenses": 3004213000,
    "interestIncome": 0,
    "interestExpense": 24821000,
    "depreciationAndAmortization": 85675000,
    "ebitda": 491886000,
    "ebitdaratio": 0.1442552855,
    "operatingIncome": 405617000,
    "operatingIncomeRatio": 0.1189551972,
    "totalOtherIncomeExpensesNet": -24227000,
    "incomeBeforeTax": 381390000,
    "incomeBeforeTaxRatio": 0.1118501509,
    "incomeTaxExpense": 86736000,
    "netIncome": 292190000,
    "netIncomeRatio": 0.085690489,
    "eps": 1.92,
    "epsdiluted": 1.92,
    "weightedAverageShsOut": 152439026,
    "weightedAverageShsOutDil": 152439026,
    "link": "https://www.sec.gov/Archives/edgar/data/76334/000119312511233381/0001193125-11-233381-index.htm",
    "finalLink": "https://www.sec.gov/Archives/edgar/data/76334/000119312511233381/d10k.htm"
  },
  {
    "date": "2011-03-31",
    "symbol": "PH",
    "reportedCurrency": "USD",
    "cik": "0000076334",
    "fillingDate": "2011-05-10",
    "acceptedDate": "2011-05-10 09:06:48",
    "calendarYear": "2011",
    "period": "Q3",
    "revenue": 3240103000,
    "costOfRevenue": 2463083000,
    "grossProfit": 777020000,
    "grossProfitRatio": 0.239813364,
    "researchAndDevelopmentExpenses": 0,
    "generalAndAdministrativeExpenses": 375069000,
    "sellingAndMarketingExpenses": 0,
    "sellingGeneralAndAdministrativeExpenses": 375069000,
    "otherExpenses": 0,
    "operatingExpenses": 375069000,
    "costAndExpenses": 2838152000,
    "interestIncome": 0,
    "interestExpense": 24619000,
    "depreciationAndAmortization": 83832000,
    "ebitda": 498168000,
    "ebitdaratio": 0.1537506678,
    "operatingIncome": 401951000,
    "operatingIncomeRatio": 0.1240550069,
    "totalOtherIncomeExpensesNet": -12234000,
    "incomeBeforeTax": 389717000,
    "incomeBeforeTaxRatio": 0.120279201,
    "incomeTaxExpense": 108069000,
    "netIncome": 279589000,
    "netIncomeRatio": 0.0862901581,
    "eps": 1.72,
    "epsdiluted": 1.68,
    "weightedAverageShsOut": 162160426,
    "weightedAverageShsOutDil": 166690347,
    "link": "https://www.sec.gov/Archives/edgar/data/76334/000119312511133443/0001193125-11-133443-index.htm",
    "finalLink": "https://www.sec.gov/Archives/edgar/data/76334/000119312511133443/d10q.htm"
  },
  {
    "date": "2010-12-31",
    "symbol": "PH",
    "reportedCurrency": "USD",
    "cik": "0000076334",
    "fillingDate": "2011-02-08",
    "acceptedDate": "2011-02-08 09:43:01",
    "calendarYear": "2011",
    "period": "Q2",
    "revenue": 2866664000,
    "costOfRevenue": 2195728000,
    "grossProfit": 670936000,
    "grossProfitRatio": 0.2340476596,
    "researchAndDevelopmentExpenses": 0,
    "generalAndAdministrativeExpenses": 345679000,
    "sellingAndMarketingExpenses": 0,
    "sellingGeneralAndAdministrativeExpenses": 345679000,
    "otherExpenses": 0,
    "operatingExpenses": 345679000,
    "costAndExpenses": 2541407000,
    "interestIncome": 0,
    "interestExpense": 25631000,
    "depreciationAndAmortization": 85307000,
    "ebitda": 417188000,
    "ebitdaratio": 0.1455308331,
    "operatingIncome": 325257000,
    "operatingIncomeRatio": 0.1134618497,
    "totalOtherIncomeExpensesNet": -19007000,
    "incomeBeforeTax": 306250000,
    "incomeBeforeTaxRatio": 0.1068314947,
    "incomeTaxExpense": 74432000,
    "netIncome": 230180000,
    "netIncomeRatio": 0.0802954235,
    "eps": 1.42,
    "epsdiluted": 1.39,
    "weightedAverageShsOut": 161701219,
    "weightedAverageShsOutDil": 166101535,
    "link": "https://www.sec.gov/Archives/edgar/data/76334/000119312511026727/0001193125-11-026727-index.htm",
    "finalLink": "https://www.sec.gov/Archives/edgar/data/76334/000119312511026727/d10q.htm"
  },
  {
    "date": "2010-09-30",
    "symbol": "PH",
    "reportedCurrency": "USD",
    "cik": "0000076334",
    "fillingDate": "2010-11-08",
    "acceptedDate": "2010-11-08 09:26:41",
    "calendarYear": "2011",
    "period": "Q1",
    "revenue": 2829273000,
    "costOfRevenue": 2137874000,
    "grossProfit": 691399000,
    "grossProfitRatio": 0.2443733779,
    "researchAndDevelopmentExpenses": 0,
    "generalAndAdministrativeExpenses": 333584000,
    "sellingAndMarketingExpenses": 0,
    "sellingGeneralAndAdministrativeExpenses": 333584000,
    "otherExpenses": 0,
    "operatingExpenses": 333584000,
    "costAndExpenses": 2471458000,
    "interestIncome": 0,
    "interestExpense": 24633000,
    "depreciationAndAmortization": 84986000,
    "ebitda": 445983000,
    "ebitdaratio": 0.1576316601,
    "operatingIncome": 357815000,
    "operatingIncomeRatio": 0.1264688844,
    "totalOtherIncomeExpensesNet": -21451000,
    "incomeBeforeTax": 336364000,
    "incomeBeforeTaxRatio": 0.1188870781,
    "incomeTaxExpense": 87334000,
    "netIncome": 247171000,
    "netIncomeRatio": 0.0873620184,
    "eps": 1.53,
    "epsdiluted": 1.51,
    "weightedAverageShsOut": 161272536,
    "weightedAverageShsOutDil": 164107220,
    "link": "https://www.sec.gov/Archives/edgar/data/76334/000119312510251281/0001193125-10-251281-index.htm",
    "finalLink": "https://www.sec.gov/Archives/edgar/data/76334/000119312510251281/d10q.htm"
  },
  {
    "date": "2010-06-30",
    "symbol": "PH",
    "reportedCurrency": "USD",
    "cik": "0000076334",
    "fillingDate": "2010-08-26",
    "acceptedDate": "2010-08-26 10:03:06",
    "calendarYear": "2010",
    "period": "Q4",
    "revenue": 2786470000,
    "costOfRevenue": 2114190000,
    "grossProfit": 672280000,
    "grossProfitRatio": 0.241265831,
    "researchAndDevelopmentExpenses": 0,
    "generalAndAdministrativeExpenses": 349328000,
    "sellingAndMarketingExpenses": 0,
    "sellingGeneralAndAdministrativeExpenses": 349328000,
    "otherExpenses": 0,
    "operatingExpenses": 349328000,
    "costAndExpenses": 2463518000,
    "interestIncome": 0,
    "interestExpense": 26896000,
    "depreciationAndAmortization": 84494000,
    "ebitda": 403550000,
    "ebitdaratio": 0.1448248142,
    "operatingIncome": 322952000,
    "operatingIncomeRatio": 0.1159000456,
    "totalOtherIncomeExpensesNet": -30792000,
    "incomeBeforeTax": 292160000,
    "incomeBeforeTaxRatio": 0.1048495049,
    "incomeTaxExpense": 69108000,
    "netIncome": 222163000,
    "netIncomeRatio": 0.0797291914,
    "eps": 1.38,
    "epsdiluted": 1.38,
    "weightedAverageShsOut": 161272536,
    "weightedAverageShsOutDil": 161272536,
    "link": "https://www.sec.gov/Archives/edgar/data/76334/000119312510197800/0001193125-10-197800-index.htm",
    "finalLink": "https://www.sec.gov/Archives/edgar/data/76334/000119312510197800/d10k.htm"
  },
  {
    "date": "2010-03-31",
    "symbol": "PH",
    "reportedCurrency": "USD",
    "cik": "0000076334",
    "fillingDate": "2010-05-05",
    "acceptedDate": "2010-05-05 09:33:50",
    "calendarYear": "2010",
    "period": "Q3",
    "revenue": 2614823000,
    "costOfRevenue": 2062451000,
    "grossProfit": 552372000,
    "grossProfitRatio": 0.2112464209,
    "researchAndDevelopmentExpenses": 0,
    "generalAndAdministrativeExpenses": 316069000,
    "sellingAndMarketingExpenses": 0,
    "sellingGeneralAndAdministrativeExpenses": 316069000,
    "otherExpenses": 0,
    "operatingExpenses": 316069000,
    "costAndExpenses": 2378520000,
    "interestIncome": 0,
    "interestExpense": 25951000,
    "depreciationAndAmortization": 88078000,
    "ebitda": 320422000,
    "ebitdaratio": 0.1225406079,
    "operatingIncome": 236303000,
    "operatingIncomeRatio": 0.0903705528,
    "totalOtherIncomeExpensesNet": -29910000,
    "incomeBeforeTax": 206393000,
    "incomeBeforeTaxRatio": 0.0789319201,
    "incomeTaxExpense": 52013000,
    "netIncome": 153863000,
    "netIncomeRatio": 0.0588426062,
    "eps": 0.96,
    "epsdiluted": 0.94,
    "weightedAverageShsOut": 160931123,
    "weightedAverageShsOutDil": 163632703,
    "link": "https://www.sec.gov/Archives/edgar/data/76334/000119312510107930/0001193125-10-107930-index.htm",
    "finalLink": "https://www.sec.gov/Archives/edgar/data/76334/000119312510107930/d10q.htm"
  },
  {
    "date": "2009-12-31",
    "symbol": "PH",
    "reportedCurrency": "USD",
    "cik": "0000076334",
    "fillingDate": "2010-02-04",
    "acceptedDate": "2010-02-04 10:12:10",
    "calendarYear": "2010",
    "period": "Q2",
    "revenue": 2354708000,
    "costOfRevenue": 1869481000,
    "grossProfit": 485227000,
    "grossProfitRatio": 0.2060667395,
    "researchAndDevelopmentExpenses": 0,
    "generalAndAdministrativeExpenses": 309840000,
    "sellingAndMarketingExpenses": 0,
    "sellingGeneralAndAdministrativeExpenses": 309840000,
    "otherExpenses": 0,
    "operatingExpenses": 309840000,
    "costAndExpenses": 2179321000,
    "interestIncome": 0,
    "interestExpense": 25029000,
    "depreciationAndAmortization": 96974000,
    "ebitda": 264238000,
    "ebitdaratio": 0.1122168863,
    "operatingIncome": 175387000,
    "operatingIncomeRatio": 0.0744835453,
    "totalOtherIncomeExpensesNet": -33152000,
    "incomeBeforeTax": 142235000,
    "incomeBeforeTaxRatio": 0.0604045172,
    "incomeTaxExpense": 37272000,
    "netIncome": 104546000,
    "netIncomeRatio": 0.044398711,
    "eps": 0.65,
    "epsdiluted": 0.64,
    "weightedAverageShsOut": 160767790,
    "weightedAverageShsOutDil": 162744788,
    "link": "https://www.sec.gov/Archives/edgar/data/76334/000119312510021720/0001193125-10-021720-index.htm",
    "finalLink": "https://www.sec.gov/Archives/edgar/data/76334/000119312510021720/d10q.htm"
  },
  {
    "date": "2009-09-30",
    "symbol": "PH",
    "reportedCurrency": "USD",
    "cik": "0000076334",
    "fillingDate": "2009-11-03",
    "acceptedDate": "2009-11-03 11:39:57",
    "calendarYear": "2010",
    "period": "Q1",
    "revenue": 2237165000,
    "costOfRevenue": 1800945000,
    "grossProfit": 436220000,
    "grossProfitRatio": 0.1949878529,
    "researchAndDevelopmentExpenses": 0,
    "generalAndAdministrativeExpenses": 301843000,
    "sellingAndMarketingExpenses": 0,
    "sellingGeneralAndAdministrativeExpenses": 301843000,
    "otherExpenses": 0,
    "operatingExpenses": 301843000,
    "costAndExpenses": 2102788000,
    "interestIncome": 0,
    "interestExpense": 25723000,
    "depreciationAndAmortization": 92963000,
    "ebitda": 232715000,
    "ebitdaratio": 0.1040222782,
    "operatingIncome": 134377000,
    "operatingIncomeRatio": 0.0600657529,
    "totalOtherIncomeExpensesNet": -20348000,
    "incomeBeforeTax": 114029000,
    "incomeBeforeTaxRatio": 0.0509703129,
    "incomeTaxExpense": 40059000,
    "netIncome": 73493000,
    "netIncomeRatio": 0.032850952,
    "eps": 0.46,
    "epsdiluted": 0.45,
    "weightedAverageShsOut": 160629291,
    "weightedAverageShsOutDil": 162040785,
    "link": "https://www.sec.gov/Archives/edgar/data/76334/000119312509221583/0001193125-09-221583-index.htm",
    "finalLink": "https://www.sec.gov/Archives/edgar/data/76334/000119312509221583/d10q.htm"
  },
  {
    "date": "2009-06-30",
    "symbol": "PH",
    "reportedCurrency": "USD",
    "cik": "0000076334",
    "fillingDate": "2009-08-27",
    "acceptedDate": "2009-08-27 11:59:24",
    "calendarYear": "2009",
    "period": "Q4",
    "revenue": 2210958000,
    "costOfRevenue": 1814069000,
    "grossProfit": 396889000,
    "grossProfitRatio": 0.1795099681,
    "researchAndDevelopmentExpenses": 0,
    "generalAndAdministrativeExpenses": 302521000,
    "sellingAndMarketingExpenses": 0,
    "sellingGeneralAndAdministrativeExpenses": 302521000,
    "otherExpenses": 0,
    "operatingExpenses": 302521000,
    "costAndExpenses": 2116590000,
    "interestIncome": 0,
    "interestExpense": 25275000,
    "depreciationAndAmortization": 93400000,
    "ebitda": 187768000,
    "ebitdaratio": 0.0849260818,
    "operatingIncome": 94368000,
    "operatingIncomeRatio": 0.0426819505,
    "totalOtherIncomeExpensesNet": -30051000,
    "incomeBeforeTax": 64317000,
    "incomeBeforeTaxRatio": 0.0290901048,
    "incomeTaxExpense": 14801000,
    "netIncome": 49516000,
    "netIncomeRatio": 0.0223957217,
    "eps": 0.31,
    "epsdiluted": 0.31,
    "weightedAverageShsOut": 160472873,
    "weightedAverageShsOutDil": 160629291,
    "link": "https://www.sec.gov/Archives/edgar/data/76334/000119312509182706/0001193125-09-182706-index.htm",
    "finalLink": "https://www.sec.gov/Archives/edgar/data/76334/000119312509182706/d10k.htm"
  },
  {
    "date": "2009-03-31",
    "symbol": "PH",
    "reportedCurrency": "USD",
    "cik": "0000076334",
    "fillingDate": "2009-05-05",
    "acceptedDate": "2009-05-05 09:31:08",
    "calendarYear": "2009",
    "period": "Q3",
    "revenue": 2344713000,
    "costOfRevenue": 1908607000,
    "grossProfit": 436106000,
    "grossProfitRatio": 0.1859954715,
    "researchAndDevelopmentExpenses": 0,
    "generalAndAdministrativeExpenses": 317992000,
    "sellingAndMarketingExpenses": 0,
    "sellingGeneralAndAdministrativeExpenses": 317992000,
    "otherExpenses": 0,
    "operatingExpenses": 317992000,
    "costAndExpenses": 2226599000,
    "interestIncome": 0,
    "interestExpense": 28393000,
    "depreciationAndAmortization": 88452000,
    "ebitda": 179113000,
    "ebitdaratio": 0.0763901595,
    "operatingIncome": 118114000,
    "operatingIncomeRatio": 0.0503746087,
    "totalOtherIncomeExpensesNet": -55846000,
    "incomeBeforeTax": 62535000,
    "incomeBeforeTaxRatio": 0.0266706416,
    "incomeTaxExpense": 9113000,
    "netIncome": 53422000,
    "netIncomeRatio": 0.0227840252,
    "eps": 0.33,
    "epsdiluted": 0.33,
    "weightedAverageShsOut": 160529032,
    "weightedAverageShsOutDil": 161011156,
    "link": "https://www.sec.gov/Archives/edgar/data/76334/000119312509099058/0001193125-09-099058-index.htm",
    "finalLink": "https://www.sec.gov/Archives/edgar/data/76334/000119312509099058/d10q.htm"
  },
  {
    "date": "2008-12-31",
    "symbol": "PH",
    "reportedCurrency": "USD",
    "cik": "0000076334",
    "fillingDate": "2009-01-27",
    "acceptedDate": "2009-01-27 10:09:09",
    "calendarYear": "2009",
    "period": "Q2",
    "revenue": 2688656000,
    "costOfRevenue": 2121450000,
    "grossProfit": 567206000,
    "grossProfitRatio": 0.210962652,
    "researchAndDevelopmentExpenses": 0,
    "generalAndAdministrativeExpenses": 337183000,
    "sellingAndMarketingExpenses": 0,
    "sellingGeneralAndAdministrativeExpenses": 337183000,
    "otherExpenses": 0,
    "operatingExpenses": 337183000,
    "costAndExpenses": 2458633000,
    "interestIncome": 0,
    "interestExpense": 30307000,
    "depreciationAndAmortization": 89719000,
    "ebitda": 319259000,
    "ebitdaratio": 0.1187429705,
    "operatingIncome": 230023000,
    "operatingIncomeRatio": 0.0855531537,
    "totalOtherIncomeExpensesNet": -30790000,
    "incomeBeforeTax": 197873000,
    "incomeBeforeTaxRatio": 0.0735955065,
    "incomeTaxExpense": 42472000,
    "netIncome": 155401000,
    "netIncomeRatio": 0.0577987664,
    "eps": 0.97,
    "epsdiluted": 0.96,
    "weightedAverageShsOut": 160839120,
    "weightedAverageShsOutDil": 161755586,
    "link": "https://www.sec.gov/Archives/edgar/data/76334/000119312509011700/0001193125-09-011700-index.htm",
    "finalLink": "https://www.sec.gov/Archives/edgar/data/76334/000119312509011700/d10q.htm"
  },
  {
    "date": "2008-09-30",
    "symbol": "PH",
    "reportedCurrency": "USD",
    "cik": "0000076334",
    "fillingDate": "2008-11-06",
    "acceptedDate": "2008-11-06 08:58:58",
    "calendarYear": "2009",
    "period": "Q1",
    "revenue": 3064688000,
    "costOfRevenue": 2337222000,
    "grossProfit": 727466000,
    "grossProfitRatio": 0.2373703294,
    "researchAndDevelopmentExpenses": 0,
    "generalAndAdministrativeExpenses": 332683000,
    "sellingAndMarketingExpenses": 0,
    "sellingGeneralAndAdministrativeExpenses": 332683000,
    "otherExpenses": 0,
    "operatingExpenses": 332683000,
    "costAndExpenses": 2669905000,
    "interestIncome": 0,
    "interestExpense": 28096000,
    "depreciationAndAmortization": 86166000,
    "ebitda": 394783000,
    "ebitdaratio": 0.1288167017,
    "operatingIncome": 394783000,
    "operatingIncomeRatio": 0.1288167017,
    "totalOtherIncomeExpensesNet": -38054000,
    "incomeBeforeTax": 356729000,
    "incomeBeforeTaxRatio": 0.1163997771,
    "incomeTaxExpense": 106553000,
    "netIncome": 250176000,
    "netIncomeRatio": 0.0816318007,
    "eps": 1.52,
    "epsdiluted": 1.5,
    "weightedAverageShsOut": 164415418,
    "weightedAverageShsOutDil": 166913216,
    "link": "https://www.sec.gov/Archives/edgar/data/76334/000119312508227100/0001193125-08-227100-index.htm",
    "finalLink": "https://www.sec.gov/Archives/edgar/data/76334/000119312508227100/d10q.htm"
  },
  {
    "date": "2008-06-30",
    "symbol": "PH",
    "reportedCurrency": "USD",
    "cik": "0000076334",
    "fillingDate": "2008-08-28",
    "acceptedDate": "2008-08-28 11:31:47",
    "calendarYear": "2008",
    "period": "Q4",
    "revenue": 3346752000,
    "costOfRevenue": 2575422000,
    "grossProfit": 771330000,
    "grossProfitRatio": 0.2304712151,
    "researchAndDevelopmentExpenses": 0,
    "generalAndAdministrativeExpenses": 373138000,
    "sellingAndMarketingExpenses": 0,
    "sellingGeneralAndAdministrativeExpenses": 373138000,
    "otherExpenses": 0,
    "operatingExpenses": 373138000,
    "costAndExpenses": 2948560000,
    "interestIncome": 0,
    "interestExpense": 0,
    "depreciationAndAmortization": 95044000,
    "ebitda": 493236000,
    "ebitdaratio": 0.1473775171,
    "operatingIncome": 398192000,
    "operatingIncomeRatio": 0.1189786396,
    "totalOtherIncomeExpensesNet": -43374000,
    "incomeBeforeTax": 354818000,
    "incomeBeforeTaxRatio": 0.1060186115,
    "incomeTaxExpense": 102253000,
    "netIncome": 252565000,
    "netIncomeRatio": 0.0754657053,
    "eps": 1.54,
    "epsdiluted": 1.54,
    "weightedAverageShsOut": 164415418,
    "weightedAverageShsOutDil": 164415418,
    "link": "https://www.sec.gov/Archives/edgar/data/76334/000119312508186353/0001193125-08-186353-index.htm",
    "finalLink": "https://www.sec.gov/Archives/edgar/data/76334/000119312508186353/d10k.htm"
  },
  {
    "date": "2008-03-31",
    "symbol": "PH",
    "reportedCurrency": "USD",
    "cik": "0000076334",
    "fillingDate": "2008-05-06",
    "acceptedDate": "2008-05-06 11:38:42",
    "calendarYear": "2008",
    "period": "Q3",
    "revenue": 3182537000,
    "costOfRevenue": 2447216000,
    "grossProfit": 735321000,
    "grossProfitRatio": 0.2310486885,
    "researchAndDevelopmentExpenses": 0,
    "generalAndAdministrativeExpenses": 347022000,
    "sellingAndMarketingExpenses": 0,
    "sellingGeneralAndAdministrativeExpenses": 347022000,
    "otherExpenses": 0,
    "operatingExpenses": 347022000,
    "costAndExpenses": 2794238000,
    "interestIncome": 0,
    "interestExpense": 25540000,
    "depreciationAndAmortization": 76534000,
    "ebitda": 388299000,
    "ebitdaratio": 0.1220092649,
    "operatingIncome": 388299000,
    "operatingIncomeRatio": 0.1220092649,
    "totalOtherIncomeExpensesNet": -30505000,
    "incomeBeforeTax": 357794000,
    "incomeBeforeTaxRatio": 0.1124241446,
    "incomeTaxExpense": 102353000,
    "netIncome": 255441000,
    "netIncomeRatio": 0.0802633245,
    "eps": 1.52,
    "epsdiluted": 1.49,
    "weightedAverageShsOut": 168053289,
    "weightedAverageShsOutDil": 171436913,
    "link": "https://www.sec.gov/Archives/edgar/data/76334/000119312508103598/0001193125-08-103598-index.htm",
    "finalLink": "https://www.sec.gov/Archives/edgar/data/76334/000119312508103598/d10q.htm"
  },
  {
    "date": "2007-12-31",
    "symbol": "PH",
    "reportedCurrency": "USD",
    "cik": "0000076334",
    "fillingDate": "2008-02-04",
    "acceptedDate": "2008-02-04 14:23:59",
    "calendarYear": "2008",
    "period": "Q2",
    "revenue": 2829060000,
    "costOfRevenue": 2194137000,
    "grossProfit": 634923000,
    "grossProfitRatio": 0.2244289623,
    "researchAndDevelopmentExpenses": 0,
    "generalAndAdministrativeExpenses": 318961000,
    "sellingAndMarketingExpenses": 0,
    "sellingGeneralAndAdministrativeExpenses": 318961000,
    "otherExpenses": 0,
    "operatingExpenses": 318961000,
    "costAndExpenses": 2513098000,
    "interestIncome": 0,
    "interestExpense": 26016000,
    "depreciationAndAmortization": 78970000,
    "ebitda": 315962000,
    "ebitdaratio": 0.1116844464,
    "operatingIncome": 315962000,
    "operatingIncomeRatio": 0.1116844464,
    "totalOtherIncomeExpensesNet": -19792000,
    "incomeBeforeTax": 296170000,
    "incomeBeforeTaxRatio": 0.1046884831,
    "incomeTaxExpense": 84307000,
    "netIncome": 211863000,
    "netIncomeRatio": 0.0748881254,
    "eps": 1.26,
    "epsdiluted": 1.23,
    "weightedAverageShsOut": 168145238,
    "weightedAverageShsOutDil": 172246341,
    "link": "https://www.sec.gov/Archives/edgar/data/76334/000119312508018929/0001193125-08-018929-index.htm",
    "finalLink": "https://www.sec.gov/Archives/edgar/data/76334/000119312508018929/d10q.htm"
  },
  {
    "date": "2007-09-30",
    "symbol": "PH",
    "reportedCurrency": "USD",
    "cik": "0000076334",
    "fillingDate": "2007-11-05",
    "acceptedDate": "2007-11-05 10:23:30",
    "calendarYear": "2008",
    "period": "Q1",
    "revenue": 2787256000,
    "costOfRevenue": 2122297000,
    "grossProfit": 664959000,
    "grossProfitRatio": 0.2385711969,
    "researchAndDevelopmentExpenses": 0,
    "generalAndAdministrativeExpenses": 324961000,
    "sellingAndMarketingExpenses": 0,
    "sellingGeneralAndAdministrativeExpenses": 324961000,
    "otherExpenses": 0,
    "operatingExpenses": 324961000,
    "costAndExpenses": 2447258000,
    "interestIncome": 0,
    "interestExpense": 22421000,
    "depreciationAndAmortization": 76176000,
    "ebitda": 339998000,
    "ebitdaratio": 0.1219830543,
    "operatingIncome": 339998000,
    "operatingIncomeRatio": 0.1219830543,
    "totalOtherIncomeExpensesNet": -22256000,
    "incomeBeforeTax": 317742000,
    "incomeBeforeTaxRatio": 0.1139981401,
    "incomeTaxExpense": 88145000,
    "netIncome": 229597000,
    "netIncomeRatio": 0.0823738473,
    "eps": 1.35,
    "epsdiluted": 1.33,
    "weightedAverageShsOut": 252333709,
    "weightedAverageShsOutDil": 252333709,
    "link": "https://www.sec.gov/Archives/edgar/data/76334/000119312507234575/0001193125-07-234575-index.htm",
    "finalLink": "https://www.sec.gov/Archives/edgar/data/76334/000119312507234575/d10q.htm"
  },
  {
    "date": "2007-06-30",
    "symbol": "PH",
    "reportedCurrency": "USD",
    "cik": "0000076334",
    "fillingDate": "2007-08-29",
    "acceptedDate": "2007-08-29 14:19:00",
    "calendarYear": "2007",
    "period": "Q4",
    "revenue": 2874365000,
    "costOfRevenue": 2223756000,
    "grossProfit": 650609000,
    "grossProfitRatio": 0.2263487762,
    "researchAndDevelopmentExpenses": 0,
    "generalAndAdministrativeExpenses": 333434000,
    "sellingAndMarketingExpenses": 0,
    "sellingGeneralAndAdministrativeExpenses": 333434000,
    "otherExpenses": 0,
    "operatingExpenses": 333434000,
    "costAndExpenses": 2557190000,
    "interestIncome": 0,
    "interestExpense": 0,
    "depreciationAndAmortization": 72547000,
    "ebitda": 389722000,
    "ebitdaratio": 0.135585425,
    "operatingIncome": 317175000,
    "operatingIncomeRatio": 0.1103461112,
    "totalOtherIncomeExpensesNet": -19241000,
    "incomeBeforeTax": 297934000,
    "incomeBeforeTaxRatio": 0.103652111,
    "incomeTaxExpense": 80748000,
    "netIncome": 217186000,
    "netIncomeRatio": 0.0755596453,
    "eps": 0.86,
    "epsdiluted": 1.23,
    "weightedAverageShsOut": 174051912,
    "weightedAverageShsOutDil": 176939440,
    "link": "https://www.sec.gov/Archives/edgar/data/76334/000119312507191627/0001193125-07-191627-index.htm",
    "finalLink": "https://www.sec.gov/Archives/edgar/data/76334/000119312507191627/d10k.htm"
  },
  {
    "date": "2007-03-31",
    "symbol": "PH",
    "reportedCurrency": "USD",
    "cik": "0000076334",
    "fillingDate": "2007-05-04",
    "acceptedDate": "2007-05-04 08:37:35",
    "calendarYear": "2007",
    "period": "Q3",
    "revenue": 2780969000,
    "costOfRevenue": 2163828000,
    "grossProfit": 617141000,
    "grossProfitRatio": 0.2219158142,
    "researchAndDevelopmentExpenses": 0,
    "generalAndAdministrativeExpenses": 308562000,
    "sellingAndMarketingExpenses": 0,
    "sellingGeneralAndAdministrativeExpenses": 308562000,
    "otherExpenses": 0,
    "operatingExpenses": 308562000,
    "costAndExpenses": 2472390000,
    "interestIncome": 0,
    "interestExpense": 22403000,
    "depreciationAndAmortization": 73821000,
    "ebitda": 382400000,
    "ebitdaratio": 0.1375060276,
    "operatingIncome": 308579000,
    "operatingIncomeRatio": 0.1109609636,
    "totalOtherIncomeExpensesNet": -13653000,
    "incomeBeforeTax": 294926000,
    "incomeBeforeTaxRatio": 0.1060515238,
    "incomeTaxExpense": 85617000,
    "netIncome": 209309000,
    "netIncomeRatio": 0.0752647728,
    "eps": 1.21,
    "epsdiluted": 1.19,
    "weightedAverageShsOut": 173460497,
    "weightedAverageShsOutDil": 176383989,
    "link": "https://www.sec.gov/Archives/edgar/data/76334/000119312507102107/0001193125-07-102107-index.htm",
    "finalLink": "https://www.sec.gov/Archives/edgar/data/76334/000119312507102107/d10q.htm"
  },
  {
    "date": "2006-12-31",
    "symbol": "PH",
    "reportedCurrency": "USD",
    "cik": "0000076334",
    "fillingDate": "2007-02-02",
    "acceptedDate": "2007-02-02 10:01:36",
    "calendarYear": "2007",
    "period": "Q2",
    "revenue": 2511152000,
    "costOfRevenue": 1938007000,
    "grossProfit": 573145000,
    "grossProfitRatio": 0.2282398676,
    "researchAndDevelopmentExpenses": 0,
    "generalAndAdministrativeExpenses": 292855000,
    "sellingAndMarketingExpenses": 0,
    "sellingGeneralAndAdministrativeExpenses": 292855000,
    "otherExpenses": 0,
    "operatingExpenses": 292855000,
    "costAndExpenses": 2230862000,
    "interestIncome": 0,
    "interestExpense": 22304000,
    "depreciationAndAmortization": 73958000,
    "ebitda": 354248000,
    "ebitdaratio": 0.1410699153,
    "operatingIncome": 280290000,
    "operatingIncomeRatio": 0.111618094,
    "totalOtherIncomeExpensesNet": -15527000,
    "incomeBeforeTax": 264763000,
    "incomeBeforeTaxRatio": 0.1054348761,
    "incomeTaxExpense": 71796000,
    "netIncome": 192967000,
    "netIncomeRatio": 0.0768440142,
    "eps": 1.11,
    "epsdiluted": 1.09,
    "weightedAverageShsOut": 173844144,
    "weightedAverageShsOutDil": 177033945,
    "link": "https://www.sec.gov/Archives/edgar/data/76334/000119312507018853/0001193125-07-018853-index.htm",
    "finalLink": "https://www.sec.gov/Archives/edgar/data/76334/000119312507018853/d10q.htm"
  },
  {
    "date": "2006-09-30",
    "symbol": "PH",
    "reportedCurrency": "USD",
    "cik": "0000076334",
    "fillingDate": "2006-11-07",
    "acceptedDate": "2006-11-07 08:47:43",
    "calendarYear": "2007",
    "period": "Q1",
    "revenue": 2551573000,
    "costOfRevenue": 1947358000,
    "grossProfit": 604215000,
    "grossProfitRatio": 0.2368009851,
    "researchAndDevelopmentExpenses": 0,
    "generalAndAdministrativeExpenses": 292010000,
    "sellingAndMarketingExpenses": 0,
    "sellingGeneralAndAdministrativeExpenses": 292010000,
    "otherExpenses": 0,
    "operatingExpenses": 292010000,
    "costAndExpenses": 2239368000,
    "interestIncome": 0,
    "interestExpense": 17172000,
    "depreciationAndAmortization": 74240000,
    "ebitda": 386445000,
    "ebitdaratio": 0.1514536327,
    "operatingIncome": 312205000,
    "operatingIncomeRatio": 0.1223578553,
    "totalOtherIncomeExpensesNet": -10546000,
    "incomeBeforeTax": 301659000,
    "incomeBeforeTaxRatio": 0.1182247186,
    "incomeTaxExpense": 91075000,
    "netIncome": 210584000,
    "netIncomeRatio": 0.0825310505,
    "eps": 1.18,
    "epsdiluted": 1.17,
    "weightedAverageShsOut": 178461017,
    "weightedAverageShsOutDil": 179986325,
    "link": "https://www.sec.gov/Archives/edgar/data/76334/000119312506226039/0001193125-06-226039-index.htm",
    "finalLink": "https://www.sec.gov/Archives/edgar/data/76334/000119312506226039/d10q.htm"
  },
  {
    "date": "2006-06-30",
    "symbol": "PH",
    "reportedCurrency": "USD",
    "cik": "0000076334",
    "fillingDate": "2006-09-06",
    "acceptedDate": "2006-09-06 12:01:13",
    "calendarYear": "2006",
    "period": "Q4",
    "revenue": 2616732000,
    "costOfRevenue": 2053991000,
    "grossProfit": 562741000,
    "grossProfitRatio": 0.2150548853,
    "researchAndDevelopmentExpenses": 0,
    "generalAndAdministrativeExpenses": 277087000,
    "sellingAndMarketingExpenses": 0,
    "sellingGeneralAndAdministrativeExpenses": 277087000,
    "otherExpenses": 0,
    "operatingExpenses": 277087000,
    "costAndExpenses": 2331078000,
    "interestIncome": 0,
    "interestExpense": 0,
    "depreciationAndAmortization": 71702000,
    "ebitda": 357356000,
    "ebitdaratio": 0.1365657622,
    "operatingIncome": 285654000,
    "operatingIncomeRatio": 0.1091644081,
    "totalOtherIncomeExpensesNet": -20328000,
    "incomeBeforeTax": 265326000,
    "incomeBeforeTaxRatio": 0.1013959397,
    "incomeTaxExpense": 77445000,
    "netIncome": 193888000,
    "netIncomeRatio": 0.0740954748,
    "eps": 1.09,
    "epsdiluted": 1.09,
    "weightedAverageShsOut": 178461017,
    "weightedAverageShsOutDil": 178461017,
    "link": "https://www.sec.gov/Archives/edgar/data/76334/000119312506185778/0001193125-06-185778-index.htm",
    "finalLink": "https://www.sec.gov/Archives/edgar/data/76334/000119312506185778/d10k.htm"
  },
  {
    "date": "2006-03-31",
    "symbol": "PH",
    "reportedCurrency": "USD",
    "cik": "0000076334",
    "fillingDate": "2006-05-08",
    "acceptedDate": "2006-05-08 09:34:32",
    "calendarYear": "2006",
    "period": "Q3",
    "revenue": 2498068000,
    "costOfRevenue": 1952191000,
    "grossProfit": 545877000,
    "grossProfitRatio": 0.218519672,
    "researchAndDevelopmentExpenses": 0,
    "generalAndAdministrativeExpenses": 276700000,
    "sellingAndMarketingExpenses": 0,
    "sellingGeneralAndAdministrativeExpenses": 276700000,
    "otherExpenses": 0,
    "operatingExpenses": 276700000,
    "costAndExpenses": 2228891000,
    "interestIncome": 0,
    "interestExpense": 21038000,
    "depreciationAndAmortization": 72591000,
    "ebitda": 341768000,
    "ebitdaratio": 0.136812929,
    "operatingIncome": 269177000,
    "operatingIncomeRatio": 0.1077540723,
    "totalOtherIncomeExpensesNet": -14109000,
    "incomeBeforeTax": 255068000,
    "incomeBeforeTaxRatio": 0.1021061076,
    "incomeTaxExpense": 77545000,
    "netIncome": 177523000,
    "netIncomeRatio": 0.0710641184,
    "eps": 0.99,
    "epsdiluted": 0.97,
    "weightedAverageShsOut": 178714430,
    "weightedAverageShsOutDil": 182386644,
    "link": "https://www.sec.gov/Archives/edgar/data/76334/000119312506102866/0001193125-06-102866-index.htm",
    "finalLink": "https://www.sec.gov/Archives/edgar/data/76334/000119312506102866/d10q.htm"
  },
  {
    "date": "2005-12-31",
    "symbol": "PH",
    "reportedCurrency": "USD",
    "cik": "0000076334",
    "fillingDate": "2006-02-01",
    "acceptedDate": "2006-02-01 16:44:12",
    "calendarYear": "2006",
    "period": "Q2",
    "revenue": 2157537000,
    "costOfRevenue": 1705683000,
    "grossProfit": 451854000,
    "grossProfitRatio": 0.2094304756,
    "researchAndDevelopmentExpenses": 0,
    "generalAndAdministrativeExpenses": 245845000,
    "sellingAndMarketingExpenses": 0,
    "sellingGeneralAndAdministrativeExpenses": 245845000,
    "otherExpenses": 0,
    "operatingExpenses": 245845000,
    "costAndExpenses": 1951528000,
    "interestIncome": 0,
    "interestExpense": 19587000,
    "depreciationAndAmortization": 71325000,
    "ebitda": 277334000,
    "ebitdaratio": 0.1285419439,
    "operatingIncome": 206009000,
    "operatingIncomeRatio": 0.0954834147,
    "totalOtherIncomeExpensesNet": -30485000,
    "incomeBeforeTax": 175524000,
    "incomeBeforeTaxRatio": 0.0813538771,
    "incomeTaxExpense": 46500000,
    "netIncome": 129024000,
    "netIncomeRatio": 0.0598015237,
    "eps": 0.73,
    "epsdiluted": 0.71,
    "weightedAverageShsOut": 177555963,
    "weightedAverageShsOutDil": 180874766,
    "link": "https://www.sec.gov/Archives/edgar/data/76334/000119312506017340/0001193125-06-017340-index.htm",
    "finalLink": "https://www.sec.gov/Archives/edgar/data/76334/000119312506017340/d10q.htm"
  },
  {
    "date": "2005-09-30",
    "symbol": "PH",
    "reportedCurrency": "USD",
    "cik": "0000076334",
    "fillingDate": "2005-10-28",
    "acceptedDate": "2005-10-28 11:53:50",
    "calendarYear": "2006",
    "period": "Q1",
    "revenue": 2113551000,
    "costOfRevenue": 1655753000,
    "grossProfit": 457798000,
    "grossProfitRatio": 0.2166013501,
    "researchAndDevelopmentExpenses": 0,
    "generalAndAdministrativeExpenses": 237014000,
    "sellingAndMarketingExpenses": 0,
    "sellingGeneralAndAdministrativeExpenses": 237014000,
    "otherExpenses": 0,
    "operatingExpenses": 237014000,
    "costAndExpenses": 1892767000,
    "interestIncome": 0,
    "interestExpense": 16471000,
    "depreciationAndAmortization": 65353000,
    "ebitda": 286137000,
    "ebitdaratio": 0.1353821129,
    "operatingIncome": 220784000,
    "operatingIncomeRatio": 0.1044611651,
    "totalOtherIncomeExpensesNet": -16744000,
    "incomeBeforeTax": 204040000,
    "incomeBeforeTaxRatio": 0.0965389527,
    "incomeTaxExpense": 60192000,
    "netIncome": 172732000,
    "netIncomeRatio": 0.0817259673,
    "eps": 0.97,
    "epsdiluted": 0.95,
    "weightedAverageShsOut": 178688276,
    "weightedAverageShsOutDil": 181187413,
    "link": "https://www.sec.gov/Archives/edgar/data/76334/000119312505210788/0001193125-05-210788-index.htm",
    "finalLink": "https://www.sec.gov/Archives/edgar/data/76334/000119312505210788/d10q.htm"
  },
  {
    "date": "2005-06-30",
    "symbol": "PH",
    "reportedCurrency": "USD",
    "cik": "0000076334",
    "fillingDate": "2005-09-02",
    "acceptedDate": "2005-09-02 13:03:36",
    "calendarYear": "2005",
    "period": "Q4",
    "revenue": 2210532000,
    "costOfRevenue": 1738471000,
    "grossProfit": 472061000,
    "grossProfitRatio": 0.2135508556,
    "researchAndDevelopmentExpenses": 0,
    "generalAndAdministrativeExpenses": 235926000,
    "sellingAndMarketingExpenses": 0,
    "sellingGeneralAndAdministrativeExpenses": 235926000,
    "otherExpenses": 0,
    "operatingExpenses": 235926000,
    "costAndExpenses": 1974397000,
    "interestIncome": 0,
    "interestExpense": 0,
    "depreciationAndAmortization": 67415000,
    "ebitda": 303550000,
    "ebitdaratio": 0.137319885,
    "operatingIncome": 236135000,
    "operatingIncomeRatio": 0.1068227015,
    "totalOtherIncomeExpensesNet": -16677000,
    "incomeBeforeTax": 219458000,
    "incomeBeforeTaxRatio": 0.0992783638,
    "incomeTaxExpense": 58046000,
    "netIncome": 161412000,
    "netIncomeRatio": 0.0730195265,
    "eps": 0.9,
    "epsdiluted": 0.9,
    "weightedAverageShsOut": 178011796,
    "weightedAverageShsOutDil": 178688276,
    "link": "https://www.sec.gov/Archives/edgar/data/76334/000119312505179715/0001193125-05-179715-index.htm",
    "finalLink": "https://www.sec.gov/Archives/edgar/data/76334/000119312505179715/d10k.htm"
  },
  {
    "date": "2005-03-31",
    "symbol": "PH",
    "reportedCurrency": "USD",
    "cik": "0000076334",
    "fillingDate": "2005-04-29",
    "acceptedDate": "2005-04-29 10:10:36",
    "calendarYear": "2005",
    "period": "Q3",
    "revenue": 2141708000,
    "costOfRevenue": 1712884000,
    "grossProfit": 428824000,
    "grossProfitRatio": 0.2002252408,
    "researchAndDevelopmentExpenses": 0,
    "generalAndAdministrativeExpenses": 218207000,
    "sellingAndMarketingExpenses": 0,
    "sellingGeneralAndAdministrativeExpenses": 218207000,
    "otherExpenses": 0,
    "operatingExpenses": 218207000,
    "costAndExpenses": 1931091000,
    "interestIncome": 0,
    "interestExpense": 17116000,
    "depreciationAndAmortization": 65178000,
    "ebitda": 273081000,
    "ebitdaratio": 0.1275061773,
    "operatingIncome": 210617000,
    "operatingIncomeRatio": 0.0983406702,
    "totalOtherIncomeExpensesNet": -21295000,
    "incomeBeforeTax": 191629000,
    "incomeBeforeTaxRatio": 0.089474849,
    "incomeTaxExpense": 49454000,
    "netIncome": 139370000,
    "netIncomeRatio": 0.0650742305,
    "eps": 0.78,
    "epsdiluted": 0.77,
    "weightedAverageShsOut": 178679487,
    "weightedAverageShsOutDil": 181786957,
    "link": "https://www.sec.gov/Archives/edgar/data/76334/000119312505089666/0001193125-05-089666-index.htm",
    "finalLink": "https://www.sec.gov/Archives/edgar/data/76334/000119312505089666/d10q.htm"
  },
  {
    "date": "2004-12-31",
    "symbol": "PH",
    "reportedCurrency": "USD",
    "cik": "0000076334",
    "fillingDate": "2005-02-03",
    "acceptedDate": "2005-02-03 17:14:19",
    "calendarYear": "2005",
    "period": "Q2",
    "revenue": 1942887000,
    "costOfRevenue": 1546357000,
    "grossProfit": 396530000,
    "grossProfitRatio": 0.2040931871,
    "researchAndDevelopmentExpenses": 0,
    "generalAndAdministrativeExpenses": 220846000,
    "sellingAndMarketingExpenses": 0,
    "sellingGeneralAndAdministrativeExpenses": 220846000,
    "otherExpenses": 0,
    "operatingExpenses": 220846000,
    "costAndExpenses": 1767203000,
    "interestIncome": 0,
    "interestExpense": 17288000,
    "depreciationAndAmortization": 67968000,
    "ebitda": 238866000,
    "ebitdaratio": 0.1229438459,
    "operatingIncome": 175684000,
    "operatingIncomeRatio": 0.0904241986,
    "totalOtherIncomeExpensesNet": -15803000,
    "incomeBeforeTax": 160014000,
    "incomeBeforeTaxRatio": 0.0823588814,
    "incomeTaxExpense": 46161000,
    "netIncome": 171127000,
    "netIncomeRatio": 0.08807872,
    "eps": 0.96,
    "epsdiluted": 0.94,
    "weightedAverageShsOut": 178257292,
    "weightedAverageShsOutDil": 182050000,
    "link": "https://www.sec.gov/Archives/edgar/data/76334/000119312505018748/0001193125-05-018748-index.htm",
    "finalLink": "https://www.sec.gov/Archives/edgar/data/76334/000119312505018748/d10q.htm"
  },
  {
    "date": "2004-09-30",
    "symbol": "PH",
    "reportedCurrency": "USD",
    "cik": "0000076334",
    "fillingDate": "2004-10-29",
    "acceptedDate": "2004-10-29 09:06:29",
    "calendarYear": "2005",
    "period": "Q1",
    "revenue": 1947192000,
    "costOfRevenue": 1528278000,
    "grossProfit": 418914000,
    "grossProfitRatio": 0.2151374903,
    "researchAndDevelopmentExpenses": 0,
    "generalAndAdministrativeExpenses": 203298000,
    "sellingAndMarketingExpenses": 0,
    "sellingGeneralAndAdministrativeExpenses": 203298000,
    "otherExpenses": 0,
    "operatingExpenses": 203298000,
    "costAndExpenses": 1731576000,
    "interestIncome": 0,
    "interestExpense": 16245000,
    "depreciationAndAmortization": 64138000,
    "ebitda": 269237000,
    "ebitdaratio": 0.1382693643,
    "operatingIncome": 215616000,
    "operatingIncomeRatio": 0.1107317614,
    "totalOtherIncomeExpensesNet": -17146000,
    "incomeBeforeTax": 188679000,
    "incomeBeforeTaxRatio": 0.0968979947,
    "incomeTaxExpense": 55896000,
    "netIncome": 132783000,
    "netIncomeRatio": 0.0681920427,
    "eps": 0.75,
    "epsdiluted": 0.74,
    "weightedAverageShsOut": 177834375,
    "weightedAverageShsOutDil": 179436486,
    "link": "https://www.sec.gov/Archives/edgar/data/76334/000119312504181192/0001193125-04-181192-index.htm",
    "finalLink": "https://www.sec.gov/Archives/edgar/data/76334/000119312504181192/d10q.htm"
  },
  {
    "date": "2004-06-30",
    "symbol": "PH",
    "reportedCurrency": "USD",
    "cik": "0000076334",
    "fillingDate": "2004-09-03",
    "acceptedDate": "2004-09-03 10:19:42",
    "calendarYear": "2004",
    "period": "Q4",
    "revenue": 1992927000,
    "costOfRevenue": 1567483000,
    "grossProfit": 425444000,
    "grossProfitRatio": 0.2134769613,
    "researchAndDevelopmentExpenses": 0,
    "generalAndAdministrativeExpenses": 228446000,
    "sellingAndMarketingExpenses": 0,
    "sellingGeneralAndAdministrativeExpenses": 228446000,
    "otherExpenses": 0,
    "operatingExpenses": 228446000,
    "costAndExpenses": 1795929000,
    "interestIncome": 0,
    "interestExpense": 0,
    "depreciationAndAmortization": 63126000,
    "ebitda": 260124000,
    "ebitdaratio": 0.1305235967,
    "operatingIncome": 196998000,
    "operatingIncomeRatio": 0.098848578,
    "totalOtherIncomeExpensesNet": -11389000,
    "incomeBeforeTax": 185609000,
    "incomeBeforeTaxRatio": 0.0931338679,
    "incomeTaxExpense": 60136000,
    "netIncome": 125473000,
    "netIncomeRatio": 0.0629591551,
    "eps": 0.71,
    "epsdiluted": 0.71,
    "weightedAverageShsOut": 175521838,
    "weightedAverageShsOutDil": 177834375,
    "link": "https://www.sec.gov/Archives/edgar/data/76334/000119312504151808/0001193125-04-151808-index.htm",
    "finalLink": "https://www.sec.gov/Archives/edgar/data/76334/000119312504151808/d10k.htm"
  },
  {
    "date": "2004-03-31",
    "symbol": "PH",
    "reportedCurrency": "USD",
    "cik": "0000076334",
    "fillingDate": "2004-04-30",
    "acceptedDate": "2004-04-30 10:58:02",
    "calendarYear": "2004",
    "period": "Q3",
    "revenue": 1906041000,
    "costOfRevenue": 1544150000,
    "grossProfit": 361891000,
    "grossProfitRatio": 0.1898652757,
    "researchAndDevelopmentExpenses": 0,
    "generalAndAdministrativeExpenses": 201464000,
    "sellingAndMarketingExpenses": 0,
    "sellingGeneralAndAdministrativeExpenses": 201464000,
    "otherExpenses": 0,
    "operatingExpenses": 201464000,
    "costAndExpenses": 1745614000,
    "interestIncome": 0,
    "interestExpense": 17262000,
    "depreciationAndAmortization": 61995000,
    "ebitda": 218520000,
    "ebitdaratio": 0.1146460123,
    "operatingIncome": 160427000,
    "operatingIncomeRatio": 0.0841676543,
    "totalOtherIncomeExpensesNet": -17952000,
    "incomeBeforeTax": 142475000,
    "incomeBeforeTaxRatio": 0.0747491791,
    "incomeTaxExpense": 34627000,
    "netIncome": 107848000,
    "netIncomeRatio": 0.0565822036,
    "eps": 0.61,
    "epsdiluted": 0.6,
    "weightedAverageShsOut": 177771429,
    "weightedAverageShsOutDil": 179746667,
    "link": "https://www.sec.gov/Archives/edgar/data/76334/000119312504074980/0001193125-04-074980-index.htm",
    "finalLink": "https://www.sec.gov/Archives/edgar/data/76334/000119312504074980/d10q.htm"
  },
  {
    "date": "2003-12-31",
    "symbol": "PH",
    "reportedCurrency": "USD",
    "cik": "0000076334",
    "fillingDate": "2004-01-30",
    "acceptedDate": "2004-01-30 14:11:17",
    "calendarYear": "2004",
    "period": "Q2",
    "revenue": 1621021000,
    "costOfRevenue": 1331644000,
    "grossProfit": 289377000,
    "grossProfitRatio": 0.1785152691,
    "researchAndDevelopmentExpenses": 0,
    "generalAndAdministrativeExpenses": 190090000,
    "sellingAndMarketingExpenses": 0,
    "sellingGeneralAndAdministrativeExpenses": 190090000,
    "otherExpenses": 0,
    "operatingExpenses": 190090000,
    "costAndExpenses": 1521734000,
    "interestIncome": 0,
    "interestExpense": 17342000,
    "depreciationAndAmortization": 64285000,
    "ebitda": 99287000,
    "ebitdaratio": 0.0612496692,
    "operatingIncome": 99287000,
    "operatingIncomeRatio": 0.0612496692,
    "totalOtherIncomeExpensesNet": -17916000,
    "incomeBeforeTax": 81371000,
    "incomeBeforeTaxRatio": 0.0501973756,
    "incomeTaxExpense": 25600000,
    "netIncome": 55771000,
    "netIncomeRatio": 0.0344048597,
    "eps": 0.31,
    "epsdiluted": 0.31,
    "weightedAverageShsOut": 177992553,
    "weightedAverageShsOutDil": 177992553,
    "link": "https://www.sec.gov/Archives/edgar/data/76334/000119312504011943/0001193125-04-011943-index.htm",
    "finalLink": "https://www.sec.gov/Archives/edgar/data/76334/000119312504011943/d10q.htm"
  },
  {
    "date": "2003-09-30",
    "symbol": "PH",
    "reportedCurrency": "USD",
    "cik": "0000076334",
    "fillingDate": "2003-10-31",
    "acceptedDate": "2003-10-31 10:27:32",
    "calendarYear": "2004",
    "period": "Q1",
    "revenue": 1586918000,
    "costOfRevenue": 1298776000,
    "grossProfit": 288142000,
    "grossProfitRatio": 0.181573339,
    "researchAndDevelopmentExpenses": 0,
    "generalAndAdministrativeExpenses": 180204000,
    "sellingAndMarketingExpenses": 0,
    "sellingGeneralAndAdministrativeExpenses": 180204000,
    "otherExpenses": 0,
    "operatingExpenses": 180204000,
    "costAndExpenses": 1478980000,
    "interestIncome": 0,
    "interestExpense": 21780000,
    "depreciationAndAmortization": 63379000,
    "ebitda": 107938000,
    "ebitdaratio": 0.0680173771,
    "operatingIncome": 107938000,
    "operatingIncomeRatio": 0.0680173771,
    "totalOtherIncomeExpensesNet": -23325000,
    "incomeBeforeTax": 84613000,
    "incomeBeforeTaxRatio": 0.0533190751,
    "incomeTaxExpense": 27922000,
    "netIncome": 56691000,
    "netIncomeRatio": 0.0357239631,
    "eps": 0.32,
    "epsdiluted": 0.32,
    "weightedAverageShsOut": 177159375,
    "weightedAverageShsOutDil": 177159375,
    "link": "https://www.sec.gov/Archives/edgar/data/76334/000119312503070584/0001193125-03-070584-index.htm",
    "finalLink": "https://www.sec.gov/Archives/edgar/data/76334/000119312503070584/d10q.htm"
  },
  {
    "date": "2003-06-30",
    "symbol": "PH",
    "reportedCurrency": "USD",
    "cik": "0000076334",
    "fillingDate": "2003-08-29",
    "acceptedDate": "2003-08-29 10:40:32",
    "calendarYear": "2003",
    "period": "Q4",
    "revenue": 1660661000,
    "costOfRevenue": 1382628000,
    "grossProfit": 278033000,
    "grossProfitRatio": 0.1674230924,
    "researchAndDevelopmentExpenses": 0,
    "generalAndAdministrativeExpenses": 185290000,
    "sellingAndMarketingExpenses": 0,
    "sellingGeneralAndAdministrativeExpenses": 185290000,
    "otherExpenses": 0,
    "operatingExpenses": 185290000,
    "costAndExpenses": 1567918000,
    "interestIncome": 0,
    "interestExpense": 0,
    "depreciationAndAmortization": 68160000,
    "ebitda": 92743000,
    "ebitdaratio": 0.0558470392,
    "operatingIncome": 92743000,
    "operatingIncomeRatio": 0.0558470392,
    "totalOtherIncomeExpensesNet": -19054000,
    "incomeBeforeTax": 73689000,
    "incomeBeforeTaxRatio": 0.0443732947,
    "incomeTaxExpense": 24607000,
    "netIncome": 49082000,
    "netIncomeRatio": 0.029555701,
    "eps": 0.28,
    "epsdiluted": 0.28,
    "weightedAverageShsOut": 175284299,
    "weightedAverageShsOutDil": 177159375,
    "link": "https://www.sec.gov/Archives/edgar/data/76334/000119312503043642/0001193125-03-043642-index.htm",
    "finalLink": "https://www.sec.gov/Archives/edgar/data/76334/000119312503043642/d10k.htm"
  },
  {
    "date": "2003-03-31",
    "symbol": "PH",
    "reportedCurrency": "USD",
    "cik": "0000076334",
    "fillingDate": "2003-05-02",
    "acceptedDate": "2003-05-02 09:39:31",
    "calendarYear": "2003",
    "period": "Q3",
    "revenue": 1646844000,
    "costOfRevenue": 1368430000,
    "grossProfit": 278414000,
    "grossProfitRatio": 0.1690591216,
    "researchAndDevelopmentExpenses": 0,
    "generalAndAdministrativeExpenses": 182378000,
    "sellingAndMarketingExpenses": 0,
    "sellingGeneralAndAdministrativeExpenses": 182378000,
    "otherExpenses": 0,
    "operatingExpenses": 182378000,
    "costAndExpenses": 1550808000,
    "interestIncome": 0,
    "interestExpense": 20349000,
    "depreciationAndAmortization": 61191000,
    "ebitda": 96036000,
    "ebitdaratio": 0.0583151774,
    "operatingIncome": 96036000,
    "operatingIncomeRatio": 0.0583151774,
    "totalOtherIncomeExpensesNet": -22080000,
    "incomeBeforeTax": 73956000,
    "incomeBeforeTaxRatio": 0.0449077144,
    "incomeTaxExpense": 25293000,
    "netIncome": 48663000,
    "netIncomeRatio": 0.0295492469,
    "eps": 0.28,
    "epsdiluted": 0.28,
    "weightedAverageShsOut": 173796429,
    "weightedAverageShsOutDil": 173796429,
    "link": "https://www.sec.gov/Archives/edgar/data/76334/000095016803001560/0000950168-03-001560-index.htm",
    "finalLink": "https://www.sec.gov/Archives/edgar/data/76334/000095016803001560/d10q.htm"
  },
  {
    "date": "2002-12-31",
    "symbol": "PH",
    "reportedCurrency": "USD",
    "cik": "0000076334",
    "fillingDate": "2003-02-04",
    "acceptedDate": "2003-02-04 08:47:32",
    "calendarYear": "2003",
    "period": "Q2",
    "revenue": 1517201000,
    "costOfRevenue": 1258827000,
    "grossProfit": 258374000,
    "grossProfitRatio": 0.1702964868,
    "researchAndDevelopmentExpenses": 0,
    "generalAndAdministrativeExpenses": 177142000,
    "sellingAndMarketingExpenses": 0,
    "sellingGeneralAndAdministrativeExpenses": 177142000,
    "otherExpenses": 0,
    "operatingExpenses": 177142000,
    "costAndExpenses": 1435969000,
    "interestIncome": 0,
    "interestExpense": 0,
    "depreciationAndAmortization": 65754000,
    "ebitda": 146986000,
    "ebitdaratio": 0.0968797147,
    "operatingIncome": 81232000,
    "operatingIncomeRatio": 0.0535406976,
    "totalOtherIncomeExpensesNet": -23186000,
    "incomeBeforeTax": 58046000,
    "incomeBeforeTaxRatio": 0.0382586091,
    "incomeTaxExpense": 20494000,
    "netIncome": 37552000,
    "netIncomeRatio": 0.0247508405,
    "eps": 0.22,
    "epsdiluted": 0.21,
    "weightedAverageShsOut": 170690909,
    "weightedAverageShsOutDil": 176025000,
    "link": "https://www.sec.gov/Archives/edgar/data/76334/000102140803001520/0001021408-03-001520-index.htm",
    "finalLink": "https://www.sec.gov/Archives/edgar/data/76334/000102140803001520/d10q.txt"
  },
  {
    "date": "2002-09-30",
    "symbol": "PH",
    "reportedCurrency": "USD",
    "cik": "0000076334",
    "fillingDate": "2002-10-31",
    "acceptedDate": "2002-10-31 11:13:16",
    "calendarYear": "2003",
    "period": "Q1",
    "revenue": 1585904000,
    "costOfRevenue": 1299890000,
    "grossProfit": 286014000,
    "grossProfitRatio": 0.1803476125,
    "researchAndDevelopmentExpenses": 0,
    "generalAndAdministrativeExpenses": 176255000,
    "sellingAndMarketingExpenses": 0,
    "sellingGeneralAndAdministrativeExpenses": 176255000,
    "otherExpenses": 0,
    "operatingExpenses": 176255000,
    "costAndExpenses": 1476145000,
    "interestIncome": 0,
    "interestExpense": 0,
    "depreciationAndAmortization": 64073000,
    "ebitda": 173832000,
    "ebitdaratio": 0.10961067,
    "operatingIncome": 109759000,
    "operatingIncomeRatio": 0.0692091072,
    "totalOtherIncomeExpensesNet": -18068000,
    "incomeBeforeTax": 91691000,
    "incomeBeforeTaxRatio": 0.057816236,
    "incomeTaxExpense": 30716000,
    "netIncome": 60975000,
    "netIncomeRatio": 0.0384481028,
    "eps": 0.35,
    "epsdiluted": 0.35,
    "weightedAverageShsOut": 175889423,
    "weightedAverageShsOutDil": 175889423,
    "link": "https://www.sec.gov/Archives/edgar/data/76334/000102140802013104/0001021408-02-013104-index.htm",
    "finalLink": "https://www.sec.gov/Archives/edgar/data/76334/000102140802013104/d10q.txt"
  },
  {
    "date": "2002-06-30",
    "symbol": "PH",
    "reportedCurrency": "USD",
    "cik": "0000076334",
    "fillingDate": "2002-08-14",
    "acceptedDate": "2002-08-14 10:21:01",
    "calendarYear": "2002",
    "period": "Q4",
    "revenue": 1657593000,
    "costOfRevenue": 1405807000,
    "grossProfit": 251786000,
    "grossProfitRatio": 0.1518985662,
    "researchAndDevelopmentExpenses": 0,
    "generalAndAdministrativeExpenses": 184423000,
    "sellingAndMarketingExpenses": 0,
    "sellingGeneralAndAdministrativeExpenses": 184423000,
    "otherExpenses": 0,
    "operatingExpenses": 184423000,
    "costAndExpenses": 1590230000,
    "interestIncome": 0,
    "interestExpense": 0,
    "depreciationAndAmortization": 100641000,
    "ebitda": 168004000,
    "ebitdaratio": 0.1013541925,
    "operatingIncome": 67363000,
    "operatingIncomeRatio": 0.0406390471,
    "totalOtherIncomeExpensesNet": -65365000,
    "incomeBeforeTax": 1998000,
    "incomeBeforeTaxRatio": 0.0012053622,
    "incomeTaxExpense": 13848000,
    "netIncome": -11850000,
    "netIncomeRatio": -0.0071489202,
    "eps": -0.0691,
    "epsdiluted": -0.0674,
    "weightedAverageShsOut": 171549752,
    "weightedAverageShsOutDil": 175889423,
    "link": "https://www.sec.gov/Archives/edgar/data/76334/000102140802010776/0001021408-02-010776-index.htm",
    "finalLink": "https://www.sec.gov/Archives/edgar/data/76334/000102140802010776/d10k.txt"
  },
  {
    "date": "2002-03-31",
    "symbol": "PH",
    "reportedCurrency": "USD",
    "cik": "0000076334",
    "fillingDate": "2002-04-23",
    "acceptedDate": "2002-04-23 00:00:00",
    "calendarYear": "2002",
    "period": "Q3",
    "revenue": 1578332000,
    "costOfRevenue": 1309245000,
    "grossProfit": 269087000,
    "grossProfitRatio": 0.1704882116,
    "researchAndDevelopmentExpenses": 0,
    "generalAndAdministrativeExpenses": 171764000,
    "sellingAndMarketingExpenses": 0,
    "sellingGeneralAndAdministrativeExpenses": 171764000,
    "otherExpenses": 0,
    "operatingExpenses": 171764000,
    "costAndExpenses": 1481009000,
    "interestIncome": 0,
    "interestExpense": 0,
    "depreciationAndAmortization": 58441000,
    "ebitda": 155764000,
    "ebitdaratio": 0.0986889957,
    "operatingIncome": 97323000,
    "operatingIncomeRatio": 0.0616619317,
    "totalOtherIncomeExpensesNet": -20763000,
    "incomeBeforeTax": 76560000,
    "incomeBeforeTaxRatio": 0.0485069048,
    "incomeTaxExpense": 24203000,
    "netIncome": 52357000,
    "netIncomeRatio": 0.0331723617,
    "eps": 0.3,
    "epsdiluted": 0.3,
    "weightedAverageShsOut": 174523333,
    "weightedAverageShsOutDil": 174523333,
    "link": "https://www.sec.gov/Archives/edgar/data/76334/000102140802005606/0001021408-02-005606-index.htm",
    "finalLink": "https://www.sec.gov/Archives/edgar/data/76334/000102140802005606/d10q.txt"
  },
  {
    "date": "2001-12-31",
    "symbol": "PH",
    "reportedCurrency": "USD",
    "cik": "0000076334",
    "fillingDate": "2002-02-07",
    "acceptedDate": "2002-02-07 00:00:00",
    "calendarYear": "2002",
    "period": "Q2",
    "revenue": 1437330000,
    "costOfRevenue": 1203893000,
    "grossProfit": 233437000,
    "grossProfitRatio": 0.1624101633,
    "researchAndDevelopmentExpenses": 0,
    "generalAndAdministrativeExpenses": 164883000,
    "sellingAndMarketingExpenses": 0,
    "sellingGeneralAndAdministrativeExpenses": 164883000,
    "otherExpenses": 0,
    "operatingExpenses": 164883000,
    "costAndExpenses": 1368776000,
    "interestIncome": 0,
    "interestExpense": 0,
    "depreciationAndAmortization": 60753000,
    "ebitda": 129307000,
    "ebitdaratio": 0.0899633348,
    "operatingIncome": 68554000,
    "operatingIncomeRatio": 0.0476953796,
    "totalOtherIncomeExpensesNet": -21566000,
    "incomeBeforeTax": 46988000,
    "incomeBeforeTaxRatio": 0.0326911704,
    "incomeTaxExpense": 17926000,
    "netIncome": 29062000,
    "netIncomeRatio": 0.0202194346,
    "eps": 0.17,
    "epsdiluted": 0.17,
    "weightedAverageShsOut": 174372000,
    "weightedAverageShsOutDil": 174372000,
    "link": "https://www.sec.gov/Archives/edgar/data/76334/000102140802001486/0001021408-02-001486-index.htm",
    "finalLink": "https://www.sec.gov/Archives/edgar/data/76334/000102140802001486/d10q.txt"
  },
  {
    "date": "2001-09-30",
    "symbol": "PH",
    "reportedCurrency": "USD",
    "cik": "0000076334",
    "fillingDate": "2001-11-13",
    "acceptedDate": "2001-11-13 00:00:00",
    "calendarYear": "2002",
    "period": "Q1",
    "revenue": 1475867000,
    "costOfRevenue": 1197625000,
    "grossProfit": 278242000,
    "grossProfitRatio": 0.188527828,
    "researchAndDevelopmentExpenses": 0,
    "generalAndAdministrativeExpenses": 165415000,
    "sellingAndMarketingExpenses": 0,
    "sellingGeneralAndAdministrativeExpenses": 165415000,
    "otherExpenses": 0,
    "operatingExpenses": 165415000,
    "costAndExpenses": 1363040000,
    "interestIncome": 0,
    "interestExpense": 0,
    "depreciationAndAmortization": 61763000,
    "ebitda": 174590000,
    "ebitdaratio": 0.1182965674,
    "operatingIncome": 112827000,
    "operatingIncomeRatio": 0.0764479455,
    "totalOtherIncomeExpensesNet": -20337000,
    "incomeBeforeTax": 92490000,
    "incomeBeforeTaxRatio": 0.0626682486,
    "incomeTaxExpense": 31909000,
    "netIncome": 60581000,
    "netIncomeRatio": 0.0410477367,
    "eps": 0.35,
    "epsdiluted": 0.35,
    "weightedAverageShsOut": 171455660,
    "weightedAverageShsOutDil": 174752885,
    "link": "https://www.sec.gov/Archives/edgar/data/76334/000102140801509785/0001021408-01-509785-index.htm",
    "finalLink": "https://www.sec.gov/Archives/edgar/data/76334/000102140801509785/d10q.txt"
  },
  {
    "date": "2001-06-30",
    "symbol": "PH",
    "reportedCurrency": "USD",
    "cik": "0000076334",
    "fillingDate": "2001-09-27",
    "acceptedDate": "2001-09-27 00:00:00",
    "calendarYear": "2001",
    "period": "Q4",
    "revenue": 1507960000,
    "costOfRevenue": 1372899000,
    "grossProfit": 135061000,
    "grossProfitRatio": 0.0895653731,
    "researchAndDevelopmentExpenses": 0,
    "generalAndAdministrativeExpenses": 188346000,
    "sellingAndMarketingExpenses": 0,
    "sellingGeneralAndAdministrativeExpenses": 188346000,
    "otherExpenses": -154215000,
    "operatingExpenses": 34131000,
    "costAndExpenses": 1407030000,
    "interestIncome": 0,
    "interestExpense": 0,
    "depreciationAndAmortization": 63742000,
    "ebitda": 164672000,
    "ebitdaratio": 0.1092018356,
    "operatingIncome": 100930000,
    "operatingIncomeRatio": 0.0669314836,
    "totalOtherIncomeExpensesNet": -24406000,
    "incomeBeforeTax": 76524000,
    "incomeBeforeTaxRatio": 0.0507467042,
    "incomeTaxExpense": 27166000,
    "netIncome": 49358000,
    "netIncomeRatio": 0.0327316374,
    "eps": 0.29,
    "epsdiluted": 0.29,
    "weightedAverageShsOut": 171455660,
    "weightedAverageShsOutDil": 171455660,
    "link": "https://www.sec.gov/Archives/edgar/data/76334/000102140801507392/0001021408-01-507392-index.htm",
    "finalLink": "https://www.sec.gov/Archives/edgar/data/76334/000102140801507392/d10k.htm"
  },
  {
    "date": "2001-03-31",
    "symbol": "PH",
    "reportedCurrency": "USD",
    "cik": "0000076334",
    "fillingDate": "2001-05-11",
    "acceptedDate": "2001-05-11 00:00:00",
    "calendarYear": "2001",
    "period": "Q3",
    "revenue": 1534202000,
    "costOfRevenue": 1192726000,
    "grossProfit": 341476000,
    "grossProfitRatio": 0.2225756452,
    "researchAndDevelopmentExpenses": 0,
    "generalAndAdministrativeExpenses": 159580000,
    "sellingAndMarketingExpenses": 0,
    "sellingGeneralAndAdministrativeExpenses": 159580000,
    "otherExpenses": 20661000,
    "operatingExpenses": 180241000,
    "costAndExpenses": 1372967000,
    "interestIncome": 0,
    "interestExpense": 0,
    "depreciationAndAmortization": 67231000,
    "ebitda": 228466000,
    "ebitdaratio": 0.1489152015,
    "operatingIncome": 161235000,
    "operatingIncomeRatio": 0.105093723,
    "totalOtherIncomeExpensesNet": -19449000,
    "incomeBeforeTax": 141786000,
    "incomeBeforeTaxRatio": 0.0924167743,
    "incomeTaxExpense": 50334000,
    "netIncome": 88074000,
    "netIncomeRatio": 0.0574070429,
    "eps": 0.51,
    "epsdiluted": 0.51,
    "weightedAverageShsOut": 171572727,
    "weightedAverageShsOutDil": 171572727,
    "link": "https://www.sec.gov/Archives/edgar/data/76334/000103605001500573/0001036050-01-500573-index.htm",
    "finalLink": "https://www.sec.gov/Archives/edgar/data/76334/000103605001500573/d10q.txt"
  },
  {
    "date": "2000-12-31",
    "symbol": "PH",
    "reportedCurrency": "USD",
    "cik": "0000076334",
    "fillingDate": "2001-02-13",
    "acceptedDate": "2001-02-13 00:00:00",
    "calendarYear": "2001",
    "period": "Q2",
    "revenue": 1460076000,
    "costOfRevenue": 1078699000,
    "grossProfit": 381377000,
    "grossProfitRatio": 0.2612035264,
    "researchAndDevelopmentExpenses": 0,
    "generalAndAdministrativeExpenses": 169596000,
    "sellingAndMarketingExpenses": 0,
    "sellingGeneralAndAdministrativeExpenses": 169596000,
    "otherExpenses": 66122000,
    "operatingExpenses": 235718000,
    "costAndExpenses": 1314417000,
    "interestIncome": 0,
    "interestExpense": 0,
    "depreciationAndAmortization": 66122000,
    "ebitda": 211781000,
    "ebitdaratio": 0.145047929,
    "operatingIncome": 145659000,
    "operatingIncomeRatio": 0.0997612453,
    "totalOtherIncomeExpensesNet": -24243000,
    "incomeBeforeTax": 121416000,
    "incomeBeforeTaxRatio": 0.0831573151,
    "incomeTaxExpense": 43102000,
    "netIncome": 78314000,
    "netIncomeRatio": 0.053636934,
    "eps": 0.45,
    "epsdiluted": 0.45,
    "weightedAverageShsOut": 170925081,
    "weightedAverageShsOutDil": 172160628,
    "link": "https://www.sec.gov/Archives/edgar/data/76334/000095010901000360/0000950109-01-000360-index.htm",
    "finalLink": "https://www.sec.gov/Archives/edgar/data/76334/000095010901000360/0000950109-01-000360-0001.txt"
  },
  {
    "date": "2000-09-30",
    "symbol": "PH",
    "reportedCurrency": "USD",
    "cik": "0000076334",
    "fillingDate": "2000-11-01",
    "acceptedDate": "2000-11-01 00:00:00",
    "calendarYear": "2001",
    "period": "Q1",
    "revenue": 1477366000,
    "costOfRevenue": 1083832000,
    "grossProfit": 393534000,
    "grossProfitRatio": 0.2663754276,
    "researchAndDevelopmentExpenses": 0,
    "generalAndAdministrativeExpenses": 162441000,
    "sellingAndMarketingExpenses": 0,
    "sellingGeneralAndAdministrativeExpenses": 162441000,
    "otherExpenses": 67432000,
    "operatingExpenses": 229873000,
    "costAndExpenses": 1313705000,
    "interestIncome": 0,
    "interestExpense": 0,
    "depreciationAndAmortization": 67432000,
    "ebitda": 231093000,
    "ebitdaratio": 0.1564223084,
    "operatingIncome": 163661000,
    "operatingIncomeRatio": 0.1107789133,
    "totalOtherIncomeExpensesNet": 30209000,
    "incomeBeforeTax": 193870000,
    "incomeBeforeTaxRatio": 0.1312267915,
    "incomeTaxExpense": 68824000,
    "netIncome": 125046000,
    "netIncomeRatio": 0.084641179,
    "eps": 0.73,
    "epsdiluted": 0.73,
    "weightedAverageShsOut": 170809123,
    "weightedAverageShsOutDil": 171757093,
    "link": "https://www.sec.gov/Archives/edgar/data/76334/000095015200007514/0000950152-00-007514-index.htm",
    "finalLink": "https://www.sec.gov/Archives/edgar/data/76334/000095015200007514/l84524ae10-q.txt"
  },
  {
    "date": "2000-06-30",
    "symbol": "PH",
    "reportedCurrency": "USD",
    "cik": "0000076334",
    "fillingDate": "2000-09-28",
    "acceptedDate": "2000-09-28 00:00:00",
    "calendarYear": "2000",
    "period": "Q4",
    "revenue": 1480178000,
    "costOfRevenue": 1085115000,
    "grossProfit": 395063000,
    "grossProfitRatio": 0.266902359,
    "researchAndDevelopmentExpenses": 0,
    "generalAndAdministrativeExpenses": 156347000,
    "sellingAndMarketingExpenses": 0,
    "sellingGeneralAndAdministrativeExpenses": 156347000,
    "otherExpenses": 49402000,
    "operatingExpenses": 205749000,
    "costAndExpenses": 1290864000,
    "interestIncome": 0,
    "interestExpense": 0,
    "depreciationAndAmortization": 49402000,
    "ebitda": 238716000,
    "ebitdaratio": 0.161275198,
    "operatingIncome": 189314000,
    "operatingIncomeRatio": 0.1278994824,
    "totalOtherIncomeExpensesNet": -16837000,
    "incomeBeforeTax": 172477000,
    "incomeBeforeTaxRatio": 0.1165244991,
    "incomeTaxExpense": 59505000,
    "netIncome": 112972000,
    "netIncomeRatio": 0.076323253,
    "eps": 0.66,
    "epsdiluted": 0.66,
    "weightedAverageShsOut": 170517273,
    "weightedAverageShsOutDil": 170517273,
    "link": "https://www.sec.gov/Archives/edgar/data/76334/000095015200007053/0000950152-00-007053-index.htm",
    "finalLink": "https://www.sec.gov/Archives/edgar/data/76334/000095015200007053/l83918ae10-k405.txt"
  },
  {
    "date": "2000-03-31",
    "symbol": "PH",
    "reportedCurrency": "USD",
    "cik": "0000076334",
    "fillingDate": "2000-05-11",
    "acceptedDate": "2000-05-11 00:00:00",
    "calendarYear": "2000",
    "period": "Q3",
    "revenue": 1393659000,
    "costOfRevenue": 1024089000,
    "grossProfit": 369570000,
    "grossProfitRatio": 0.2651796458,
    "researchAndDevelopmentExpenses": 0,
    "generalAndAdministrativeExpenses": 141254000,
    "sellingAndMarketingExpenses": 0,
    "sellingGeneralAndAdministrativeExpenses": 141254000,
    "otherExpenses": 50044000,
    "operatingExpenses": 191298000,
    "costAndExpenses": 1215387000,
    "interestIncome": 0,
    "interestExpense": 0,
    "depreciationAndAmortization": 50006000,
    "ebitda": 228316000,
    "ebitdaratio": 0.1638248668,
    "operatingIncome": 178272000,
    "operatingIncomeRatio": 0.1279165133,
    "totalOtherIncomeExpensesNet": -15367000,
    "incomeBeforeTax": 162905000,
    "incomeBeforeTaxRatio": 0.1168901431,
    "incomeTaxExpense": 56202000,
    "netIncome": 106703000,
    "netIncomeRatio": 0.0765632052,
    "eps": 0.65,
    "epsdiluted": 0.65,
    "weightedAverageShsOut": 163320918,
    "weightedAverageShsOutDil": 165004639,
    "link": "https://www.sec.gov/Archives/edgar/data/76334/000095015200003902/0000950152-00-003902-index.html",
    "finalLink": "https://www.sec.gov/Archives/edgar/data/76334/000095015200003902/"
  },
  {
    "date": "1999-12-31",
    "symbol": "PH",
    "reportedCurrency": "USD",
    "cik": "0000076334",
    "fillingDate": "2000-02-04",
    "acceptedDate": "2000-02-04 00:00:00",
    "calendarYear": "2000",
    "period": "Q2",
    "revenue": 1239200000,
    "costOfRevenue": 917500000,
    "grossProfit": 321700000,
    "grossProfitRatio": 0.2596029697,
    "researchAndDevelopmentExpenses": 0,
    "generalAndAdministrativeExpenses": 140200000,
    "sellingAndMarketingExpenses": 0,
    "sellingGeneralAndAdministrativeExpenses": 140200000,
    "otherExpenses": 53800000,
    "operatingExpenses": 194000000,
    "costAndExpenses": 1111500000,
    "interestIncome": 0,
    "interestExpense": 0,
    "depreciationAndAmortization": 53800000,
    "ebitda": 181500000,
    "ebitdaratio": 0.1464654616,
    "operatingIncome": 127700000,
    "operatingIncomeRatio": 0.1030503551,
    "totalOtherIncomeExpensesNet": -13200000,
    "incomeBeforeTax": 114500000,
    "incomeBeforeTaxRatio": 0.0923983215,
    "incomeTaxExpense": 39500000,
    "netIncome": 75000000,
    "netIncomeRatio": 0.060522918,
    "eps": 0.46,
    "epsdiluted": 0.45,
    "weightedAverageShsOut": 163043478,
    "weightedAverageShsOutDil": 165441176,
    "link": "https://www.sec.gov/Archives/edgar/data/76334/000095015200000590/0000950152-00-000590-index.html",
    "finalLink": "https://www.sec.gov/Archives/edgar/data/76334/000095015200000590/"
  },
  {
    "date": "1999-09-30",
    "symbol": "PH",
    "reportedCurrency": "USD",
    "cik": "0000076334",
    "fillingDate": "1999-11-09",
    "acceptedDate": "1999-11-09 00:00:00",
    "calendarYear": "2000",
    "period": "Q1",
    "revenue": 1242300000,
    "costOfRevenue": 923400000,
    "grossProfit": 318900000,
    "grossProfitRatio": 0.2567012799,
    "researchAndDevelopmentExpenses": 0,
    "generalAndAdministrativeExpenses": 138100000,
    "sellingAndMarketingExpenses": 0,
    "sellingGeneralAndAdministrativeExpenses": 138100000,
    "otherExpenses": 53200000,
    "operatingExpenses": 191300000,
    "costAndExpenses": 1114700000,
    "interestIncome": 0,
    "interestExpense": 0,
    "depreciationAndAmortization": 53200000,
    "ebitda": 180800000,
    "ebitdaratio": 0.1455365049,
    "operatingIncome": 127600000,
    "operatingIncomeRatio": 0.1027127103,
    "totalOtherIncomeExpensesNet": -15200000,
    "incomeBeforeTax": 112400000,
    "incomeBeforeTaxRatio": 0.0904773404,
    "incomeTaxExpense": 38800000,
    "netIncome": 73600000,
    "netIncomeRatio": 0.0592449489,
    "eps": 0.45,
    "epsdiluted": 0.45,
    "weightedAverageShsOut": 163521739,
    "weightedAverageShsOutDil": 165059970,
    "link": "https://www.sec.gov/Archives/edgar/data/76334/000095015299008754/0000950152-99-008754-index.html",
    "finalLink": "https://www.sec.gov/Archives/edgar/data/76334/000095015299008754/"
  },
  {
    "date": "1999-06-30",
    "symbol": "PH",
    "reportedCurrency": "USD",
    "cik": "0000076334",
    "fillingDate": "1999-09-24",
    "acceptedDate": "1999-09-24 00:00:00",
    "calendarYear": "1999",
    "period": "Q4",
    "revenue": 1285300000,
    "costOfRevenue": 941800000,
    "grossProfit": 343500000,
    "grossProfitRatio": 0.2672527815,
    "researchAndDevelopmentExpenses": 0,
    "generalAndAdministrativeExpenses": 138900000,
    "sellingAndMarketingExpenses": 0,
    "sellingGeneralAndAdministrativeExpenses": 138900000,
    "otherExpenses": 48000000,
    "operatingExpenses": 186900000,
    "costAndExpenses": 1128700000,
    "interestIncome": 0,
    "interestExpense": 0,
    "depreciationAndAmortization": 48000000,
    "ebitda": 204600000,
    "ebitdaratio": 0.1591846262,
    "operatingIncome": 156600000,
    "operatingIncomeRatio": 0.1218392593,
    "totalOtherIncomeExpensesNet": -14600000,
    "incomeBeforeTax": 142000000,
    "incomeBeforeTaxRatio": 0.1104800436,
    "incomeTaxExpense": 49700000,
    "netIncome": 92300000,
    "netIncomeRatio": 0.0718120283,
    "eps": 0.56,
    "epsdiluted": 0.56,
    "weightedAverageShsOut": 163521739,
    "weightedAverageShsOutDil": 163521739,
    "link": "https://www.sec.gov/Archives/edgar/data/76334/000095015299007811/0000950152-99-007811-index.html",
    "finalLink": "https://www.sec.gov/Archives/edgar/data/76334/000095015299007811/"
  },
  {
    "date": "1999-03-31",
    "symbol": "PH",
    "reportedCurrency": "USD",
    "cik": "0000076334",
    "fillingDate": "1999-05-10",
    "acceptedDate": "1999-05-10 00:00:00",
    "calendarYear": "1999",
    "period": "Q3",
    "revenue": 1255800000,
    "costOfRevenue": 939900000,
    "grossProfit": 315900000,
    "grossProfitRatio": 0.251552795,
    "researchAndDevelopmentExpenses": 0,
    "generalAndAdministrativeExpenses": 136300000,
    "sellingAndMarketingExpenses": 0,
    "sellingGeneralAndAdministrativeExpenses": 136300000,
    "otherExpenses": 49200000,
    "operatingExpenses": 185500000,
    "costAndExpenses": 1125400000,
    "interestIncome": 0,
    "interestExpense": 0,
    "depreciationAndAmortization": 49200000,
    "ebitda": 179600000,
    "ebitdaratio": 0.1430164039,
    "operatingIncome": 130400000,
    "operatingIncomeRatio": 0.1038381908,
    "totalOtherIncomeExpensesNet": -12700000,
    "incomeBeforeTax": 117700000,
    "incomeBeforeTaxRatio": 0.0937251155,
    "incomeTaxExpense": 41200000,
    "netIncome": 76500000,
    "netIncomeRatio": 0.0609173435,
    "eps": 0.47,
    "epsdiluted": 0.47,
    "weightedAverageShsOut": 161538949,
    "weightedAverageShsOutDil": 163846648,
    "link": "https://www.sec.gov/Archives/edgar/data/76334/000007633499000009/0000076334-99-000009-index.html",
    "finalLink": "https://www.sec.gov/Archives/edgar/data/76334/"
  },
  {
    "date": "1998-12-31",
    "symbol": "PH",
    "reportedCurrency": "USD",
    "cik": "0000076334",
    "fillingDate": "1999-02-12",
    "acceptedDate": "1999-02-12 00:00:00",
    "calendarYear": "1999",
    "period": "Q2",
    "revenue": 1199000000,
    "costOfRevenue": 888000000,
    "grossProfit": 311000000,
    "grossProfitRatio": 0.259382819,
    "researchAndDevelopmentExpenses": 0,
    "generalAndAdministrativeExpenses": 141400000,
    "sellingAndMarketingExpenses": 0,
    "sellingGeneralAndAdministrativeExpenses": 141400000,
    "otherExpenses": 55200000,
    "operatingExpenses": 196600000,
    "costAndExpenses": 1084600000,
    "interestIncome": 0,
    "interestExpense": 0,
    "depreciationAndAmortization": 55200000,
    "ebitda": 169600000,
    "ebitdaratio": 0.1414512093,
    "operatingIncome": 114400000,
    "operatingIncomeRatio": 0.095412844,
    "totalOtherIncomeExpensesNet": -17600000,
    "incomeBeforeTax": 96800000,
    "incomeBeforeTaxRatio": 0.080733945,
    "incomeTaxExpense": 33300000,
    "netIncome": 63500000,
    "netIncomeRatio": 0.0529608007,
    "eps": 0.39,
    "epsdiluted": 0.39,
    "weightedAverageShsOut": 161359998,
    "weightedAverageShsOutDil": 164142067,
    "link": "https://www.sec.gov/Archives/edgar/data/76334/000007633499000005/0000076334-99-000005-index.html",
    "finalLink": "https://www.sec.gov/Archives/edgar/data/76334/"
  },
  {
    "date": "1998-09-30",
    "symbol": "PH",
    "reportedCurrency": "USD",
    "cik": "0000076334",
    "fillingDate": "1998-11-02",
    "acceptedDate": "1998-11-02 00:00:00",
    "calendarYear": "1999",
    "period": "Q1",
    "revenue": 1218700000,
    "costOfRevenue": 897700000,
    "grossProfit": 321000000,
    "grossProfitRatio": 0.2633954214,
    "researchAndDevelopmentExpenses": 0,
    "generalAndAdministrativeExpenses": 134200000,
    "sellingAndMarketingExpenses": 0,
    "sellingGeneralAndAdministrativeExpenses": 134200000,
    "otherExpenses": 49600000,
    "operatingExpenses": 183800000,
    "costAndExpenses": 1081500000,
    "interestIncome": 0,
    "interestExpense": 0,
    "depreciationAndAmortization": 49600000,
    "ebitda": 186800000,
    "ebitdaratio": 0.1532780832,
    "operatingIncome": 137200000,
    "operatingIncomeRatio": 0.1125789776,
    "totalOtherIncomeExpensesNet": -16100000,
    "incomeBeforeTax": 121100000,
    "incomeBeforeTaxRatio": 0.0993681792,
    "incomeTaxExpense": 43000000,
    "netIncome": 78100000,
    "netIncomeRatio": 0.0640846804,
    "eps": 0.47,
    "epsdiluted": 0.47,
    "weightedAverageShsOut": 164917541,
    "weightedAverageShsOutDil": 164917541,
    "link": "https://www.sec.gov/Archives/edgar/data/76334/000007633498000014/0000076334-98-000014-index.html",
    "finalLink": "https://www.sec.gov/Archives/edgar/data/76334/"
  },
  {
    "date": "1998-06-30",
    "symbol": "PH",
    "reportedCurrency": "USD",
    "cik": "0000076334",
    "fillingDate": "1998-09-15",
    "acceptedDate": "1998-09-15 00:00:00",
    "calendarYear": "1998",
    "period": "Q4",
    "revenue": 1238300000,
    "costOfRevenue": 904700000,
    "grossProfit": 333600000,
    "grossProfitRatio": 0.269401599,
    "researchAndDevelopmentExpenses": 0,
    "generalAndAdministrativeExpenses": 135400000,
    "sellingAndMarketingExpenses": 0,
    "sellingGeneralAndAdministrativeExpenses": 135400000,
    "otherExpenses": 44600000,
    "operatingExpenses": 180000000,
    "costAndExpenses": 1084700000,
    "interestIncome": 0,
    "interestExpense": 0,
    "depreciationAndAmortization": 44600000,
    "ebitda": 198200000,
    "ebitdaratio": 0.1600581442,
    "operatingIncome": 153600000,
    "operatingIncomeRatio": 0.124041024,
    "totalOtherIncomeExpensesNet": -13400000,
    "incomeBeforeTax": 140200000,
    "incomeBeforeTaxRatio": 0.1132197367,
    "incomeTaxExpense": 49800000,
    "netIncome": 86700000,
    "netIncomeRatio": 0.0700153436,
    "eps": 0.53,
    "epsdiluted": 0.53,
    "weightedAverageShsOut": 164917541,
    "weightedAverageShsOutDil": 164917541,
    "link": "https://www.sec.gov/Archives/edgar/data/76334/000007633498000012/0000076334-98-000012-index.html",
    "finalLink": "https://www.sec.gov/Archives/edgar/data/76334/"
  },
  {
    "date": "1998-03-31",
    "symbol": "PH",
    "reportedCurrency": "USD",
    "cik": "0000076334",
    "fillingDate": "1998-05-14",
    "acceptedDate": "1998-05-14 00:00:00",
    "calendarYear": "1998",
    "period": "Q3",
    "revenue": 1196500000,
    "costOfRevenue": 867200000,
    "grossProfit": 329300000,
    "grossProfitRatio": 0.2752193899,
    "researchAndDevelopmentExpenses": 0,
    "generalAndAdministrativeExpenses": 138500000,
    "sellingAndMarketingExpenses": 0,
    "sellingGeneralAndAdministrativeExpenses": 138500000,
    "otherExpenses": 45100000,
    "operatingExpenses": 183600000,
    "costAndExpenses": 1050800000,
    "interestIncome": 0,
    "interestExpense": 0,
    "depreciationAndAmortization": 45100000,
    "ebitda": 190800000,
    "ebitdaratio": 0.1594651066,
    "operatingIncome": 145700000,
    "operatingIncomeRatio": 0.1217718345,
    "totalOtherIncomeExpensesNet": -13800000,
    "incomeBeforeTax": 131900000,
    "incomeBeforeTaxRatio": 0.1102381947,
    "incomeTaxExpense": 48700000,
    "netIncome": 83200000,
    "netIncomeRatio": 0.0695361471,
    "eps": 0.51,
    "epsdiluted": 0.5,
    "weightedAverageShsOut": 164128462,
    "weightedAverageShsOutDil": 166316842,
    "link": "https://www.sec.gov/Archives/edgar/data/76334/000007633498000006/0000076334-98-000006-index.html",
    "finalLink": "https://www.sec.gov/Archives/edgar/data/76334/"
  },
  {
    "date": "1997-12-31",
    "symbol": "PH",
    "reportedCurrency": "USD",
    "cik": "0000076334",
    "fillingDate": "1998-02-12",
    "acceptedDate": "1998-02-12 00:00:00",
    "calendarYear": "1998",
    "period": "Q2",
    "revenue": 1114900000,
    "costOfRevenue": 814800000,
    "grossProfit": 300100000,
    "grossProfitRatio": 0.2691721231,
    "researchAndDevelopmentExpenses": 0,
    "generalAndAdministrativeExpenses": 133000000,
    "sellingAndMarketingExpenses": 0,
    "sellingGeneralAndAdministrativeExpenses": 133000000,
    "otherExpenses": 47400000,
    "operatingExpenses": 180400000,
    "costAndExpenses": 995200000,
    "interestIncome": 0,
    "interestExpense": 0,
    "depreciationAndAmortization": 47400000,
    "ebitda": 167100000,
    "ebitdaratio": 0.1498789129,
    "operatingIncome": 119700000,
    "operatingIncomeRatio": 0.1073638891,
    "totalOtherIncomeExpensesNet": -9100000,
    "incomeBeforeTax": 110600000,
    "incomeBeforeTaxRatio": 0.0992017221,
    "incomeTaxExpense": 39300000,
    "netIncome": 71300000,
    "netIncomeRatio": 0.0639519239,
    "eps": 0.43,
    "epsdiluted": 0.42,
    "weightedAverageShsOut": 167025862,
    "weightedAverageShsOutDil": 169677066,
    "link": "https://www.sec.gov/Archives/edgar/data/76334/000007633498000003/0000076334-98-000003-index.html",
    "finalLink": "https://www.sec.gov/Archives/edgar/data/76334/"
  },
  {
    "date": "1997-09-30",
    "symbol": "PH",
    "reportedCurrency": "USD",
    "cik": "0000076334",
    "fillingDate": "1997-11-14",
    "acceptedDate": "1997-11-14 00:00:00",
    "calendarYear": "1998",
    "period": "Q1",
    "revenue": 1083200000,
    "costOfRevenue": 781500000,
    "grossProfit": 301700000,
    "grossProfitRatio": 0.2785265879,
    "researchAndDevelopmentExpenses": 0,
    "generalAndAdministrativeExpenses": 125300000,
    "sellingAndMarketingExpenses": 0,
    "sellingGeneralAndAdministrativeExpenses": 125300000,
    "otherExpenses": 45600000,
    "operatingExpenses": 170900000,
    "costAndExpenses": 952400000,
    "interestIncome": 0,
    "interestExpense": 0,
    "depreciationAndAmortization": 45600000,
    "ebitda": 176400000,
    "ebitdaratio": 0.1628508124,
    "operatingIncome": 130800000,
    "operatingIncomeRatio": 0.1207533235,
    "totalOtherIncomeExpensesNet": -9400000,
    "incomeBeforeTax": 121400000,
    "incomeBeforeTaxRatio": 0.1120753323,
    "incomeTaxExpense": 43100000,
    "netIncome": 78300000,
    "netIncomeRatio": 0.0722858198,
    "eps": 0.47,
    "epsdiluted": 0.47,
    "weightedAverageShsOut": 167701863,
    "weightedAverageShsOutDil": 167701863,
    "link": "https://www.sec.gov/Archives/edgar/data/76334/000007633497000028/0000076334-97-000028-index.html",
    "finalLink": "https://www.sec.gov/Archives/edgar/data/76334/"
  },
  {
    "date": "1997-06-30",
    "symbol": "PH",
    "reportedCurrency": "USD",
    "cik": "0000076334",
    "fillingDate": "1997-09-29",
    "acceptedDate": "1997-09-29 00:00:00",
    "calendarYear": "1997",
    "period": "Q4",
    "revenue": 1115100000,
    "costOfRevenue": 798300000,
    "grossProfit": 316800000,
    "grossProfitRatio": 0.2841000807,
    "researchAndDevelopmentExpenses": 0,
    "generalAndAdministrativeExpenses": 125500000,
    "sellingAndMarketingExpenses": 0,
    "sellingGeneralAndAdministrativeExpenses": 125500000,
    "otherExpenses": 38300000,
    "operatingExpenses": 163800000,
    "costAndExpenses": 962100000,
    "interestIncome": 0,
    "interestExpense": 0,
    "depreciationAndAmortization": 38300000,
    "ebitda": 191300000,
    "ebitdaratio": 0.1715541207,
    "operatingIncome": 153000000,
    "operatingIncomeRatio": 0.1372074253,
    "totalOtherIncomeExpensesNet": -9800000,
    "incomeBeforeTax": 143200000,
    "incomeBeforeTaxRatio": 0.1284189759,
    "incomeTaxExpense": 50800000,
    "netIncome": 92400000,
    "netIncomeRatio": 0.0828625235,
    "eps": 0.55,
    "epsdiluted": 0.55,
    "weightedAverageShsOut": 167193539,
    "weightedAverageShsOutDil": 167701863,
    "link": "https://www.sec.gov/Archives/edgar/data/76334/000007633497000025/0000076334-97-000025-index.html",
    "finalLink": "https://www.sec.gov/Archives/edgar/data/76334/"
  },
  {
    "date": "1997-03-31",
    "symbol": "PH",
    "reportedCurrency": "USD",
    "cik": "0000076334",
    "fillingDate": "1997-05-14",
    "acceptedDate": "1997-05-14 00:00:00",
    "calendarYear": "1997",
    "period": "Q3",
    "revenue": 1047100000,
    "costOfRevenue": 757100000,
    "grossProfit": 290000000,
    "grossProfitRatio": 0.2769554006,
    "researchAndDevelopmentExpenses": 0,
    "generalAndAdministrativeExpenses": 115700000,
    "sellingAndMarketingExpenses": 0,
    "sellingGeneralAndAdministrativeExpenses": 115700000,
    "otherExpenses": 43500000,
    "operatingExpenses": 159200000,
    "costAndExpenses": 916300000,
    "interestIncome": 0,
    "interestExpense": 0,
    "depreciationAndAmortization": 43500000,
    "ebitda": 174300000,
    "ebitdaratio": 0.166459746,
    "operatingIncome": 130800000,
    "operatingIncomeRatio": 0.1249164359,
    "totalOtherIncomeExpensesNet": -11100000,
    "incomeBeforeTax": 119700000,
    "incomeBeforeTaxRatio": 0.1143157292,
    "incomeTaxExpense": 41700000,
    "netIncome": 78000000,
    "netIncomeRatio": 0.0744914526,
    "eps": 0.47,
    "epsdiluted": 0.47,
    "weightedAverageShsOut": 167059327,
    "weightedAverageShsOutDil": 167059327,
    "link": "https://www.sec.gov/Archives/edgar/data/76334/000007633497000009/0000076334-97-000009-index.html",
    "finalLink": "https://www.sec.gov/Archives/edgar/data/76334/"
  },
  {
    "date": "1996-12-31",
    "symbol": "PH",
    "reportedCurrency": "USD",
    "cik": "0000076334",
    "fillingDate": "1997-02-13",
    "acceptedDate": "1997-02-13 00:00:00",
    "calendarYear": "1997",
    "period": "Q2",
    "revenue": 969600000,
    "costOfRevenue": 717200000,
    "grossProfit": 252400000,
    "grossProfitRatio": 0.2603135314,
    "researchAndDevelopmentExpenses": 0,
    "generalAndAdministrativeExpenses": 119500000,
    "sellingAndMarketingExpenses": 0,
    "sellingGeneralAndAdministrativeExpenses": 119500000,
    "otherExpenses": 44100000,
    "operatingExpenses": 163600000,
    "costAndExpenses": 880800000,
    "interestIncome": 0,
    "interestExpense": 0,
    "depreciationAndAmortization": 44100000,
    "ebitda": 132900000,
    "ebitdaratio": 0.1370668317,
    "operatingIncome": 88800000,
    "operatingIncomeRatio": 0.0915841584,
    "totalOtherIncomeExpensesNet": -6600000,
    "incomeBeforeTax": 82200000,
    "incomeBeforeTaxRatio": 0.0847772277,
    "incomeTaxExpense": 29600000,
    "netIncome": 52600000,
    "netIncomeRatio": 0.0542491749,
    "eps": 0.31,
    "epsdiluted": 0.31,
    "weightedAverageShsOut": 167788446,
    "weightedAverageShsOutDil": 167788446,
    "link": "https://www.sec.gov/Archives/edgar/data/76334/000007633497000006/0000076334-97-000006-index.html",
    "finalLink": "https://www.sec.gov/Archives/edgar/data/76334/"
  },
  {
    "date": "1996-09-30",
    "symbol": "PH",
    "reportedCurrency": "USD",
    "cik": "0000076334",
    "fillingDate": "1996-11-14",
    "acceptedDate": "1996-11-14 00:00:00",
    "calendarYear": "1997",
    "period": "Q1",
    "revenue": 959300000,
    "costOfRevenue": 710600000,
    "grossProfit": 248700000,
    "grossProfitRatio": 0.2592515376,
    "researchAndDevelopmentExpenses": 0,
    "generalAndAdministrativeExpenses": 114400000,
    "sellingAndMarketingExpenses": 0,
    "sellingGeneralAndAdministrativeExpenses": 114400000,
    "otherExpenses": 43900000,
    "operatingExpenses": 158300000,
    "costAndExpenses": 868900000,
    "interestIncome": 0,
    "interestExpense": 0,
    "depreciationAndAmortization": 43900000,
    "ebitda": 134300000,
    "ebitdaratio": 0.1399979151,
    "operatingIncome": 90400000,
    "operatingIncomeRatio": 0.09423538,
    "totalOtherIncomeExpensesNet": -10600000,
    "incomeBeforeTax": 79800000,
    "incomeBeforeTaxRatio": 0.0831856562,
    "incomeTaxExpense": 28700000,
    "netIncome": 51100000,
    "netIncomeRatio": 0.0532680079,
    "eps": 0.31,
    "epsdiluted": 0.3,
    "weightedAverageShsOut": 166547161,
    "weightedAverageShsOutDil": 170248209,
    "link": "https://www.sec.gov/Archives/edgar/data/76334/000007633496000036/0000076334-96-000036-index.html",
    "finalLink": "https://www.sec.gov/Archives/edgar/data/76334/"
  },
  {
    "date": "1996-06-30",
    "symbol": "PH",
    "reportedCurrency": "USD",
    "cik": "0000076334",
    "fillingDate": "1996-09-30",
    "acceptedDate": "1996-09-30 00:00:00",
    "calendarYear": "1996",
    "period": "Q4",
    "revenue": 991600000,
    "costOfRevenue": 722900000,
    "grossProfit": 268700000,
    "grossProfitRatio": 0.2709762001,
    "researchAndDevelopmentExpenses": 0,
    "generalAndAdministrativeExpenses": 120000000,
    "sellingAndMarketingExpenses": 0,
    "sellingGeneralAndAdministrativeExpenses": 120000000,
    "otherExpenses": 38400000,
    "operatingExpenses": 158400000,
    "costAndExpenses": 881300000,
    "interestIncome": 0,
    "interestExpense": 0,
    "depreciationAndAmortization": 38400000,
    "ebitda": 148700000,
    "ebitdaratio": 0.1499596612,
    "operatingIncome": 110300000,
    "operatingIncomeRatio": 0.1112343687,
    "totalOtherIncomeExpensesNet": -13400000,
    "incomeBeforeTax": 96900000,
    "incomeBeforeTaxRatio": 0.0977208552,
    "incomeTaxExpense": 32100000,
    "netIncome": 64800000,
    "netIncomeRatio": 0.065348931,
    "eps": 0.39,
    "epsdiluted": 0.39,
    "weightedAverageShsOut": 166547161,
    "weightedAverageShsOutDil": 166547161,
    "link": "https://www.sec.gov/Archives/edgar/data/76334/000007633496000032/0000076334-96-000032-index.html",
    "finalLink": "https://www.sec.gov/Archives/edgar/data/76334/"
  },
  {
    "date": "1996-03-31",
    "symbol": "PH",
    "reportedCurrency": "USD",
    "cik": "0000076334",
    "fillingDate": "1996-05-13",
    "acceptedDate": "1996-05-13 00:00:00",
    "calendarYear": "1996",
    "period": "Q3",
    "revenue": 931400000,
    "costOfRevenue": 673600000,
    "grossProfit": 257800000,
    "grossProfitRatio": 0.2767876315,
    "researchAndDevelopmentExpenses": 0,
    "generalAndAdministrativeExpenses": 106500000,
    "sellingAndMarketingExpenses": 0,
    "sellingGeneralAndAdministrativeExpenses": 106500000,
    "otherExpenses": 34300000,
    "operatingExpenses": 140800000,
    "costAndExpenses": 814400000,
    "interestIncome": 0,
    "interestExpense": 0,
    "depreciationAndAmortization": 34300000,
    "ebitda": 151300000,
    "ebitdaratio": 0.1624436332,
    "operatingIncome": 117000000,
    "operatingIncomeRatio": 0.1256173502,
    "totalOtherIncomeExpensesNet": -7300000,
    "incomeBeforeTax": 109700000,
    "incomeBeforeTaxRatio": 0.1177796865,
    "incomeTaxExpense": 40600000,
    "netIncome": 69100000,
    "netIncomeRatio": 0.0741893923,
    "eps": 0.41,
    "epsdiluted": 0.41,
    "weightedAverageShsOut": 167093872,
    "weightedAverageShsOutDil": 167093872,
    "link": "https://www.sec.gov/Archives/edgar/data/76334/000007633496000013/0000076334-96-000013-index.html",
    "finalLink": "https://www.sec.gov/Archives/edgar/data/76334/"
  },
  {
    "date": "1995-12-31",
    "symbol": "PH",
    "reportedCurrency": "USD",
    "cik": "0000076334",
    "fillingDate": "1996-02-13",
    "acceptedDate": "1996-02-13 00:00:00",
    "calendarYear": "1996",
    "period": "Q2",
    "revenue": 824400000,
    "costOfRevenue": 607500000,
    "grossProfit": 216900000,
    "grossProfitRatio": 0.2631004367,
    "researchAndDevelopmentExpenses": 0,
    "generalAndAdministrativeExpenses": 101200000,
    "sellingAndMarketingExpenses": 0,
    "sellingGeneralAndAdministrativeExpenses": 101200000,
    "otherExpenses": 34000000,
    "operatingExpenses": 135200000,
    "costAndExpenses": 742700000,
    "interestIncome": 0,
    "interestExpense": 0,
    "depreciationAndAmortization": 34000000,
    "ebitda": 115700000,
    "ebitdaratio": 0.140344493,
    "operatingIncome": 81700000,
    "operatingIncomeRatio": 0.0991023775,
    "totalOtherIncomeExpensesNet": -4900000,
    "incomeBeforeTax": 76800000,
    "incomeBeforeTaxRatio": 0.0931586608,
    "incomeTaxExpense": 28400000,
    "netIncome": 48400000,
    "netIncomeRatio": 0.0587093644,
    "eps": 0.29,
    "epsdiluted": 0.29,
    "weightedAverageShsOut": 164917541,
    "weightedAverageShsOutDil": 164917541,
    "link": "https://www.sec.gov/Archives/edgar/data/76334/000007633496000003/0000076334-96-000003-index.html",
    "finalLink": "https://www.sec.gov/Archives/edgar/data/76334/"
  },
  {
    "date": "1995-09-30",
    "symbol": "PH",
    "reportedCurrency": "USD",
    "cik": "0000076334",
    "fillingDate": "1995-11-13",
    "acceptedDate": "1995-11-13 00:00:00",
    "calendarYear": "1996",
    "period": "Q1",
    "revenue": 839100000,
    "costOfRevenue": 610900000,
    "grossProfit": 228200000,
    "grossProfitRatio": 0.2719580503,
    "researchAndDevelopmentExpenses": 0,
    "generalAndAdministrativeExpenses": 97700000,
    "sellingAndMarketingExpenses": 0,
    "sellingGeneralAndAdministrativeExpenses": 97700000,
    "otherExpenses": 34700000,
    "operatingExpenses": 132400000,
    "costAndExpenses": 743300000,
    "interestIncome": 0,
    "interestExpense": 0,
    "depreciationAndAmortization": 34700000,
    "ebitda": 130500000,
    "ebitdaratio": 0.1555237755,
    "operatingIncome": 95800000,
    "operatingIncomeRatio": 0.114169944,
    "totalOtherIncomeExpensesNet": -4700000,
    "incomeBeforeTax": 91100000,
    "incomeBeforeTaxRatio": 0.1085687046,
    "incomeTaxExpense": 33700000,
    "netIncome": 57400000,
    "netIncomeRatio": 0.0684066261,
    "eps": 0.34,
    "epsdiluted": 0.34,
    "weightedAverageShsOut": 168739160,
    "weightedAverageShsOutDil": 168739160,
    "link": "https://www.sec.gov/Archives/edgar/data/76334/000007633495000025/0000076334-95-000025-index.html",
    "finalLink": "https://www.sec.gov/Archives/edgar/data/76334/"
  }
]