[
  {
    "date": "2025-06-30",
    "symbol": "PH",
    "reportedCurrency": "USD",
    "cik": "0000076334",
    "fillingDate": "2025-08-22",
    "acceptedDate": "2025-08-22 08:01:10",
    "calendarYear": "2025",
    "period": "FY",
    "revenue": 19850000000,
    "costOfRevenue": 12535000000,
    "grossProfit": 7315000000,
    "grossProfitRatio": 0.3685138539,
    "researchAndDevelopmentExpenses": 0,
    "generalAndAdministrativeExpenses": 3255000000,
    "sellingAndMarketingExpenses": 0,
    "sellingGeneralAndAdministrativeExpenses": 3255000000,
    "otherExpenses": 0,
    "operatingExpenses": 3255000000,
    "costAndExpenses": 15790000000,
    "interestIncome": 0,
    "interestExpense": 409000000,
    "depreciationAndAmortization": 907000000,
    "ebitda": 5423000000,
    "ebitdaratio": 0.2731989924,
    "operatingIncome": 4060000000,
    "operatingIncomeRatio": 0.204534005,
    "totalOtherIncomeExpensesNet": 47000000,
    "incomeBeforeTax": 4107000000,
    "incomeBeforeTaxRatio": 0.2069017632,
    "incomeTaxExpense": 576000000,
    "netIncome": 3531000000,
    "netIncomeRatio": 0.177884131,
    "eps": 27.52,
    "epsdiluted": 27.12,
    "weightedAverageShsOut": 128300000,
    "weightedAverageShsOutDil": 130200000,
    "link": "https://www.sec.gov/Archives/edgar/data/76334/000007633425000035/0000076334-25-000035-index.htm",
    "finalLink": "https://www.sec.gov/Archives/edgar/data/76334/000007633425000035/ph-20250630.htm"
  },
  {
    "date": "2024-06-30",
    "symbol": "PH",
    "reportedCurrency": "USD",
    "cik": "0000076334",
    "fillingDate": "2024-08-22",
    "acceptedDate": "2024-08-22 07:27:08",
    "calendarYear": "2024",
    "period": "FY",
    "revenue": 19929606000,
    "costOfRevenue": 12772231000,
    "grossProfit": 7157375000,
    "grossProfitRatio": 0.3591327897,
    "researchAndDevelopmentExpenses": 253000000,
    "generalAndAdministrativeExpenses": 0,
    "sellingAndMarketingExpenses": 0,
    "sellingGeneralAndAdministrativeExpenses": 3003095000,
    "otherExpenses": 0,
    "operatingExpenses": 3256095000,
    "costAndExpenses": 16028326000,
    "interestIncome": 15000000,
    "interestExpense": 506495000,
    "depreciationAndAmortization": 927131000,
    "ebitda": 5028229000,
    "ebitdaratio": 0.2522994684,
    "operatingIncome": 3901280000,
    "operatingIncomeRatio": 0.1957529918,
    "totalOtherIncomeExpensesNet": -306677000,
    "incomeBeforeTax": 3594603000,
    "incomeBeforeTaxRatio": 0.1803649806,
    "incomeTaxExpense": 749667000,
    "netIncome": 2844215000,
    "netIncomeRatio": 0.1427130571,
    "eps": 22.13,
    "epsdiluted": 21.84,
    "weightedAverageShsOut": 128507352,
    "weightedAverageShsOutDil": 130239736,
    "link": "https://www.sec.gov/Archives/edgar/data/76334/000007633424000044/0000076334-24-000044-index.htm",
    "finalLink": "https://www.sec.gov/Archives/edgar/data/76334/000007633424000044/ph-20240630.htm"
  },
  {
    "date": "2023-06-30",
    "symbol": "PH",
    "reportedCurrency": "USD",
    "cik": "0000076334",
    "fillingDate": "2023-08-24",
    "acceptedDate": "2023-08-24 08:34:56",
    "calendarYear": "2023",
    "period": "FY",
    "revenue": 19065194000,
    "costOfRevenue": 12605429000,
    "grossProfit": 6459765000,
    "grossProfitRatio": 0.3388250337,
    "researchAndDevelopmentExpenses": 258000000,
    "generalAndAdministrativeExpenses": 0,
    "sellingAndMarketingExpenses": 0,
    "sellingGeneralAndAdministrativeExpenses": 2981103000,
    "otherExpenses": 0,
    "operatingExpenses": 3239103000,
    "costAndExpenses": 15844532000,
    "interestIncome": 46000000,
    "interestExpense": 573894000,
    "depreciationAndAmortization": 818129000,
    "ebitda": 4071687000,
    "ebitdaratio": 0.2135665129,
    "operatingIncome": 3220662000,
    "operatingIncomeRatio": 0.1689288869,
    "totalOtherIncomeExpensesNet": -540998000,
    "incomeBeforeTax": 2679664000,
    "incomeBeforeTaxRatio": 0.1405526742,
    "incomeTaxExpense": 596128000,
    "netIncome": 2082936000,
    "netIncomeRatio": 0.1092533336,
    "eps": 16.23,
    "epsdiluted": 16.04,
    "weightedAverageShsOut": 128367842,
    "weightedAverageShsOutDil": 129822084,
    "link": "https://www.sec.gov/Archives/edgar/data/76334/000007633423000042/0000076334-23-000042-index.htm",
    "finalLink": "https://www.sec.gov/Archives/edgar/data/76334/000007633423000042/ph-20230630.htm"
  },
  {
    "date": "2022-06-30",
    "symbol": "PH",
    "reportedCurrency": "USD",
    "cik": "0000076334",
    "fillingDate": "2022-08-24",
    "acceptedDate": "2022-08-24 08:16:43",
    "calendarYear": "2022",
    "period": "FY",
    "revenue": 15861608000,
    "costOfRevenue": 11475446000,
    "grossProfit": 4386162000,
    "grossProfitRatio": 0.2765269448,
    "researchAndDevelopmentExpenses": 191000000,
    "generalAndAdministrativeExpenses": 0,
    "sellingAndMarketingExpenses": 0,
    "sellingGeneralAndAdministrativeExpenses": 1380417000,
    "otherExpenses": 0,
    "operatingExpenses": 1571417000,
    "costAndExpenses": 13046863000,
    "interestIncome": 0,
    "interestExpense": 255252000,
    "depreciationAndAmortization": 571764000,
    "ebitda": 2441242000,
    "ebitdaratio": 0.1539088597,
    "operatingIncome": 2814745000,
    "operatingIncomeRatio": 0.1774564723,
    "totalOtherIncomeExpensesNet": -1200519000,
    "incomeBeforeTax": 1614226000,
    "incomeBeforeTaxRatio": 0.1017693792,
    "incomeTaxExpense": 298040000,
    "netIncome": 1315605000,
    "netIncomeRatio": 0.0829427256,
    "eps": 10.24,
    "epsdiluted": 10.09,
    "weightedAverageShsOut": 128539387,
    "weightedAverageShsOutDil": 130355943,
    "link": "https://www.sec.gov/Archives/edgar/data/76334/000007633422000034/0000076334-22-000034-index.htm",
    "finalLink": "https://www.sec.gov/Archives/edgar/data/76334/000007633422000034/ph-20220630.htm"
  },
  {
    "date": "2021-06-30",
    "symbol": "PH",
    "reportedCurrency": "USD",
    "cik": "0000076334",
    "fillingDate": "2021-08-25",
    "acceptedDate": "2021-08-25 08:39:12",
    "calendarYear": "2021",
    "period": "FY",
    "revenue": 14347640000,
    "costOfRevenue": 10442882000,
    "grossProfit": 3904758000,
    "grossProfitRatio": 0.2721533297,
    "researchAndDevelopmentExpenses": 259039000,
    "generalAndAdministrativeExpenses": 0,
    "sellingAndMarketingExpenses": 0,
    "sellingGeneralAndAdministrativeExpenses": 1243432000,
    "otherExpenses": 0,
    "operatingExpenses": 1502471000,
    "costAndExpenses": 11945353000,
    "interestIncome": 7000000,
    "interestExpense": 250036000,
    "depreciationAndAmortization": 595390000,
    "ebitda": 3092383000,
    "ebitdaratio": 0.2155325196,
    "operatingIncome": 2402287000,
    "operatingIncomeRatio": 0.1674342958,
    "totalOtherIncomeExpensesNet": -155330000,
    "incomeBeforeTax": 2246957000,
    "incomeBeforeTaxRatio": 0.1566081251,
    "incomeTaxExpense": 500096000,
    "netIncome": 1746100000,
    "netIncomeRatio": 0.1216994572,
    "eps": 13.54,
    "epsdiluted": 13.35,
    "weightedAverageShsOut": 128999879,
    "weightedAverageShsOutDil": 130834477,
    "link": "https://www.sec.gov/Archives/edgar/data/76334/000007633421000187/0000076334-21-000187-index.htm",
    "finalLink": "https://www.sec.gov/Archives/edgar/data/76334/000007633421000187/ph-20210630.htm"
  },
  {
    "date": "2020-06-30",
    "symbol": "PH",
    "reportedCurrency": "USD",
    "cik": "0000076334",
    "fillingDate": "2020-08-26",
    "acceptedDate": "2020-08-26 08:36:03",
    "calendarYear": "2020",
    "period": "FY",
    "revenue": 13695520000,
    "costOfRevenue": 10210745000,
    "grossProfit": 3484775000,
    "grossProfitRatio": 0.2544463445,
    "researchAndDevelopmentExpenses": 293837000,
    "generalAndAdministrativeExpenses": 0,
    "sellingAndMarketingExpenses": 0,
    "sellingGeneralAndAdministrativeExpenses": 1204152000,
    "otherExpenses": 0,
    "operatingExpenses": 1497989000,
    "costAndExpenses": 11708734000,
    "interestIncome": 31000000,
    "interestExpense": 308161000,
    "depreciationAndAmortization": 537531000,
    "ebitda": 2358319000,
    "ebitdaratio": 0.1721963825,
    "operatingIncome": 1986786000,
    "operatingIncomeRatio": 0.1450683143,
    "totalOtherIncomeExpensesNet": -474159000,
    "incomeBeforeTax": 1512627000,
    "incomeBeforeTaxRatio": 0.1104468469,
    "incomeTaxExpense": 305924000,
    "netIncome": 1201970000,
    "netIncomeRatio": 0.0877637359,
    "eps": 9.39,
    "epsdiluted": 9.29,
    "weightedAverageShsOut": 128418495,
    "weightedAverageShsOutDil": 129805034,
    "link": "https://www.sec.gov/Archives/edgar/data/76334/000007633420000099/0000076334-20-000099-index.htm",
    "finalLink": "https://www.sec.gov/Archives/edgar/data/76334/000007633420000099/ph630202010-k.htm"
  },
  {
    "date": "2019-06-30",
    "symbol": "PH",
    "reportedCurrency": "USD",
    "cik": "0000076334",
    "fillingDate": "2019-08-23",
    "acceptedDate": "2019-08-23 08:54:17",
    "calendarYear": "2019",
    "period": "FY",
    "revenue": 14320324000,
    "costOfRevenue": 10665800000,
    "grossProfit": 3654524000,
    "grossProfitRatio": 0.2551984159,
    "researchAndDevelopmentExpenses": 294852000,
    "generalAndAdministrativeExpenses": 0,
    "sellingAndMarketingExpenses": 0,
    "sellingGeneralAndAdministrativeExpenses": 1235907000,
    "otherExpenses": 0,
    "operatingExpenses": 1530759000,
    "costAndExpenses": 12196559000,
    "interestIncome": 18000000,
    "interestExpense": 190138000,
    "depreciationAndAmortization": 436189000,
    "ebitda": 2559752000,
    "ebitdaratio": 0.178749587,
    "operatingIncome": 2123764999,
    "operatingIncomeRatio": 0.1483042562,
    "totalOtherIncomeExpensesNet": -190339999,
    "incomeBeforeTax": 1933425000,
    "incomeBeforeTaxRatio": 0.1350126575,
    "incomeTaxExpense": 420494000,
    "netIncome": 1512364000,
    "netIncomeRatio": 0.1056096217,
    "eps": 11.63,
    "epsdiluted": 11.48,
    "weightedAverageShsOut": 129997639,
    "weightedAverageShsOutDil": 131781617,
    "link": "https://www.sec.gov/Archives/edgar/data/76334/000007633419000096/0000076334-19-000096-index.htm",
    "finalLink": "https://www.sec.gov/Archives/edgar/data/76334/000007633419000096/ph630201910-k.htm"
  },
  {
    "date": "2018-06-30",
    "symbol": "PH",
    "reportedCurrency": "USD",
    "cik": "0000076334",
    "fillingDate": "2018-08-24",
    "acceptedDate": "2018-08-24 14:00:26",
    "calendarYear": "2018",
    "period": "FY",
    "revenue": 14302392000,
    "costOfRevenue": 10685512000,
    "grossProfit": 3616880000,
    "grossProfitRatio": 0.2528863703,
    "researchAndDevelopmentExpenses": 327877000,
    "generalAndAdministrativeExpenses": 0,
    "sellingAndMarketingExpenses": 0,
    "sellingGeneralAndAdministrativeExpenses": 1275299000,
    "otherExpenses": 0,
    "operatingExpenses": 1603176000,
    "costAndExpenses": 12288688000,
    "interestIncome": 15000000,
    "interestExpense": 213873000,
    "depreciationAndAmortization": 466085000,
    "ebitda": 2382235000,
    "ebitdaratio": 0.1665619989,
    "operatingIncome": 2013704000,
    "operatingIncomeRatio": 0.1407949104,
    "totalOtherIncomeExpensesNet": -311427000,
    "incomeBeforeTax": 1702277000,
    "incomeBeforeTaxRatio": 0.1190204408,
    "incomeTaxExpense": 640962000,
    "netIncome": 1060801000,
    "netIncomeRatio": 0.0741694816,
    "eps": 7.98,
    "epsdiluted": 7.83,
    "weightedAverageShsOut": 133004613,
    "weightedAverageShsOutDil": 135426834,
    "link": "https://www.sec.gov/Archives/edgar/data/76334/000007633418000087/0000076334-18-000087-index.htm",
    "finalLink": "https://www.sec.gov/Archives/edgar/data/76334/000007633418000087/ph630201810-k.htm"
  },
  {
    "date": "2017-06-30",
    "symbol": "PH",
    "reportedCurrency": "USD",
    "cik": "0000076334",
    "fillingDate": "2017-08-25",
    "acceptedDate": "2017-08-25 11:07:02",
    "calendarYear": "2017",
    "period": "FY",
    "revenue": 12029312000,
    "costOfRevenue": 9144930000,
    "grossProfit": 2884382000,
    "grossProfitRatio": 0.2397794654,
    "researchAndDevelopmentExpenses": 336675000,
    "generalAndAdministrativeExpenses": 0,
    "sellingAndMarketingExpenses": 0,
    "sellingGeneralAndAdministrativeExpenses": 1097579000,
    "otherExpenses": 0,
    "operatingExpenses": 1434254000,
    "costAndExpenses": 10579184000,
    "interestIncome": 0,
    "interestExpense": 162436000,
    "depreciationAndAmortization": 355229000,
    "ebitda": 1846306000,
    "ebitdaratio": 0.1534839233,
    "operatingIncome": 1450128000,
    "operatingIncomeRatio": 0.1205495377,
    "totalOtherIncomeExpensesNet": -121487000,
    "incomeBeforeTax": 1328641000,
    "incomeBeforeTaxRatio": 0.1104502901,
    "incomeTaxExpense": 344797000,
    "netIncome": 983412000,
    "netIncomeRatio": 0.0817513088,
    "eps": 7.37,
    "epsdiluted": 7.25,
    "weightedAverageShsOut": 133377547,
    "weightedAverageShsOutDil": 135559764,
    "link": "https://www.sec.gov/Archives/edgar/data/76334/000007633417000095/0000076334-17-000095-index.htm",
    "finalLink": "https://www.sec.gov/Archives/edgar/data/76334/000007633417000095/ph630201710-k.htm"
  },
  {
    "date": "2016-06-30",
    "symbol": "PH",
    "reportedCurrency": "USD",
    "cik": "0000076334",
    "fillingDate": "2016-08-26",
    "acceptedDate": "2016-08-26 09:46:15",
    "calendarYear": "2016",
    "period": "FY",
    "revenue": 11360753000,
    "costOfRevenue": 8724487000,
    "grossProfit": 2636266000,
    "grossProfitRatio": 0.2320502875,
    "researchAndDevelopmentExpenses": 359796000,
    "generalAndAdministrativeExpenses": 0,
    "sellingAndMarketingExpenses": 0,
    "sellingGeneralAndAdministrativeExpenses": 978513000,
    "otherExpenses": 0,
    "operatingExpenses": 1338309000,
    "costAndExpenses": 10062796000,
    "interestIncome": 0,
    "interestExpense": 136517000,
    "depreciationAndAmortization": 306843000,
    "ebitda": 1558088000,
    "ebitdaratio": 0.137146543,
    "operatingIncome": 1297957000,
    "operatingIncomeRatio": 0.1142492051,
    "totalOtherIncomeExpensesNet": -183229000,
    "incomeBeforeTax": 1114728000,
    "incomeBeforeTaxRatio": 0.0981209608,
    "incomeTaxExpense": 307512000,
    "netIncome": 806840000,
    "netIncomeRatio": 0.0710199403,
    "eps": 5.96,
    "epsdiluted": 5.89,
    "weightedAverageShsOut": 135353321,
    "weightedAverageShsOutDil": 136911690,
    "link": "https://www.sec.gov/Archives/edgar/data/76334/000007633416000196/0000076334-16-000196-index.htm",
    "finalLink": "https://www.sec.gov/Archives/edgar/data/76334/000007633416000196/ph630201610-k.htm"
  },
  {
    "date": "2015-06-30",
    "symbol": "PH",
    "reportedCurrency": "USD",
    "cik": "0000076334",
    "fillingDate": "2015-08-26",
    "acceptedDate": "2015-08-26 10:59:12",
    "calendarYear": "2015",
    "period": "FY",
    "revenue": 12711744000,
    "costOfRevenue": 9711820000,
    "grossProfit": 2999924000,
    "grossProfitRatio": 0.2359962567,
    "researchAndDevelopmentExpenses": 403100000,
    "generalAndAdministrativeExpenses": 0,
    "sellingAndMarketingExpenses": 0,
    "sellingGeneralAndAdministrativeExpenses": 1128758000,
    "otherExpenses": 0,
    "operatingExpenses": 1531858000,
    "costAndExpenses": 11243678000,
    "interestIncome": 0,
    "interestExpense": 118406000,
    "depreciationAndAmortization": 317491000,
    "ebitda": 1867832000,
    "ebitdaratio": 0.1469375091,
    "operatingIncome": 1468066000,
    "operatingIncomeRatio": 0.1154889526,
    "totalOtherIncomeExpensesNet": -35826000,
    "incomeBeforeTax": 1432240000,
    "incomeBeforeTaxRatio": 0.1126706139,
    "incomeTaxExpense": 419687000,
    "netIncome": 1012140000,
    "netIncomeRatio": 0.0796224342,
    "eps": 7.08,
    "epsdiluted": 6.97,
    "weightedAverageShsOut": 142925327,
    "weightedAverageShsOutDil": 145112150,
    "link": "https://www.sec.gov/Archives/edgar/data/76334/000007633415000079/0000076334-15-000079-index.htm",
    "finalLink": "https://www.sec.gov/Archives/edgar/data/76334/000007633415000079/ph630201510k.htm"
  },
  {
    "date": "2014-06-30",
    "symbol": "PH",
    "reportedCurrency": "USD",
    "cik": "0000076334",
    "fillingDate": "2014-08-22",
    "acceptedDate": "2014-08-22 11:33:15",
    "calendarYear": "2014",
    "period": "FY",
    "revenue": 13215971000,
    "costOfRevenue": 10131623000,
    "grossProfit": 3084348000,
    "grossProfitRatio": 0.2333803547,
    "researchAndDevelopmentExpenses": 410100000,
    "generalAndAdministrativeExpenses": 0,
    "sellingAndMarketingExpenses": 0,
    "sellingGeneralAndAdministrativeExpenses": 1185018000,
    "otherExpenses": 0,
    "operatingExpenses": 1595118000,
    "costAndExpenses": 11726741000,
    "interestIncome": 0,
    "interestExpense": 82566000,
    "depreciationAndAmortization": 336702000,
    "ebitda": 1975682000,
    "ebitdaratio": 0.1494920048,
    "operatingIncome": 1489230000,
    "operatingIncomeRatio": 0.1126841153,
    "totalOtherIncomeExpensesNet": 67490000,
    "incomeBeforeTax": 1556720000,
    "incomeBeforeTaxRatio": 0.1177908154,
    "incomeTaxExpense": 515302000,
    "netIncome": 1041048000,
    "netIncomeRatio": 0.0787719646,
    "eps": 6.98,
    "epsdiluted": 6.87,
    "weightedAverageShsOut": 149099448,
    "weightedAverageShsOutDil": 151444103,
    "link": "https://www.sec.gov/Archives/edgar/data/76334/000007633414000114/0000076334-14-000114-index.htm",
    "finalLink": "https://www.sec.gov/Archives/edgar/data/76334/000007633414000114/ph630201410k.htm"
  },
  {
    "date": "2013-06-30",
    "symbol": "PH",
    "reportedCurrency": "USD",
    "cik": "0000076334",
    "fillingDate": "2013-08-29",
    "acceptedDate": "2013-08-29 11:03:04",
    "calendarYear": "2013",
    "period": "FY",
    "revenue": 13015704000,
    "costOfRevenue": 10077002000,
    "grossProfit": 2938702000,
    "grossProfitRatio": 0.2257812562,
    "researchAndDevelopmentExpenses": 406613000,
    "generalAndAdministrativeExpenses": 0,
    "sellingAndMarketingExpenses": 0,
    "sellingGeneralAndAdministrativeExpenses": 1144480000,
    "otherExpenses": 0,
    "operatingExpenses": 1551093000,
    "costAndExpenses": 11628095000,
    "interestIncome": 0,
    "interestExpense": 91552000,
    "depreciationAndAmortization": 335624000,
    "ebitda": 1738177000,
    "ebitdaratio": 0.1335446012,
    "operatingIncome": 1387609000,
    "operatingIncomeRatio": 0.1066103685,
    "totalOtherIncomeExpensesNet": -76608000,
    "incomeBeforeTax": 1311001000,
    "incomeBeforeTaxRatio": 0.1007245555,
    "incomeTaxExpense": 362217000,
    "netIncome": 948427000,
    "netIncomeRatio": 0.0728678987,
    "eps": 6.36,
    "epsdiluted": 6.26,
    "weightedAverageShsOut": 149218257,
    "weightedAverageShsOutDil": 151588031,
    "link": "https://www.sec.gov/Archives/edgar/data/76334/000007633413000157/0000076334-13-000157-index.htm",
    "finalLink": "https://www.sec.gov/Archives/edgar/data/76334/000007633413000157/ph630201310k.htm"
  },
  {
    "date": "2012-06-30",
    "symbol": "PH",
    "reportedCurrency": "USD",
    "cik": "0000076334",
    "fillingDate": "2012-08-24",
    "acceptedDate": "2012-08-24 09:36:46",
    "calendarYear": "2012",
    "period": "FY",
    "revenue": 13145942000,
    "costOfRevenue": 9946623000,
    "grossProfit": 3199319000,
    "grossProfitRatio": 0.2433693226,
    "researchAndDevelopmentExpenses": 365703000,
    "generalAndAdministrativeExpenses": 0,
    "sellingAndMarketingExpenses": 0,
    "sellingGeneralAndAdministrativeExpenses": 1152593000,
    "otherExpenses": 0,
    "operatingExpenses": 1518296000,
    "costAndExpenses": 11464919000,
    "interestIncome": 0,
    "interestExpense": 92790000,
    "depreciationAndAmortization": 321929000,
    "ebitda": 1991417000,
    "ebitdaratio": 0.1514853025,
    "operatingIncome": 1681023000,
    "operatingIncomeRatio": 0.1278739097,
    "totalOtherIncomeExpensesNet": -104325000,
    "incomeBeforeTax": 1576698000,
    "incomeBeforeTaxRatio": 0.1199380006,
    "incomeTaxExpense": 421206000,
    "netIncome": 1151823000,
    "netIncomeRatio": 0.087618141,
    "eps": 7.62,
    "epsdiluted": 7.45,
    "weightedAverageShsOut": 151222033,
    "weightedAverageShsOutDil": 154664510,
    "link": "https://www.sec.gov/Archives/edgar/data/76334/000007633412000064/0000076334-12-000064-index.htm",
    "finalLink": "https://www.sec.gov/Archives/edgar/data/76334/000007633412000064/ph630201210k.htm"
  },
  {
    "date": "2011-06-30",
    "symbol": "PH",
    "reportedCurrency": "USD",
    "cik": "0000076334",
    "fillingDate": "2011-08-26",
    "acceptedDate": "2011-08-26 09:17:15",
    "calendarYear": "2011",
    "period": "FY",
    "revenue": 12345870000,
    "costOfRevenue": 9359733000,
    "grossProfit": 2986137000,
    "grossProfitRatio": 0.2418733552,
    "researchAndDevelopmentExpenses": 359500000,
    "generalAndAdministrativeExpenses": 0,
    "sellingAndMarketingExpenses": 0,
    "sellingGeneralAndAdministrativeExpenses": 1107073000,
    "otherExpenses": 0,
    "operatingExpenses": 1466573000,
    "costAndExpenses": 10826306000,
    "interestIncome": 0,
    "interestExpense": 99704000,
    "depreciationAndAmortization": 339800000,
    "ebitda": 1853225000,
    "ebitdaratio": 0.1501089028,
    "operatingIncome": 1519564000,
    "operatingIncomeRatio": 0.1230827799,
    "totalOtherIncomeExpensesNet": -105843000,
    "incomeBeforeTax": 1413721000,
    "incomeBeforeTaxRatio": 0.1145096295,
    "incomeTaxExpense": 356571000,
    "netIncome": 1049130000,
    "netIncomeRatio": 0.0849782154,
    "eps": 6.51,
    "epsdiluted": 6.37,
    "weightedAverageShsOut": 161125869,
    "weightedAverageShsOutDil": 164798221,
    "link": "https://www.sec.gov/Archives/edgar/data/76334/000119312511233381/0001193125-11-233381-index.htm",
    "finalLink": "https://www.sec.gov/Archives/edgar/data/76334/000119312511233381/d10k.htm"
  },
  {
    "date": "2010-06-30",
    "symbol": "PH",
    "reportedCurrency": "USD",
    "cik": "0000076334",
    "fillingDate": "2010-08-26",
    "acceptedDate": "2010-08-26 10:03:06",
    "calendarYear": "2010",
    "period": "FY",
    "revenue": 9993166000,
    "costOfRevenue": 7804067000,
    "grossProfit": 2189099000,
    "grossProfitRatio": 0.2190596053,
    "researchAndDevelopmentExpenses": 316181141,
    "generalAndAdministrativeExpenses": 0,
    "sellingAndMarketingExpenses": 0,
    "sellingGeneralAndAdministrativeExpenses": 955398859,
    "otherExpenses": 0,
    "operatingExpenses": 1271580000,
    "costAndExpenses": 9075647000,
    "interestIncome": 0,
    "interestExpense": 103599000,
    "depreciationAndAmortization": 362509000,
    "ebitda": 1220925000,
    "ebitdaratio": 0.1221759951,
    "operatingIncome": 917519000,
    "operatingIncomeRatio": 0.0918146461,
    "totalOtherIncomeExpensesNet": -162702000,
    "incomeBeforeTax": 754817000,
    "incomeBeforeTaxRatio": 0.0755333195,
    "incomeTaxExpense": 198452000,
    "netIncome": 554065000,
    "netIncomeRatio": 0.0554443907,
    "eps": 3.44,
    "epsdiluted": 3.4,
    "weightedAverageShsOut": 160909655,
    "weightedAverageShsOutDil": 162901717,
    "link": "https://www.sec.gov/Archives/edgar/data/76334/000119312510197800/0001193125-10-197800-index.htm",
    "finalLink": "https://www.sec.gov/Archives/edgar/data/76334/000119312510197800/d10k.htm"
  },
  {
    "date": "2009-06-30",
    "symbol": "PH",
    "reportedCurrency": "USD",
    "cik": "0000076334",
    "fillingDate": "2009-08-27",
    "acceptedDate": "2009-08-27 11:59:24",
    "calendarYear": "2009",
    "period": "FY",
    "revenue": 10309015000,
    "costOfRevenue": 8140348000,
    "grossProfit": 2168667000,
    "grossProfitRatio": 0.2103660728,
    "researchAndDevelopmentExpenses": 338907820,
    "generalAndAdministrativeExpenses": 0,
    "sellingAndMarketingExpenses": 0,
    "sellingGeneralAndAdministrativeExpenses": 945271180,
    "otherExpenses": 0,
    "operatingExpenses": 1284179000,
    "costAndExpenses": 9424527000,
    "interestIncome": 0,
    "interestExpense": 112071000,
    "depreciationAndAmortization": 357737000,
    "ebitda": 1148064000,
    "ebitdaratio": 0.1113650528,
    "operatingIncome": 884488000,
    "operatingIncomeRatio": 0.0857975277,
    "totalOtherIncomeExpensesNet": -203034000,
    "incomeBeforeTax": 681454000,
    "incomeBeforeTaxRatio": 0.0661027266,
    "incomeTaxExpense": 172939000,
    "netIncome": 508515000,
    "netIncomeRatio": 0.0493272151,
    "eps": 3.15,
    "epsdiluted": 3.13,
    "weightedAverageShsOut": 161564111,
    "weightedAverageShsOutDil": 162719148,
    "link": "https://www.sec.gov/Archives/edgar/data/76334/000119312509182706/0001193125-09-182706-index.htm",
    "finalLink": "https://www.sec.gov/Archives/edgar/data/76334/000119312509182706/d10k.htm"
  },
  {
    "date": "2008-06-30",
    "symbol": "PH",
    "reportedCurrency": "USD",
    "cik": "0000076334",
    "fillingDate": "2008-08-28",
    "acceptedDate": "2008-08-28 11:31:47",
    "calendarYear": "2008",
    "period": "FY",
    "revenue": 12145605000,
    "costOfRevenue": 9333379000,
    "grossProfit": 2812226000,
    "grossProfitRatio": 0.2315426856,
    "researchAndDevelopmentExpenses": 303097752,
    "generalAndAdministrativeExpenses": 0,
    "sellingAndMarketingExpenses": 0,
    "sellingGeneralAndAdministrativeExpenses": 1060984248,
    "otherExpenses": 0,
    "operatingExpenses": 1364082000,
    "costAndExpenses": 10697461000,
    "interestIncome": 0,
    "interestExpense": 98996000,
    "depreciationAndAmortization": 326724000,
    "ebitda": 1752480000,
    "ebitdaratio": 0.1442892305,
    "operatingIncome": 1448144000,
    "operatingIncomeRatio": 0.1192319362,
    "totalOtherIncomeExpensesNet": -121620000,
    "incomeBeforeTax": 1326524000,
    "incomeBeforeTaxRatio": 0.1092184375,
    "incomeTaxExpense": 377058000,
    "netIncome": 949466000,
    "netIncomeRatio": 0.0781736274,
    "eps": 5.64,
    "epsdiluted": 5.53,
    "weightedAverageShsOut": 168285487,
    "weightedAverageShsOutDil": 171643835,
    "link": "https://www.sec.gov/Archives/edgar/data/76334/000119312508186353/0001193125-08-186353-index.htm",
    "finalLink": "https://www.sec.gov/Archives/edgar/data/76334/000119312508186353/d10k.htm"
  },
  {
    "date": "2007-06-30",
    "symbol": "PH",
    "reportedCurrency": "USD",
    "cik": "0000076334",
    "fillingDate": "2007-08-29",
    "acceptedDate": "2007-08-29 14:19:00",
    "calendarYear": "2007",
    "period": "FY",
    "revenue": 10718059000,
    "costOfRevenue": 8257933000,
    "grossProfit": 2460126000,
    "grossProfitRatio": 0.2295309253,
    "researchAndDevelopmentExpenses": 253091228,
    "generalAndAdministrativeExpenses": 0,
    "sellingAndMarketingExpenses": 0,
    "sellingGeneralAndAdministrativeExpenses": 969383772,
    "otherExpenses": 0,
    "operatingExpenses": 1222475000,
    "costAndExpenses": 9480408000,
    "interestIncome": 0,
    "interestExpense": 0,
    "depreciationAndAmortization": 294566000,
    "ebitda": 1533508000,
    "ebitdaratio": 0.1430770254,
    "operatingIncome": 1237651000,
    "operatingIncomeRatio": 0.1154734267,
    "totalOtherIncomeExpensesNet": -78369000,
    "incomeBeforeTax": 1159282000,
    "incomeBeforeTaxRatio": 0.1081615617,
    "incomeTaxExpense": 329236000,
    "netIncome": 830046000,
    "netIncomeRatio": 0.0774436864,
    "eps": 4.75,
    "epsdiluted": 4.68,
    "weightedAverageShsOut": 174643327,
    "weightedAverageShsOutDil": 177494890,
    "link": "https://www.sec.gov/Archives/edgar/data/76334/000119312507191627/0001193125-07-191627-index.htm",
    "finalLink": "https://www.sec.gov/Archives/edgar/data/76334/000119312507191627/d10k.htm"
  },
  {
    "date": "2006-06-30",
    "symbol": "PH",
    "reportedCurrency": "USD",
    "cik": "0000076334",
    "fillingDate": "2006-09-06",
    "acceptedDate": "2006-09-06 12:01:13",
    "calendarYear": "2006",
    "period": "FY",
    "revenue": 9385888000,
    "costOfRevenue": 7348251000,
    "grossProfit": 2037637000,
    "grossProfitRatio": 0.2170958145,
    "researchAndDevelopmentExpenses": 203702371,
    "generalAndAdministrativeExpenses": 0,
    "sellingAndMarketingExpenses": 0,
    "sellingGeneralAndAdministrativeExpenses": 832943629,
    "otherExpenses": 0,
    "operatingExpenses": 1036646000,
    "costAndExpenses": 8384897000,
    "interestIncome": 0,
    "interestExpense": 0,
    "depreciationAndAmortization": 280971000,
    "ebitda": 1256692000,
    "ebitdaratio": 0.1338916467,
    "operatingIncome": 1000991000,
    "operatingIncomeRatio": 0.1066485132,
    "totalOtherIncomeExpensesNet": -101033000,
    "incomeBeforeTax": 899958000,
    "incomeBeforeTaxRatio": 0.0958841614,
    "incomeTaxExpense": 261682000,
    "netIncome": 673167000,
    "netIncomeRatio": 0.071721184,
    "eps": 3.77,
    "epsdiluted": 3.71,
    "weightedAverageShsOut": 178716903,
    "weightedAverageShsOutDil": 181283752,
    "link": "https://www.sec.gov/Archives/edgar/data/76334/000119312506185778/0001193125-06-185778-index.htm",
    "finalLink": "https://www.sec.gov/Archives/edgar/data/76334/000119312506185778/d10k.htm"
  },
  {
    "date": "2005-06-30",
    "symbol": "PH",
    "reportedCurrency": "USD",
    "cik": "0000076334",
    "fillingDate": "2005-09-02",
    "acceptedDate": "2005-09-02 13:03:36",
    "calendarYear": "2005",
    "period": "FY",
    "revenue": 8215095000,
    "costOfRevenue": 6377214000,
    "grossProfit": 1691591000,
    "grossProfitRatio": 0.2059125305,
    "researchAndDevelopmentExpenses": 164229000,
    "generalAndAdministrativeExpenses": 0,
    "sellingAndMarketingExpenses": 0,
    "sellingGeneralAndAdministrativeExpenses": 696049000,
    "otherExpenses": 0,
    "operatingExpenses": 860278000,
    "costAndExpenses": 7237492000,
    "interestIncome": 0,
    "interestExpense": 0,
    "depreciationAndAmortization": 264699000,
    "ebitda": 1069839000,
    "ebitdaratio": 0.1302284392,
    "operatingIncome": 831313000,
    "operatingIncomeRatio": 0.101193352,
    "totalOtherIncomeExpensesNet": -93042000,
    "incomeBeforeTax": 738271000,
    "incomeBeforeTaxRatio": 0.0898676157,
    "incomeTaxExpense": 205105000,
    "netIncome": 604692000,
    "netIncomeRatio": 0.0736074263,
    "eps": 3.39,
    "epsdiluted": 3.35,
    "weightedAverageShsOut": 178200000,
    "weightedAverageShsOutDil": 180684861,
    "link": "https://www.sec.gov/Archives/edgar/data/76334/000119312505179715/0001193125-05-179715-index.htm",
    "finalLink": "https://www.sec.gov/Archives/edgar/data/76334/000119312505179715/d10k.htm"
  },
  {
    "date": "2004-06-30",
    "symbol": "PH",
    "reportedCurrency": "USD",
    "cik": "0000076334",
    "fillingDate": "2004-09-03",
    "acceptedDate": "2004-09-03 10:19:42",
    "calendarYear": "2004",
    "period": "FY",
    "revenue": 7106907000,
    "costOfRevenue": 5742053000,
    "grossProfit": 1364854000,
    "grossProfitRatio": 0.192046132,
    "researchAndDevelopmentExpenses": 0,
    "generalAndAdministrativeExpenses": 800204000,
    "sellingAndMarketingExpenses": 0,
    "sellingGeneralAndAdministrativeExpenses": 800204000,
    "otherExpenses": 0,
    "operatingExpenses": 800204000,
    "costAndExpenses": 6542257000,
    "interestIncome": 0,
    "interestExpense": 0,
    "depreciationAndAmortization": 252785000,
    "ebitda": 793824000,
    "ebitdaratio": 0.1116975359,
    "operatingIncome": 564650000,
    "operatingIncomeRatio": 0.0794508779,
    "totalOtherIncomeExpensesNet": -50070000,
    "incomeBeforeTax": 494068000,
    "incomeBeforeTaxRatio": 0.0695194126,
    "incomeTaxExpense": 148285000,
    "netIncome": 345783000,
    "netIncomeRatio": 0.0486544991,
    "eps": 1.96,
    "epsdiluted": 1.94,
    "weightedAverageShsOut": 176419898,
    "weightedAverageShsOutDil": 178238660,
    "link": "https://www.sec.gov/Archives/edgar/data/76334/000119312504151808/0001193125-04-151808-index.htm",
    "finalLink": "https://www.sec.gov/Archives/edgar/data/76334/000119312504151808/d10k.htm"
  },
  {
    "date": "2003-06-30",
    "symbol": "PH",
    "reportedCurrency": "USD",
    "cik": "0000076334",
    "fillingDate": "2003-08-29",
    "acceptedDate": "2003-08-29 10:40:32",
    "calendarYear": "2003",
    "period": "FY",
    "revenue": 6410610000,
    "costOfRevenue": 5309775000,
    "grossProfit": 1100835000,
    "grossProfitRatio": 0.1717207879,
    "researchAndDevelopmentExpenses": 0,
    "generalAndAdministrativeExpenses": 721065000,
    "sellingAndMarketingExpenses": 0,
    "sellingGeneralAndAdministrativeExpenses": 721065000,
    "otherExpenses": 0,
    "operatingExpenses": 721065000,
    "costAndExpenses": 6030840000,
    "interestIncome": 0,
    "interestExpense": 0,
    "depreciationAndAmortization": 259178000,
    "ebitda": 629126000,
    "ebitdaratio": 0.0981382427,
    "operatingIncome": 379770000,
    "operatingIncomeRatio": 0.0592408523,
    "totalOtherIncomeExpensesNet": -82388000,
    "incomeBeforeTax": 297382000,
    "incomeBeforeTaxRatio": 0.0463890332,
    "incomeTaxExpense": 101110000,
    "netIncome": 196272000,
    "netIncomeRatio": 0.0306167432,
    "eps": 1.13,
    "epsdiluted": 1.12,
    "weightedAverageShsOut": 174205917,
    "weightedAverageShsOutDil": 175242857,
    "link": "https://www.sec.gov/Archives/edgar/data/76334/000119312503043642/0001193125-03-043642-index.htm",
    "finalLink": "https://www.sec.gov/Archives/edgar/data/76334/000119312503043642/d10k.htm"
  },
  {
    "date": "2002-06-30",
    "symbol": "PH",
    "reportedCurrency": "USD",
    "cik": "0000076334",
    "fillingDate": "2002-08-14",
    "acceptedDate": "2002-08-14 10:21:01",
    "calendarYear": "2002",
    "period": "FY",
    "revenue": 6149122000,
    "costOfRevenue": 5116570000,
    "grossProfit": 1032552000,
    "grossProfitRatio": 0.1679186069,
    "researchAndDevelopmentExpenses": 0,
    "generalAndAdministrativeExpenses": 686485000,
    "sellingAndMarketingExpenses": 0,
    "sellingGeneralAndAdministrativeExpenses": 686485000,
    "otherExpenses": 0,
    "operatingExpenses": 686485000,
    "costAndExpenses": 5803055000,
    "interestIncome": 0,
    "interestExpense": 0,
    "depreciationAndAmortization": 281598000,
    "ebitda": 627665000,
    "ebitdaratio": 0.1020739221,
    "operatingIncome": 346067000,
    "operatingIncomeRatio": 0.0562790916,
    "totalOtherIncomeExpensesNet": -128031000,
    "incomeBeforeTax": 218036000,
    "incomeBeforeTaxRatio": 0.0354580703,
    "incomeTaxExpense": 87886000,
    "netIncome": 130150000,
    "netIncomeRatio": 0.0211656233,
    "eps": 0.75,
    "epsdiluted": 0.75,
    "weightedAverageShsOut": 172765487,
    "weightedAverageShsOutDil": 174308036,
    "link": "https://www.sec.gov/Archives/edgar/data/76334/000102140802010776/0001021408-02-010776-index.htm",
    "finalLink": "https://www.sec.gov/Archives/edgar/data/76334/000102140802010776/d10k.txt"
  },
  {
    "date": "2001-06-30",
    "symbol": "PH",
    "reportedCurrency": "USD",
    "cik": "0000076334",
    "fillingDate": "2001-09-27",
    "acceptedDate": "2001-09-27 00:00:00",
    "calendarYear": "2001",
    "period": "FY",
    "revenue": 5979604000,
    "costOfRevenue": 4728156000,
    "grossProfit": 1251448000,
    "grossProfitRatio": 0.2092860999,
    "researchAndDevelopmentExpenses": 0,
    "generalAndAdministrativeExpenses": 679963000,
    "sellingAndMarketingExpenses": 0,
    "sellingGeneralAndAdministrativeExpenses": 679963000,
    "otherExpenses": 0,
    "operatingExpenses": 679963000,
    "costAndExpenses": 5408119000,
    "interestIncome": 0,
    "interestExpense": 0,
    "depreciationAndAmortization": 264527000,
    "ebitda": 836012000,
    "ebitdaratio": 0.1398105962,
    "operatingIncome": 571485000,
    "operatingIncomeRatio": 0.0955723824,
    "totalOtherIncomeExpensesNet": -37889000,
    "incomeBeforeTax": 533596000,
    "incomeBeforeTaxRatio": 0.0892360096,
    "incomeTaxExpense": 189426000,
    "netIncome": 340792000,
    "netIncomeRatio": 0.0569924028,
    "eps": 1.99,
    "epsdiluted": 1.97,
    "weightedAverageShsOut": 171539597,
    "weightedAverageShsOutDil": 172698649,
    "link": "https://www.sec.gov/Archives/edgar/data/76334/000102140801507392/0001021408-01-507392-index.htm",
    "finalLink": "https://www.sec.gov/Archives/edgar/data/76334/000102140801507392/d10k.htm"
  },
  {
    "date": "2000-06-30",
    "symbol": "PH",
    "reportedCurrency": "USD",
    "cik": "0000076334",
    "fillingDate": "2000-09-28",
    "acceptedDate": "2000-09-28 00:00:00",
    "calendarYear": "2000",
    "period": "FY",
    "revenue": 5355337000,
    "costOfRevenue": 3950161000,
    "grossProfit": 1405176000,
    "grossProfitRatio": 0.2623879692,
    "researchAndDevelopmentExpenses": 0,
    "generalAndAdministrativeExpenses": 575906000,
    "sellingAndMarketingExpenses": 0,
    "sellingGeneralAndAdministrativeExpenses": 575906000,
    "otherExpenses": 206408000,
    "operatingExpenses": 782314000,
    "costAndExpenses": 4732475000,
    "interestIncome": 0,
    "interestExpense": 0,
    "depreciationAndAmortization": 206408000,
    "ebitda": 829270000,
    "ebitdaratio": 0.1548492653,
    "operatingIncome": 622862000,
    "operatingIncomeRatio": 0.1163067796,
    "totalOtherIncomeExpensesNet": -60675000,
    "incomeBeforeTax": 562187000,
    "incomeBeforeTaxRatio": 0.1049769604,
    "incomeTaxExpense": 193955000,
    "netIncome": 368232000,
    "netIncomeRatio": 0.0687598185,
    "eps": 2.23,
    "epsdiluted": 2.21,
    "weightedAverageShsOut": 165373653,
    "weightedAverageShsOutDil": 166872508,
    "link": "https://www.sec.gov/Archives/edgar/data/76334/000095015200007053/0000950152-00-007053-index.htm",
    "finalLink": "https://www.sec.gov/Archives/edgar/data/76334/000095015200007053/l83918ae10-k405.txt"
  },
  {
    "date": "1999-06-30",
    "symbol": "PH",
    "reportedCurrency": "USD",
    "cik": "0000076334",
    "fillingDate": "1999-09-24",
    "acceptedDate": "1999-09-24 00:00:00",
    "calendarYear": "1999",
    "period": "FY",
    "revenue": 4958800000,
    "costOfRevenue": 3667400000,
    "grossProfit": 1291400000,
    "grossProfitRatio": 0.2604259095,
    "researchAndDevelopmentExpenses": 0,
    "generalAndAdministrativeExpenses": 550700000,
    "sellingAndMarketingExpenses": 0,
    "sellingGeneralAndAdministrativeExpenses": 550700000,
    "otherExpenses": 202000000,
    "operatingExpenses": 752700000,
    "costAndExpenses": 4420100000,
    "interestIncome": 0,
    "interestExpense": 0,
    "depreciationAndAmortization": 202000000,
    "ebitda": 740749000,
    "ebitdaratio": 0.1493806969,
    "operatingIncome": 538700000,
    "operatingIncomeRatio": 0.1086351537,
    "totalOtherIncomeExpensesNet": -61055000,
    "incomeBeforeTax": 477700000,
    "incomeBeforeTaxRatio": 0.0963337904,
    "incomeTaxExpense": 167200000,
    "netIncome": 310500000,
    "netIncomeRatio": 0.0626159555,
    "eps": 1.9,
    "epsdiluted": 1.89,
    "weightedAverageShsOut": 163339909,
    "weightedAverageShsOutDil": 164494255,
    "link": "https://www.sec.gov/Archives/edgar/data/76334/000095015299007811/0000950152-99-007811-index.html",
    "finalLink": "https://www.sec.gov/Archives/edgar/data/76334/000095015299007811/"
  },
  {
    "date": "1998-06-30",
    "symbol": "PH",
    "reportedCurrency": "USD",
    "cik": "0000076334",
    "fillingDate": "1998-09-15",
    "acceptedDate": "1998-09-15 00:00:00",
    "calendarYear": "1998",
    "period": "FY",
    "revenue": 4633000000,
    "costOfRevenue": 3368300000,
    "grossProfit": 1264700000,
    "grossProfitRatio": 0.2729764731,
    "researchAndDevelopmentExpenses": 0,
    "generalAndAdministrativeExpenses": 532100000,
    "sellingAndMarketingExpenses": 0,
    "sellingGeneralAndAdministrativeExpenses": 532100000,
    "otherExpenses": 182700000,
    "operatingExpenses": 714800000,
    "costAndExpenses": 4083100000,
    "interestIncome": 0,
    "interestExpense": 0,
    "depreciationAndAmortization": 182700000,
    "ebitda": 732600000,
    "ebitdaratio": 0.1581264839,
    "operatingIncome": 549900000,
    "operatingIncomeRatio": 0.1186919922,
    "totalOtherIncomeExpensesNet": -45900000,
    "incomeBeforeTax": 504000000,
    "incomeBeforeTaxRatio": 0.1087848047,
    "incomeTaxExpense": 180800000,
    "netIncome": 319500000,
    "netIncomeRatio": 0.0689617958,
    "eps": 1.92,
    "epsdiluted": 1.9,
    "weightedAverageShsOut": 166323088,
    "weightedAverageShsOutDil": 168073858,
    "link": "https://www.sec.gov/Archives/edgar/data/76334/000007633498000012/0000076334-98-000012-index.html",
    "finalLink": "https://www.sec.gov/Archives/edgar/data/76334/"
  },
  {
    "date": "1997-06-30",
    "symbol": "PH",
    "reportedCurrency": "USD",
    "cik": "0000076334",
    "fillingDate": "1997-09-29",
    "acceptedDate": "1997-09-29 00:00:00",
    "calendarYear": "1997",
    "period": "FY",
    "revenue": 4091100000,
    "costOfRevenue": 2983200000,
    "grossProfit": 1107900000,
    "grossProfitRatio": 0.2708073623,
    "researchAndDevelopmentExpenses": 0,
    "generalAndAdministrativeExpenses": 475200000,
    "sellingAndMarketingExpenses": 0,
    "sellingGeneralAndAdministrativeExpenses": 475200000,
    "otherExpenses": 169800000,
    "operatingExpenses": 645000000,
    "costAndExpenses": 3628200000,
    "interestIncome": 0,
    "interestExpense": 0,
    "depreciationAndAmortization": 169800000,
    "ebitda": 632700000,
    "ebitdaratio": 0.1546527829,
    "operatingIncome": 462900000,
    "operatingIncomeRatio": 0.1131480531,
    "totalOtherIncomeExpensesNet": -38100000,
    "incomeBeforeTax": 424800000,
    "incomeBeforeTaxRatio": 0.1038351544,
    "incomeTaxExpense": 150800000,
    "netIncome": 274000000,
    "netIncomeRatio": 0.0669746523,
    "eps": 1.64,
    "epsdiluted": 1.64,
    "weightedAverageShsOut": 167073171,
    "weightedAverageShsOutDil": 168064116,
    "link": "https://www.sec.gov/Archives/edgar/data/76334/000007633497000025/0000076334-97-000025-index.html",
    "finalLink": "https://www.sec.gov/Archives/edgar/data/76334/"
  },
  {
    "date": "1996-06-30",
    "symbol": "PH",
    "reportedCurrency": "USD",
    "cik": "0000076334",
    "fillingDate": "1996-09-30",
    "acceptedDate": "1996-09-30 00:00:00",
    "calendarYear": "1996",
    "period": "FY",
    "revenue": 3586400000,
    "costOfRevenue": 2614900000,
    "grossProfit": 971500000,
    "grossProfitRatio": 0.2708844524,
    "researchAndDevelopmentExpenses": 0,
    "generalAndAdministrativeExpenses": 425400000,
    "sellingAndMarketingExpenses": 0,
    "sellingGeneralAndAdministrativeExpenses": 425400000,
    "otherExpenses": 141400000,
    "operatingExpenses": 566800000,
    "costAndExpenses": 3181700000,
    "interestIncome": 0,
    "interestExpense": 0,
    "depreciationAndAmortization": 141400000,
    "ebitda": 546100000,
    "ebitdaratio": 0.1522696855,
    "operatingIncome": 404700000,
    "operatingIncomeRatio": 0.1128429623,
    "totalOtherIncomeExpensesNet": -30200000,
    "incomeBeforeTax": 374500000,
    "incomeBeforeTaxRatio": 0.1044222619,
    "incomeTaxExpense": 134800000,
    "netIncome": 239700000,
    "netIncomeRatio": 0.0668358242,
    "eps": 1.44,
    "epsdiluted": 1.44,
    "weightedAverageShsOut": 166973684,
    "weightedAverageShsOutDil": 167018402,
    "link": "https://www.sec.gov/Archives/edgar/data/76334/000007633496000032/0000076334-96-000032-index.html",
    "finalLink": "https://www.sec.gov/Archives/edgar/data/76334/"
  },
  {
    "date": "1995-06-30",
    "symbol": "PH",
    "reportedCurrency": "USD",
    "cik": "0000076334",
    "fillingDate": "1995-09-28",
    "acceptedDate": "1995-09-28 00:00:00",
    "calendarYear": "1995",
    "period": "FY",
    "revenue": 3214400000,
    "costOfRevenue": 2328400000,
    "grossProfit": 886000000,
    "grossProfitRatio": 0.2756346441,
    "researchAndDevelopmentExpenses": 0,
    "generalAndAdministrativeExpenses": 384600000,
    "sellingAndMarketingExpenses": 0,
    "sellingGeneralAndAdministrativeExpenses": 384600000,
    "otherExpenses": 119900000,
    "operatingExpenses": 504500000,
    "costAndExpenses": 2832900000,
    "interestIncome": 0,
    "interestExpense": 0,
    "depreciationAndAmortization": 119900000,
    "ebitda": 501400000,
    "ebitdaratio": 0.155985565,
    "operatingIncome": 381500000,
    "operatingIncomeRatio": 0.118684669,
    "totalOtherIncomeExpensesNet": -33100000,
    "incomeBeforeTax": 348400000,
    "incomeBeforeTaxRatio": 0.1083872573,
    "incomeTaxExpense": 130200000,
    "netIncome": 218200000,
    "netIncomeRatio": 0.0678820309,
    "eps": 1.32,
    "epsdiluted": 1.32,
    "weightedAverageShsOut": 165861486,
    "weightedAverageShsOutDil": 165861486,
    "link": "https://www.sec.gov/Archives/edgar/data/76334/000007633495000021/0000076334-95-000021-index.html",
    "finalLink": "https://www.sec.gov/Archives/edgar/data/76334/"
  },
  {
    "date": "1994-06-30",
    "symbol": "PH",
    "reportedCurrency": "USD",
    "cik": "0000076334",
    "fillingDate": "1994-09-28",
    "acceptedDate": "1994-09-28 00:00:00",
    "calendarYear": "1994",
    "period": "FY",
    "revenue": 2576300000,
    "costOfRevenue": 1940300000,
    "grossProfit": 636000000,
    "grossProfitRatio": 0.2468656601,
    "researchAndDevelopmentExpenses": 0,
    "generalAndAdministrativeExpenses": 356900000,
    "sellingAndMarketingExpenses": 0,
    "sellingGeneralAndAdministrativeExpenses": 356900000,
    "otherExpenses": 113100000,
    "operatingExpenses": 470000000,
    "costAndExpenses": 2410300000,
    "interestIncome": 0,
    "interestExpense": 0,
    "depreciationAndAmortization": 113100000,
    "ebitda": 279100000,
    "ebitdaratio": 0.1083336568,
    "operatingIncome": 166000000,
    "operatingIncomeRatio": 0.0644334899,
    "totalOtherIncomeExpensesNet": -53500000,
    "incomeBeforeTax": 112500000,
    "incomeBeforeTaxRatio": 0.0436672748,
    "incomeTaxExpense": 60300000,
    "netIncome": 47700000,
    "netIncomeRatio": 0.0185149245,
    "eps": 0.29,
    "epsdiluted": 0.29,
    "weightedAverageShsOut": 166312193,
    "weightedAverageShsOutDil": 166312193,
    "link": "https://www.sec.gov/Archives/edgar/data/76334/000007633494000021/0000076334-94-000021-index.html",
    "finalLink": "https://www.sec.gov/Archives/edgar/data/76334/"
  },
  {
    "date": "1993-06-30",
    "symbol": "PH",
    "reportedCurrency": "USD",
    "cik": "0000076334",
    "fillingDate": "1993-06-30",
    "acceptedDate": "1993-06-30 00:00:00",
    "calendarYear": "1993",
    "period": "FY",
    "revenue": 2489300000,
    "costOfRevenue": 1890800000,
    "grossProfit": 598500000,
    "grossProfitRatio": 0.2404290363,
    "researchAndDevelopmentExpenses": 0,
    "generalAndAdministrativeExpenses": 0,
    "sellingAndMarketingExpenses": 0,
    "sellingGeneralAndAdministrativeExpenses": 333600000,
    "otherExpenses": 114200000,
    "operatingExpenses": 447800000,
    "costAndExpenses": 2338600000,
    "interestIncome": 0,
    "interestExpense": 0,
    "depreciationAndAmortization": 114200000,
    "ebitda": 264900000,
    "ebitdaratio": 0.1064154582,
    "operatingIncome": 150700000,
    "operatingIncomeRatio": 0.0605391074,
    "totalOtherIncomeExpensesNet": -42600000,
    "incomeBeforeTax": 108100000,
    "incomeBeforeTaxRatio": 0.0434258627,
    "incomeTaxExpense": 43000000,
    "netIncome": 65100000,
    "netIncomeRatio": 0.0261519303,
    "eps": 0.39,
    "epsdiluted": 0.39,
    "weightedAverageShsOut": 165425762,
    "weightedAverageShsOutDil": 165425762,
    "link": null,
    "finalLink": null
  },
  {
    "date": "1992-06-30",
    "symbol": "PH",
    "reportedCurrency": "USD",
    "cik": "0000076334",
    "fillingDate": "1992-06-30",
    "acceptedDate": "1992-06-30 00:00:00",
    "calendarYear": "1992",
    "period": "FY",
    "revenue": 2375800000,
    "costOfRevenue": 1818800000,
    "grossProfit": 557000000,
    "grossProfitRatio": 0.2344473441,
    "researchAndDevelopmentExpenses": 0,
    "generalAndAdministrativeExpenses": 0,
    "sellingAndMarketingExpenses": 0,
    "sellingGeneralAndAdministrativeExpenses": 282900000,
    "otherExpenses": 107000000,
    "operatingExpenses": 389900000,
    "costAndExpenses": 2208700000,
    "interestIncome": 0,
    "interestExpense": 0,
    "depreciationAndAmortization": 107000000,
    "ebitda": 274100000,
    "ebitdaratio": 0.1153716643,
    "operatingIncome": 167100000,
    "operatingIncomeRatio": 0.0703342032,
    "totalOtherIncomeExpensesNet": -61700000,
    "incomeBeforeTax": 105400000,
    "incomeBeforeTaxRatio": 0.0443640037,
    "incomeTaxExpense": 41900000,
    "netIncome": 11200000,
    "netIncomeRatio": 0.0047142015,
    "eps": 0.0667,
    "epsdiluted": 0.0667,
    "weightedAverageShsOut": 167916042,
    "weightedAverageShsOutDil": 167916042,
    "link": null,
    "finalLink": null
  },
  {
    "date": "1991-06-30",
    "symbol": "PH",
    "reportedCurrency": "USD",
    "cik": "0000076334",
    "fillingDate": "1991-06-30",
    "acceptedDate": "1991-06-30 00:00:00",
    "calendarYear": "1991",
    "period": "FY",
    "revenue": 2440800000,
    "costOfRevenue": 1873400000,
    "grossProfit": 567400000,
    "grossProfitRatio": 0.2324647657,
    "researchAndDevelopmentExpenses": 0,
    "generalAndAdministrativeExpenses": 0,
    "sellingAndMarketingExpenses": 0,
    "sellingGeneralAndAdministrativeExpenses": 303900000,
    "otherExpenses": 104000000,
    "operatingExpenses": 407900000,
    "costAndExpenses": 2281300000,
    "interestIncome": 0,
    "interestExpense": 0,
    "depreciationAndAmortization": 104000000,
    "ebitda": 263500000,
    "ebitdaratio": 0.1079564077,
    "operatingIncome": 159500000,
    "operatingIncomeRatio": 0.0653474271,
    "totalOtherIncomeExpensesNet": -56000000,
    "incomeBeforeTax": 103500000,
    "incomeBeforeTaxRatio": 0.0424041298,
    "incomeTaxExpense": 44300000,
    "netIncome": 59200000,
    "netIncomeRatio": 0.0242543428,
    "eps": 0.37,
    "epsdiluted": 0.37,
    "weightedAverageShsOut": 161373859,
    "weightedAverageShsOutDil": 161373859,
    "link": null,
    "finalLink": null
  },
  {
    "date": "1990-06-30",
    "symbol": "PH",
    "reportedCurrency": "USD",
    "cik": "0000076334",
    "fillingDate": "1990-06-30",
    "acceptedDate": "1990-06-30 00:00:00",
    "calendarYear": "1990",
    "period": "FY",
    "revenue": 2452600000,
    "costOfRevenue": 1829600000,
    "grossProfit": 623000000,
    "grossProfitRatio": 0.2540161461,
    "researchAndDevelopmentExpenses": 0,
    "generalAndAdministrativeExpenses": 0,
    "sellingAndMarketingExpenses": 0,
    "sellingGeneralAndAdministrativeExpenses": 282800000,
    "otherExpenses": 97500000,
    "operatingExpenses": 380300000,
    "costAndExpenses": 2209900000,
    "interestIncome": 0,
    "interestExpense": 0,
    "depreciationAndAmortization": 97500000,
    "ebitda": 340200000,
    "ebitdaratio": 0.1387099405,
    "operatingIncome": 242700000,
    "operatingIncomeRatio": 0.0989562097,
    "totalOtherIncomeExpensesNet": -59500000,
    "incomeBeforeTax": 183200000,
    "incomeBeforeTaxRatio": 0.0746962407,
    "incomeTaxExpense": 72800000,
    "netIncome": 115200000,
    "netIncomeRatio": 0.0469705619,
    "eps": 0.71,
    "epsdiluted": 0.71,
    "weightedAverageShsOut": 162937399,
    "weightedAverageShsOutDil": 162937399,
    "link": null,
    "finalLink": null
  },
  {
    "date": "1989-06-30",
    "symbol": "PH",
    "reportedCurrency": "USD",
    "cik": "0000076334",
    "fillingDate": "1989-06-30",
    "acceptedDate": "1989-06-30 00:00:00",
    "calendarYear": "1989",
    "period": "FY",
    "revenue": 2520200000,
    "costOfRevenue": 2199000000,
    "grossProfit": 321200000,
    "grossProfitRatio": 0.1274502024,
    "researchAndDevelopmentExpenses": 0,
    "generalAndAdministrativeExpenses": 0,
    "sellingAndMarketingExpenses": 0,
    "sellingGeneralAndAdministrativeExpenses": 0,
    "otherExpenses": 95800000,
    "operatingExpenses": 95800000,
    "costAndExpenses": 2294800000,
    "interestIncome": 0,
    "interestExpense": 0,
    "depreciationAndAmortization": 95800000,
    "ebitda": 321200000,
    "ebitdaratio": 0.1274502024,
    "operatingIncome": 225400000,
    "operatingIncomeRatio": 0.0894373462,
    "totalOtherIncomeExpensesNet": -54800000,
    "incomeBeforeTax": 170600000,
    "incomeBeforeTaxRatio": 0.0676930402,
    "incomeTaxExpense": 67800000,
    "netIncome": 102800000,
    "netIncomeRatio": 0.0407904135,
    "eps": 0.63,
    "epsdiluted": 0.63,
    "weightedAverageShsOut": 163960573,
    "weightedAverageShsOutDil": 163960573,
    "link": null,
    "finalLink": null
  },
  {
    "date": "1988-06-30",
    "symbol": "PH",
    "reportedCurrency": "USD",
    "cik": "0000076334",
    "fillingDate": "1988-06-30",
    "acceptedDate": "1988-06-29 20:00:00",
    "calendarYear": "1988",
    "period": "FY",
    "revenue": 2251700000,
    "costOfRevenue": 1965400000,
    "grossProfit": 286300000,
    "grossProfitRatio": 0.1271483768,
    "researchAndDevelopmentExpenses": 0,
    "generalAndAdministrativeExpenses": 0,
    "sellingAndMarketingExpenses": 0,
    "sellingGeneralAndAdministrativeExpenses": 0,
    "otherExpenses": 84800000,
    "operatingExpenses": 84800000,
    "costAndExpenses": 2050200000,
    "interestIncome": 0,
    "interestExpense": 0,
    "depreciationAndAmortization": 84800000,
    "ebitda": 286300000,
    "ebitdaratio": 0.1271483768,
    "operatingIncome": 201500000,
    "operatingIncomeRatio": 0.0894879424,
    "totalOtherIncomeExpensesNet": -37700000,
    "incomeBeforeTax": 163800000,
    "incomeBeforeTaxRatio": 0.0727450371,
    "incomeTaxExpense": 57300000,
    "netIncome": 106500000,
    "netIncomeRatio": 0.0472975974,
    "eps": 0.65,
    "epsdiluted": 0.65,
    "weightedAverageShsOut": 162928740,
    "weightedAverageShsOutDil": 162928740,
    "link": "",
    "finalLink": ""
  },
  {
    "date": "1987-06-30",
    "symbol": "PH",
    "reportedCurrency": "USD",
    "cik": "0000076334",
    "fillingDate": "1987-06-30",
    "acceptedDate": "1987-06-29 20:00:00",
    "calendarYear": "1987",
    "period": "FY",
    "revenue": 1876600000,
    "costOfRevenue": 1372300000,
    "grossProfit": 504300000,
    "grossProfitRatio": 0.2687306832,
    "researchAndDevelopmentExpenses": 0,
    "generalAndAdministrativeExpenses": 0,
    "sellingAndMarketingExpenses": 0,
    "sellingGeneralAndAdministrativeExpenses": 259100000,
    "otherExpenses": 66500000,
    "operatingExpenses": 325600000,
    "costAndExpenses": 1697900000,
    "interestIncome": 0,
    "interestExpense": 0,
    "depreciationAndAmortization": 66500000,
    "ebitda": 245200000,
    "ebitdaratio": 0.1306618352,
    "operatingIncome": 178700000,
    "operatingIncomeRatio": 0.0952254077,
    "totalOtherIncomeExpensesNet": -22000000,
    "incomeBeforeTax": 156700000,
    "incomeBeforeTaxRatio": 0.0835020782,
    "incomeTaxExpense": 71500000,
    "netIncome": 85200000,
    "netIncomeRatio": 0.0454012576,
    "eps": 0.55,
    "epsdiluted": 0.55,
    "weightedAverageShsOut": 153898954,
    "weightedAverageShsOutDil": 155775771,
    "link": "",
    "finalLink": ""
  },
  {
    "date": "1986-06-30",
    "symbol": "PH",
    "reportedCurrency": "USD",
    "cik": "0000076334",
    "fillingDate": "1986-06-30",
    "acceptedDate": "1986-06-29 20:00:00",
    "calendarYear": "1986",
    "period": "FY",
    "revenue": 1730200000,
    "costOfRevenue": 1258100000,
    "grossProfit": 472100000,
    "grossProfitRatio": 0.2728586291,
    "researchAndDevelopmentExpenses": 0,
    "generalAndAdministrativeExpenses": 0,
    "sellingAndMarketingExpenses": 0,
    "sellingGeneralAndAdministrativeExpenses": 237200000,
    "otherExpenses": 58100000,
    "operatingExpenses": 295300000,
    "costAndExpenses": 1553400000,
    "interestIncome": 0,
    "interestExpense": 0,
    "depreciationAndAmortization": 58100000,
    "ebitda": 234900000,
    "ebitdaratio": 0.1357646515,
    "operatingIncome": 176800000,
    "operatingIncomeRatio": 0.1021847185,
    "totalOtherIncomeExpensesNet": -21400000,
    "incomeBeforeTax": 155400000,
    "incomeBeforeTaxRatio": 0.0898162062,
    "incomeTaxExpense": 67200000,
    "netIncome": 88200000,
    "netIncomeRatio": 0.0509767657,
    "eps": 0.59,
    "epsdiluted": 0.57,
    "weightedAverageShsOut": 150265776,
    "weightedAverageShsOutDil": 153760329,
    "link": "",
    "finalLink": ""
  }
]