[
  {
    "date": "2025-06-30",
    "symbol": "PHM",
    "reportedCurrency": "USD",
    "cik": "0000822416",
    "fillingDate": "2025-07-22",
    "acceptedDate": "2025-07-22 16:13:17",
    "calendarYear": "2025",
    "period": "Q2",
    "revenue": 4403755000,
    "costOfRevenue": 3205549000,
    "grossProfit": 1198206000,
    "grossProfitRatio": 0.2720873436,
    "researchAndDevelopmentExpenses": 0,
    "generalAndAdministrativeExpenses": 0,
    "sellingAndMarketingExpenses": 0,
    "sellingGeneralAndAdministrativeExpenses": 390453000,
    "otherExpenses": 2301000,
    "operatingExpenses": 392754000,
    "costAndExpenses": 3598303000,
    "interestIncome": 9581000,
    "interestExpense": 141000,
    "depreciationAndAmortization": 25046000,
    "ebitda": 832343000,
    "ebitdaratio": 0.1890075629,
    "operatingIncome": 805452000,
    "operatingIncomeRatio": 0.1829011832,
    "totalOtherIncomeExpensesNet": 1704000,
    "incomeBeforeTax": 807156000,
    "incomeBeforeTaxRatio": 0.1832881257,
    "incomeTaxExpense": 198673000,
    "netIncome": 608483000,
    "netIncomeRatio": 0.1381736722,
    "eps": 3.05,
    "epsdiluted": 3.03,
    "weightedAverageShsOut": 199243000,
    "weightedAverageShsOutDil": 200681000,
    "link": "https://www.sec.gov/Archives/edgar/data/822416/000082241625000051/0000822416-25-000051-index.htm",
    "finalLink": "https://www.sec.gov/Archives/edgar/data/822416/000082241625000051/phm-20250630.htm"
  },
  {
    "date": "2025-03-31",
    "symbol": "PHM",
    "reportedCurrency": "USD",
    "cik": "0000822416",
    "fillingDate": "2025-04-22",
    "acceptedDate": "2025-04-22 16:15:34",
    "calendarYear": "2025",
    "period": "Q1",
    "revenue": 3892650000,
    "costOfRevenue": 2825040000,
    "grossProfit": 1067610000,
    "grossProfitRatio": 0.2742630342,
    "researchAndDevelopmentExpenses": 0,
    "generalAndAdministrativeExpenses": 0,
    "sellingAndMarketingExpenses": 0,
    "sellingGeneralAndAdministrativeExpenses": 393337000,
    "otherExpenses": 2367000,
    "operatingExpenses": 395704000,
    "costAndExpenses": 3220744000,
    "interestIncome": 10262000,
    "interestExpense": 127000,
    "depreciationAndAmortization": 24668000,
    "ebitda": 705932000,
    "ebitdaratio": 0.1813499801,
    "operatingIncome": 671906000,
    "operatingIncomeRatio": 0.1726088911,
    "totalOtherIncomeExpensesNet": 9231000,
    "incomeBeforeTax": 681137000,
    "incomeBeforeTaxRatio": 0.1749802834,
    "incomeTaxExpense": 158338000,
    "netIncome": 522799000,
    "netIncomeRatio": 0.1343041373,
    "eps": 2.59,
    "epsdiluted": 2.57,
    "weightedAverageShsOut": 202063000,
    "weightedAverageShsOutDil": 203664000,
    "link": "https://www.sec.gov/Archives/edgar/data/822416/000082241625000033/0000822416-25-000033-index.htm",
    "finalLink": "https://www.sec.gov/Archives/edgar/data/822416/000082241625000033/phm-20250331.htm"
  },
  {
    "date": "2024-12-31",
    "symbol": "PHM",
    "reportedCurrency": "USD",
    "cik": "0000822416",
    "fillingDate": "2025-02-06",
    "acceptedDate": "2025-02-06 14:08:23",
    "calendarYear": "2024",
    "period": "Q4",
    "revenue": 4921794000,
    "costOfRevenue": 3567091000,
    "grossProfit": 1354703000,
    "grossProfitRatio": 0.2752457742,
    "researchAndDevelopmentExpenses": 0,
    "generalAndAdministrativeExpenses": 0,
    "sellingAndMarketingExpenses": 0,
    "sellingGeneralAndAdministrativeExpenses": 195639000,
    "otherExpenses": 2498000,
    "operatingExpenses": 198137000,
    "costAndExpenses": 3765228000,
    "interestIncome": 11218000,
    "interestExpense": 127000,
    "depreciationAndAmortization": 24187000,
    "ebitda": 1207042000,
    "ebitdaratio": 0.2452443154,
    "operatingIncome": 1156566000,
    "operatingIncomeRatio": 0.2349887053,
    "totalOtherIncomeExpensesNet": 26162000,
    "incomeBeforeTax": 1182728000,
    "incomeBeforeTaxRatio": 0.2403042468,
    "incomeTaxExpense": 269489000,
    "netIncome": 913239000,
    "netIncomeRatio": 0.1855500251,
    "eps": 4.47,
    "epsdiluted": 4.43,
    "weightedAverageShsOut": 204339000,
    "weightedAverageShsOutDil": 206180000,
    "link": "https://www.sec.gov/Archives/edgar/data/822416/000082241625000007/0000822416-25-000007-index.htm",
    "finalLink": "https://www.sec.gov/Archives/edgar/data/822416/000082241625000007/phm-20241231.htm"
  },
  {
    "date": "2024-09-30",
    "symbol": "PHM",
    "reportedCurrency": "USD",
    "cik": "0000822416",
    "fillingDate": "2024-10-22",
    "acceptedDate": "2024-10-22 16:19:07",
    "calendarYear": "2024",
    "period": "Q3",
    "revenue": 4476342000,
    "costOfRevenue": 3175459000,
    "grossProfit": 1300883000,
    "grossProfitRatio": 0.2906129603,
    "researchAndDevelopmentExpenses": 0,
    "generalAndAdministrativeExpenses": 0,
    "sellingAndMarketingExpenses": 0,
    "sellingGeneralAndAdministrativeExpenses": 406897000,
    "otherExpenses": 2498000,
    "operatingExpenses": 409395000,
    "costAndExpenses": 3584854000,
    "interestIncome": 13748000,
    "interestExpense": 120000,
    "depreciationAndAmortization": 22084000,
    "ebitda": 928400000,
    "ebitdaratio": 0.2074014899,
    "operatingIncome": 891488000,
    "operatingIncomeRatio": 0.1991554711,
    "totalOtherIncomeExpensesNet": 14708000,
    "incomeBeforeTax": 906196000,
    "incomeBeforeTaxRatio": 0.2024411897,
    "incomeTaxExpense": 208282000,
    "netIncome": 697914000,
    "netIncomeRatio": 0.1559116797,
    "eps": 3.38,
    "epsdiluted": 3.35,
    "weightedAverageShsOut": 206774000,
    "weightedAverageShsOutDil": 208460000,
    "link": "https://www.sec.gov/Archives/edgar/data/822416/000082241624000037/0000822416-24-000037-index.htm",
    "finalLink": "https://www.sec.gov/Archives/edgar/data/822416/000082241624000037/phm-20240930.htm"
  },
  {
    "date": "2024-06-30",
    "symbol": "PHM",
    "reportedCurrency": "USD",
    "cik": "0000822416",
    "fillingDate": "2024-07-23",
    "acceptedDate": "2024-07-23 16:08:57",
    "calendarYear": "2024",
    "period": "Q2",
    "revenue": 4599655000,
    "costOfRevenue": 3205689000,
    "grossProfit": 1393966000,
    "grossProfitRatio": 0.3030588164,
    "researchAndDevelopmentExpenses": 0,
    "generalAndAdministrativeExpenses": 0,
    "sellingAndMarketingExpenses": 0,
    "sellingGeneralAndAdministrativeExpenses": 361145000,
    "otherExpenses": 2498000,
    "operatingExpenses": 363643000,
    "costAndExpenses": 3569332000,
    "interestIncome": 17141000,
    "interestExpense": 117000,
    "depreciationAndAmortization": 21830000,
    "ebitda": 1070259000,
    "ebitdaratio": 0.2326824512,
    "operatingIncome": 1030323000,
    "operatingIncomeRatio": 0.2240000609,
    "totalOtherIncomeExpensesNet": 17989000,
    "incomeBeforeTax": 1048312000,
    "incomeBeforeTaxRatio": 0.2279110064,
    "incomeTaxExpense": 239179000,
    "netIncome": 809133000,
    "netIncomeRatio": 0.1759116716,
    "eps": 3.86,
    "epsdiluted": 3.83,
    "weightedAverageShsOut": 209547000,
    "weightedAverageShsOutDil": 211201000,
    "link": "https://www.sec.gov/Archives/edgar/data/822416/000082241624000029/0000822416-24-000029-index.htm",
    "finalLink": "https://www.sec.gov/Archives/edgar/data/822416/000082241624000029/phm-20240630.htm"
  },
  {
    "date": "2024-03-31",
    "symbol": "PHM",
    "reportedCurrency": "USD",
    "cik": "0000822416",
    "fillingDate": "2024-04-23",
    "acceptedDate": "2024-04-23 16:18:44",
    "calendarYear": "2024",
    "period": "Q1",
    "revenue": 3949160000,
    "costOfRevenue": 2777508000,
    "grossProfit": 1171652000,
    "grossProfitRatio": 0.2966838518,
    "researchAndDevelopmentExpenses": 0,
    "generalAndAdministrativeExpenses": 0,
    "sellingAndMarketingExpenses": 0,
    "sellingGeneralAndAdministrativeExpenses": 357594000,
    "otherExpenses": 2540000,
    "operatingExpenses": 360134000,
    "costAndExpenses": 3137642000,
    "interestIncome": 17379000,
    "interestExpense": 115000,
    "depreciationAndAmortization": 21061000,
    "ebitda": 889819000,
    "ebitdaratio": 0.2253185488,
    "operatingIncome": 811518000,
    "operatingIncomeRatio": 0.2054912944,
    "totalOtherIncomeExpensesNet": 57125000,
    "incomeBeforeTax": 868643000,
    "incomeBeforeTaxRatio": 0.2199563958,
    "incomeTaxExpense": 205667000,
    "netIncome": 662976000,
    "netIncomeRatio": 0.1678777259,
    "eps": 3.13,
    "epsdiluted": 3.1,
    "weightedAverageShsOut": 211837000,
    "weightedAverageShsOutDil": 213546000,
    "link": "https://www.sec.gov/Archives/edgar/data/822416/000082241624000016/0000822416-24-000016-index.htm",
    "finalLink": "https://www.sec.gov/Archives/edgar/data/822416/000082241624000016/phm-20240331.htm"
  },
  {
    "date": "2023-12-31",
    "symbol": "PHM",
    "reportedCurrency": "USD",
    "cik": "0000822416",
    "fillingDate": "2024-02-05",
    "acceptedDate": "2024-02-05 16:52:45",
    "calendarYear": "2023",
    "period": "Q4",
    "revenue": 4293652000,
    "costOfRevenue": 3044095000,
    "grossProfit": 1249557000,
    "grossProfitRatio": 0.2910242842,
    "researchAndDevelopmentExpenses": 0,
    "generalAndAdministrativeExpenses": 0,
    "sellingAndMarketingExpenses": 0,
    "sellingGeneralAndAdministrativeExpenses": 308319000,
    "otherExpenses": 2623000,
    "operatingExpenses": 310942000,
    "costAndExpenses": 3355037000,
    "interestIncome": 19832000,
    "interestExpense": 122000,
    "depreciationAndAmortization": 21059000,
    "ebitda": 967999000,
    "ebitdaratio": 0.225448872,
    "operatingIncome": 938615000,
    "operatingIncomeRatio": 0.2186052805,
    "totalOtherIncomeExpensesNet": 8203000,
    "incomeBeforeTax": 946818000,
    "incomeBeforeTaxRatio": 0.2205157754,
    "incomeTaxExpense": 235825000,
    "netIncome": 710993000,
    "netIncomeRatio": 0.1655916688,
    "eps": 3.3,
    "epsdiluted": 3.28,
    "weightedAverageShsOut": 214399000,
    "weightedAverageShsOutDil": 215763000,
    "link": "https://www.sec.gov/Archives/edgar/data/822416/000082241624000010/0000822416-24-000010-index.htm",
    "finalLink": "https://www.sec.gov/Archives/edgar/data/822416/000082241624000010/phm-20231231.htm"
  },
  {
    "date": "2023-09-30",
    "symbol": "PHM",
    "reportedCurrency": "USD",
    "cik": "0000822416",
    "fillingDate": "2023-10-24",
    "acceptedDate": "2023-10-24 16:19:44",
    "calendarYear": "2023",
    "period": "Q3",
    "revenue": 4003533000,
    "costOfRevenue": 2821034000,
    "grossProfit": 1182499000,
    "grossProfitRatio": 0.2953638699,
    "researchAndDevelopmentExpenses": 0,
    "generalAndAdministrativeExpenses": 0,
    "sellingAndMarketingExpenses": 0,
    "sellingGeneralAndAdministrativeExpenses": 353167000,
    "otherExpenses": 2623000,
    "operatingExpenses": 355790000,
    "costAndExpenses": 3176824000,
    "interestIncome": 19303000,
    "interestExpense": 120000,
    "depreciationAndAmortization": 20561000,
    "ebitda": 867995000,
    "ebitdaratio": 0.216807255,
    "operatingIncome": 826709000,
    "operatingIncomeRatio": 0.2064948634,
    "totalOtherIncomeExpensesNet": 20605000,
    "incomeBeforeTax": 847314000,
    "incomeBeforeTaxRatio": 0.2116415676,
    "incomeTaxExpense": 208539000,
    "netIncome": 638775000,
    "netIncomeRatio": 0.159552825,
    "eps": 2.92,
    "epsdiluted": 2.9,
    "weightedAverageShsOut": 218288000,
    "weightedAverageShsOutDil": 219682000,
    "link": "https://www.sec.gov/Archives/edgar/data/822416/000082241623000042/0000822416-23-000042-index.htm",
    "finalLink": "https://www.sec.gov/Archives/edgar/data/822416/000082241623000042/phm-20230930.htm"
  },
  {
    "date": "2023-06-30",
    "symbol": "PHM",
    "reportedCurrency": "USD",
    "cik": "0000822416",
    "fillingDate": "2023-07-25",
    "acceptedDate": "2023-07-25 16:12:05",
    "calendarYear": "2023",
    "period": "Q2",
    "revenue": 4188753000,
    "costOfRevenue": 2935633000,
    "grossProfit": 1253120000,
    "grossProfitRatio": 0.2991630206,
    "researchAndDevelopmentExpenses": 0,
    "generalAndAdministrativeExpenses": 0,
    "sellingAndMarketingExpenses": 0,
    "sellingGeneralAndAdministrativeExpenses": 314637000,
    "otherExpenses": 2623000,
    "operatingExpenses": 317260000,
    "costAndExpenses": 3252893000,
    "interestIncome": 15302000,
    "interestExpense": 120000,
    "depreciationAndAmortization": 20065000,
    "ebitda": 973198000,
    "ebitdaratio": 0.2323359721,
    "operatingIncome": 935860000,
    "operatingIncomeRatio": 0.223422102,
    "totalOtherIncomeExpensesNet": 17153000,
    "incomeBeforeTax": 953013000,
    "incomeBeforeTaxRatio": 0.2275171155,
    "incomeTaxExpense": 232668000,
    "netIncome": 720345000,
    "netIncomeRatio": 0.1719712287,
    "eps": 3.23,
    "epsdiluted": 3.21,
    "weightedAverageShsOut": 222160000,
    "weightedAverageShsOutDil": 223392000,
    "link": "https://www.sec.gov/Archives/edgar/data/822416/000082241623000035/0000822416-23-000035-index.htm",
    "finalLink": "https://www.sec.gov/Archives/edgar/data/822416/000082241623000035/phm-20230630.htm"
  },
  {
    "date": "2023-03-31",
    "symbol": "PHM",
    "reportedCurrency": "USD",
    "cik": "0000822416",
    "fillingDate": "2023-04-25",
    "acceptedDate": "2023-04-25 16:25:00",
    "calendarYear": "2023",
    "period": "Q1",
    "revenue": 3575641000,
    "costOfRevenue": 2541332000,
    "grossProfit": 1034309000,
    "grossProfitRatio": 0.2892653373,
    "researchAndDevelopmentExpenses": 0,
    "generalAndAdministrativeExpenses": 0,
    "sellingAndMarketingExpenses": 0,
    "sellingGeneralAndAdministrativeExpenses": 336518000,
    "otherExpenses": 2670000,
    "operatingExpenses": 339188000,
    "costAndExpenses": 2880520000,
    "interestIncome": 7096000,
    "interestExpense": 107000,
    "depreciationAndAmortization": 19139000,
    "ebitda": 721368000,
    "ebitdaratio": 0.2017450857,
    "operatingIncome": 695121000,
    "operatingIncomeRatio": 0.1944045837,
    "totalOtherIncomeExpensesNet": 7001000,
    "incomeBeforeTax": 702122000,
    "incomeBeforeTaxRatio": 0.1963625543,
    "incomeTaxExpense": 169863000,
    "netIncome": 532259000,
    "netIncomeRatio": 0.1488569462,
    "eps": 2.35,
    "epsdiluted": 2.35,
    "weightedAverageShsOut": 225127000,
    "weightedAverageShsOutDil": 225957000,
    "link": "https://www.sec.gov/Archives/edgar/data/822416/000082241623000017/0000822416-23-000017-index.htm",
    "finalLink": "https://www.sec.gov/Archives/edgar/data/822416/000082241623000017/phm-20230331.htm"
  },
  {
    "date": "2022-12-31",
    "symbol": "PHM",
    "reportedCurrency": "USD",
    "cik": "0000822416",
    "fillingDate": "2023-02-06",
    "acceptedDate": "2023-02-06 16:32:06",
    "calendarYear": "2022",
    "period": "Q4",
    "revenue": 5171378000,
    "costOfRevenue": 3673844000,
    "grossProfit": 1497534000,
    "grossProfitRatio": 0.2895812296,
    "researchAndDevelopmentExpenses": 0,
    "generalAndAdministrativeExpenses": 0,
    "sellingAndMarketingExpenses": 0,
    "sellingGeneralAndAdministrativeExpenses": 350831000,
    "otherExpenses": 2765000,
    "operatingExpenses": 353596000,
    "costAndExpenses": 4027440000,
    "interestIncome": 923000,
    "interestExpense": 68000,
    "depreciationAndAmortization": 18984000,
    "ebitda": 1182867000,
    "ebitdaratio": 0.2287334246,
    "operatingIncome": 1143938000,
    "operatingIncomeRatio": 0.2212056438,
    "totalOtherIncomeExpensesNet": 19877000,
    "incomeBeforeTax": 1163815000,
    "incomeBeforeTaxRatio": 0.2250493002,
    "incomeTaxExpense": 281584000,
    "netIncome": 882231000,
    "netIncomeRatio": 0.170598823,
    "eps": 3.86,
    "epsdiluted": 3.84,
    "weightedAverageShsOut": 227200000,
    "weightedAverageShsOutDil": 228102000,
    "link": "https://www.sec.gov/Archives/edgar/data/822416/000082241623000007/0000822416-23-000007-index.htm",
    "finalLink": "https://www.sec.gov/Archives/edgar/data/822416/000082241623000007/phm-20221231.htm"
  },
  {
    "date": "2022-09-30",
    "symbol": "PHM",
    "reportedCurrency": "USD",
    "cik": "0000822416",
    "fillingDate": "2022-10-25",
    "acceptedDate": "2022-10-25 16:31:01",
    "calendarYear": "2022",
    "period": "Q3",
    "revenue": 3895062000,
    "costOfRevenue": 2708479000,
    "grossProfit": 1186583000,
    "grossProfitRatio": 0.3046377696,
    "researchAndDevelopmentExpenses": 0,
    "generalAndAdministrativeExpenses": 0,
    "sellingAndMarketingExpenses": 0,
    "sellingGeneralAndAdministrativeExpenses": 350112000,
    "otherExpenses": 2766000,
    "operatingExpenses": 352878000,
    "costAndExpenses": 3061357000,
    "interestIncome": 370000,
    "interestExpense": 65000,
    "depreciationAndAmortization": 18541000,
    "ebitda": 829883000,
    "ebitdaratio": 0.2130602799,
    "operatingIncome": 833705000,
    "operatingIncomeRatio": 0.2140415223,
    "totalOtherIncomeExpensesNet": -22428000,
    "incomeBeforeTax": 811277000,
    "incomeBeforeTaxRatio": 0.2082834625,
    "incomeTaxExpense": 183349000,
    "netIncome": 627928000,
    "netIncomeRatio": 0.1612112978,
    "eps": 2.72,
    "epsdiluted": 2.7,
    "weightedAverageShsOut": 230967000,
    "weightedAverageShsOutDil": 232300000,
    "link": "https://www.sec.gov/Archives/edgar/data/822416/000082241622000050/0000822416-22-000050-index.htm",
    "finalLink": "https://www.sec.gov/Archives/edgar/data/822416/000082241622000050/phm-20220930.htm"
  },
  {
    "date": "2022-06-30",
    "symbol": "PHM",
    "reportedCurrency": "USD",
    "cik": "0000822416",
    "fillingDate": "2022-07-26",
    "acceptedDate": "2022-07-26 16:26:45",
    "calendarYear": "2022",
    "period": "Q2",
    "revenue": 3879752000,
    "costOfRevenue": 2660425000,
    "grossProfit": 1219327000,
    "grossProfitRatio": 0.3142796241,
    "researchAndDevelopmentExpenses": 0,
    "generalAndAdministrativeExpenses": 0,
    "sellingAndMarketingExpenses": 0,
    "sellingGeneralAndAdministrativeExpenses": 351256000,
    "otherExpenses": 2766000,
    "operatingExpenses": 354022000,
    "costAndExpenses": 3014447000,
    "interestIncome": 290000,
    "interestExpense": 65000,
    "depreciationAndAmortization": 17212000,
    "ebitda": 881850000,
    "ebitdaratio": 0.227295456,
    "operatingIncome": 865305000,
    "operatingIncomeRatio": 0.2230310082,
    "totalOtherIncomeExpensesNet": -732000,
    "incomeBeforeTax": 864573000,
    "incomeBeforeTaxRatio": 0.2228423363,
    "incomeTaxExpense": 212138000,
    "netIncome": 652435000,
    "netIncomeRatio": 0.1681640991,
    "eps": 2.74,
    "epsdiluted": 2.73,
    "weightedAverageShsOut": 236328000,
    "weightedAverageShsOutDil": 237646000,
    "link": "https://www.sec.gov/Archives/edgar/data/822416/000082241622000038/0000822416-22-000038-index.htm",
    "finalLink": "https://www.sec.gov/Archives/edgar/data/822416/000082241622000038/phm-20220630.htm"
  },
  {
    "date": "2022-03-31",
    "symbol": "PHM",
    "reportedCurrency": "USD",
    "cik": "0000822416",
    "fillingDate": "2022-04-28",
    "acceptedDate": "2022-04-28 16:28:57",
    "calendarYear": "2022",
    "period": "Q1",
    "revenue": 3149519000,
    "costOfRevenue": 2218466000,
    "grossProfit": 931053000,
    "grossProfitRatio": 0.2956175213,
    "researchAndDevelopmentExpenses": 0,
    "generalAndAdministrativeExpenses": 0,
    "sellingAndMarketingExpenses": 0,
    "sellingGeneralAndAdministrativeExpenses": 329022000,
    "otherExpenses": 2821000,
    "operatingExpenses": 331843000,
    "costAndExpenses": 2550309000,
    "interestIncome": 388000,
    "interestExpense": 86000,
    "depreciationAndAmortization": 16181000,
    "ebitda": 616160000,
    "ebitdaratio": 0.1956362225,
    "operatingIncome": 599210000,
    "operatingIncomeRatio": 0.1902544484,
    "totalOtherIncomeExpensesNet": 683000,
    "incomeBeforeTax": 599893000,
    "incomeBeforeTaxRatio": 0.1904713069,
    "incomeTaxExpense": 145170000,
    "netIncome": 454723000,
    "netIncomeRatio": 0.1443785543,
    "eps": 1.85,
    "epsdiluted": 1.84,
    "weightedAverageShsOut": 245796000,
    "weightedAverageShsOutDil": 246865000,
    "link": "https://www.sec.gov/Archives/edgar/data/822416/000082241622000018/0000822416-22-000018-index.htm",
    "finalLink": "https://www.sec.gov/Archives/edgar/data/822416/000082241622000018/phm-20220331.htm"
  },
  {
    "date": "2021-12-31",
    "symbol": "PHM",
    "reportedCurrency": "USD",
    "cik": "0000822416",
    "fillingDate": "2022-02-07",
    "acceptedDate": "2022-02-07 16:22:57",
    "calendarYear": "2021",
    "period": "Q4",
    "revenue": 4358558000,
    "costOfRevenue": 3164022000,
    "grossProfit": 1194536000,
    "grossProfitRatio": 0.27406679,
    "researchAndDevelopmentExpenses": 0,
    "generalAndAdministrativeExpenses": 0,
    "sellingAndMarketingExpenses": 0,
    "sellingGeneralAndAdministrativeExpenses": 344220000,
    "otherExpenses": 2931000,
    "operatingExpenses": 347151000,
    "costAndExpenses": 3511173000,
    "interestIncome": 412000,
    "interestExpense": 115000,
    "depreciationAndAmortization": 16930000,
    "ebitda": 872962000,
    "ebitdaratio": 0.2002868839,
    "operatingIncome": 847385000,
    "operatingIncomeRatio": 0.1944186586,
    "totalOtherIncomeExpensesNet": 8532000,
    "incomeBeforeTax": 855917000,
    "incomeBeforeTaxRatio": 0.1963761868,
    "incomeTaxExpense": 192653000,
    "netIncome": 663264000,
    "netIncomeRatio": 0.1521751001,
    "eps": 2.61,
    "epsdiluted": 2.61,
    "weightedAverageShsOut": 251636000,
    "weightedAverageShsOutDil": 252224000,
    "link": "https://www.sec.gov/Archives/edgar/data/822416/000082241622000007/0000822416-22-000007-index.htm",
    "finalLink": "https://www.sec.gov/Archives/edgar/data/822416/000082241622000007/phm-20211231.htm"
  },
  {
    "date": "2021-09-30",
    "symbol": "PHM",
    "reportedCurrency": "USD",
    "cik": "0000822416",
    "fillingDate": "2021-10-26",
    "acceptedDate": "2021-10-26 16:46:20",
    "calendarYear": "2021",
    "period": "Q3",
    "revenue": 3479050000,
    "costOfRevenue": 2533392000,
    "grossProfit": 945658000,
    "grossProfitRatio": 0.271815007,
    "researchAndDevelopmentExpenses": 0,
    "generalAndAdministrativeExpenses": 0,
    "sellingAndMarketingExpenses": 0,
    "sellingGeneralAndAdministrativeExpenses": 320506000,
    "otherExpenses": 3612000,
    "operatingExpenses": 324118000,
    "costAndExpenses": 2857510000,
    "interestIncome": 436000,
    "interestExpense": 115000,
    "depreciationAndAmortization": 17616000,
    "ebitda": 638133000,
    "ebitdaratio": 0.1834216237,
    "operatingIncome": 621540000,
    "operatingIncomeRatio": 0.1786522183,
    "totalOtherIncomeExpensesNet": -1138000,
    "incomeBeforeTax": 620402000,
    "incomeBeforeTaxRatio": 0.1783251175,
    "incomeTaxExpense": 144853000,
    "netIncome": 475549000,
    "netIncomeRatio": 0.1366893261,
    "eps": 1.83,
    "epsdiluted": 1.82,
    "weightedAverageShsOut": 258147000,
    "weightedAverageShsOutDil": 258899000,
    "link": "https://www.sec.gov/Archives/edgar/data/822416/000082241621000040/0000822416-21-000040-index.htm",
    "finalLink": "https://www.sec.gov/Archives/edgar/data/822416/000082241621000040/phm-20210930.htm"
  },
  {
    "date": "2021-06-30",
    "symbol": "PHM",
    "reportedCurrency": "USD",
    "cik": "0000822416",
    "fillingDate": "2021-07-27",
    "acceptedDate": "2021-07-27 16:36:07",
    "calendarYear": "2021",
    "period": "Q2",
    "revenue": 3359484000,
    "costOfRevenue": 2447101000,
    "grossProfit": 912383000,
    "grossProfitRatio": 0.2715842671,
    "researchAndDevelopmentExpenses": 0,
    "generalAndAdministrativeExpenses": 0,
    "sellingAndMarketingExpenses": 0,
    "sellingGeneralAndAdministrativeExpenses": 272286000,
    "otherExpenses": 4968000,
    "operatingExpenses": 277254000,
    "costAndExpenses": 2724355000,
    "interestIncome": 473000,
    "interestExpense": 138000,
    "depreciationAndAmortization": 18265000,
    "ebitda": 657876000,
    "ebitdaratio": 0.1958265019,
    "operatingIncome": 635129000,
    "operatingIncomeRatio": 0.1890555216,
    "totalOtherIncomeExpensesNet": 4344000,
    "incomeBeforeTax": 639473000,
    "incomeBeforeTaxRatio": 0.1903485773,
    "incomeTaxExpense": 136074000,
    "netIncome": 503399000,
    "netIncomeRatio": 0.1498441427,
    "eps": 1.91,
    "epsdiluted": 1.9,
    "weightedAverageShsOut": 262099000,
    "weightedAverageShsOutDil": 262747000,
    "link": "https://www.sec.gov/Archives/edgar/data/822416/000082241621000029/0000822416-21-000029-index.htm",
    "finalLink": "https://www.sec.gov/Archives/edgar/data/822416/000082241621000029/phm-20210630.htm"
  },
  {
    "date": "2021-03-31",
    "symbol": "PHM",
    "reportedCurrency": "USD",
    "cik": "0000822416",
    "fillingDate": "2021-04-27",
    "acceptedDate": "2021-04-27 16:57:16",
    "calendarYear": "2021",
    "period": "Q1",
    "revenue": 2729791000,
    "costOfRevenue": 1999945000,
    "grossProfit": 729846000,
    "grossProfitRatio": 0.2673633256,
    "researchAndDevelopmentExpenses": 0,
    "generalAndAdministrativeExpenses": 0,
    "sellingAndMarketingExpenses": 0,
    "sellingGeneralAndAdministrativeExpenses": 271686000,
    "otherExpenses": 4992000,
    "operatingExpenses": 276678000,
    "costAndExpenses": 2276623000,
    "interestIncome": 631000,
    "interestExpense": 135000,
    "depreciationAndAmortization": 17142000,
    "ebitda": 411329000,
    "ebitdaratio": 0.1506814991,
    "operatingIncome": 453168000,
    "operatingIncomeRatio": 0.1660083135,
    "totalOtherIncomeExpensesNet": -59116000,
    "incomeBeforeTax": 394052000,
    "incomeBeforeTaxRatio": 0.1443524431,
    "incomeTaxExpense": 89945000,
    "netIncome": 304107000,
    "netIncomeRatio": 0.1114030342,
    "eps": 1.14,
    "epsdiluted": 1.13,
    "weightedAverageShsOut": 265407000,
    "weightedAverageShsOutDil": 266012000,
    "link": "https://www.sec.gov/Archives/edgar/data/822416/000082241621000018/0000822416-21-000018-index.htm",
    "finalLink": "https://www.sec.gov/Archives/edgar/data/822416/000082241621000018/phm-20210331.htm"
  },
  {
    "date": "2020-12-31",
    "symbol": "PHM",
    "reportedCurrency": "USD",
    "cik": "0000822416",
    "fillingDate": "2021-02-02",
    "acceptedDate": "2021-02-02 13:12:18",
    "calendarYear": "2020",
    "period": "Q4",
    "revenue": 3192364000,
    "costOfRevenue": 2383423000,
    "grossProfit": 808941000,
    "grossProfitRatio": 0.2533987352,
    "researchAndDevelopmentExpenses": 0,
    "generalAndAdministrativeExpenses": 0,
    "sellingAndMarketingExpenses": 0,
    "sellingGeneralAndAdministrativeExpenses": 279657000,
    "otherExpenses": 5042000,
    "operatingExpenses": 284699000,
    "costAndExpenses": 2668122000,
    "interestIncome": 813000,
    "interestExpense": 226000,
    "depreciationAndAmortization": 17545000,
    "ebitda": 541521000,
    "ebitdaratio": 0.1696300923,
    "operatingIncome": 524242000,
    "operatingIncomeRatio": 0.164217489,
    "totalOtherIncomeExpensesNet": -492000,
    "incomeBeforeTax": 523750000,
    "incomeBeforeTaxRatio": 0.1640633712,
    "incomeTaxExpense": 85639000,
    "netIncome": 438111000,
    "netIncomeRatio": 0.1372371697,
    "eps": 1.62,
    "epsdiluted": 1.62,
    "weightedAverageShsOut": 267561000,
    "weightedAverageShsOutDil": 268227000,
    "link": "https://www.sec.gov/Archives/edgar/data/822416/000082241621000007/0000822416-21-000007-index.htm",
    "finalLink": "https://www.sec.gov/Archives/edgar/data/822416/000082241621000007/phm-20201231.htm"
  },
  {
    "date": "2020-09-30",
    "symbol": "PHM",
    "reportedCurrency": "USD",
    "cik": "0000822416",
    "fillingDate": "2020-10-22",
    "acceptedDate": "2020-10-22 16:15:43",
    "calendarYear": "2020",
    "period": "Q3",
    "revenue": 2954957000,
    "costOfRevenue": 2195050000,
    "grossProfit": 759907000,
    "grossProfitRatio": 0.2571634714,
    "researchAndDevelopmentExpenses": 0,
    "generalAndAdministrativeExpenses": 0,
    "sellingAndMarketingExpenses": 0,
    "sellingGeneralAndAdministrativeExpenses": 271257000,
    "otherExpenses": 5041000,
    "operatingExpenses": 276298000,
    "costAndExpenses": 2471348000,
    "interestIncome": 891000,
    "interestExpense": 225000,
    "depreciationAndAmortization": 16998000,
    "ebitda": 501390000,
    "ebitdaratio": 0.169677596,
    "operatingIncome": 483609000,
    "operatingIncomeRatio": 0.1636602495,
    "totalOtherIncomeExpensesNet": 558000,
    "incomeBeforeTax": 484167000,
    "incomeBeforeTaxRatio": 0.1638490848,
    "incomeTaxExpense": 67769000,
    "netIncome": 416398000,
    "netIncomeRatio": 0.1409150793,
    "eps": 1.54,
    "epsdiluted": 1.54,
    "weightedAverageShsOut": 268363000,
    "weightedAverageShsOutDil": 268961000,
    "link": "https://www.sec.gov/Archives/edgar/data/822416/000082241620000040/0000822416-20-000040-index.htm",
    "finalLink": "https://www.sec.gov/Archives/edgar/data/822416/000082241620000040/phm930202010-q.htm"
  },
  {
    "date": "2020-06-30",
    "symbol": "PHM",
    "reportedCurrency": "USD",
    "cik": "0000822416",
    "fillingDate": "2020-07-23",
    "acceptedDate": "2020-07-23 16:18:55",
    "calendarYear": "2020",
    "period": "Q2",
    "revenue": 2593781000,
    "costOfRevenue": 1934628000,
    "grossProfit": 659153000,
    "grossProfitRatio": 0.2541282398,
    "researchAndDevelopmentExpenses": 0,
    "generalAndAdministrativeExpenses": 0,
    "sellingAndMarketingExpenses": 0,
    "sellingGeneralAndAdministrativeExpenses": 196858000,
    "otherExpenses": 5045000,
    "operatingExpenses": 201903000,
    "costAndExpenses": 2136531000,
    "interestIncome": 1326000,
    "interestExpense": 3000000,
    "depreciationAndAmortization": 16389000,
    "ebitda": 476398000,
    "ebitdaratio": 0.1836693229,
    "operatingIncome": 457250000,
    "operatingIncomeRatio": 0.1762870497,
    "totalOtherIncomeExpensesNet": -241000,
    "incomeBeforeTax": 457009000,
    "incomeBeforeTaxRatio": 0.1761941351,
    "incomeTaxExpense": 108389000,
    "netIncome": 348620000,
    "netIncomeRatio": 0.1344061044,
    "eps": 1.29,
    "epsdiluted": 1.29,
    "weightedAverageShsOut": 268324000,
    "weightedAverageShsOutDil": 269025000,
    "link": "https://www.sec.gov/Archives/edgar/data/822416/000082241620000033/0000822416-20-000033-index.htm",
    "finalLink": "https://www.sec.gov/Archives/edgar/data/822416/000082241620000033/phm630202010-q.htm"
  },
  {
    "date": "2020-03-31",
    "symbol": "PHM",
    "reportedCurrency": "USD",
    "cik": "0000822416",
    "fillingDate": "2020-04-23",
    "acceptedDate": "2020-04-23 16:07:57",
    "calendarYear": "2020",
    "period": "Q1",
    "revenue": 2294980000,
    "costOfRevenue": 1744828000,
    "grossProfit": 550152000,
    "grossProfitRatio": 0.2397197361,
    "researchAndDevelopmentExpenses": 0,
    "generalAndAdministrativeExpenses": 0,
    "sellingAndMarketingExpenses": 0,
    "sellingGeneralAndAdministrativeExpenses": 263669000,
    "otherExpenses": 4557000,
    "operatingExpenses": 268226000,
    "costAndExpenses": 2013054000,
    "interestIncome": 3807000,
    "interestExpense": 797000,
    "depreciationAndAmortization": 15149000,
    "ebitda": 279715000,
    "ebitdaratio": 0.1218812364,
    "operatingIncome": 281926000,
    "operatingIncomeRatio": 0.1228446435,
    "totalOtherIncomeExpensesNet": -18157000,
    "incomeBeforeTax": 263769000,
    "incomeBeforeTaxRatio": 0.1149330277,
    "incomeTaxExpense": 60058000,
    "netIncome": 203711000,
    "netIncomeRatio": 0.0887637365,
    "eps": 0.75,
    "epsdiluted": 0.74,
    "weightedAverageShsOut": 270000000,
    "weightedAverageShsOutDil": 271218000,
    "link": "https://www.sec.gov/Archives/edgar/data/822416/000082241620000014/0000822416-20-000014-index.htm",
    "finalLink": "https://www.sec.gov/Archives/edgar/data/822416/000082241620000014/phm331202010-q.htm"
  },
  {
    "date": "2019-12-31",
    "symbol": "PHM",
    "reportedCurrency": "USD",
    "cik": "0000822416",
    "fillingDate": "2020-01-30",
    "acceptedDate": "2020-01-30 14:10:58",
    "calendarYear": "2019",
    "period": "Q4",
    "revenue": 3016913000,
    "costOfRevenue": 2315521000,
    "grossProfit": 701392000,
    "grossProfitRatio": 0.2324866511,
    "researchAndDevelopmentExpenses": 0,
    "generalAndAdministrativeExpenses": 0,
    "sellingAndMarketingExpenses": 0,
    "sellingGeneralAndAdministrativeExpenses": 261546000,
    "otherExpenses": 3600000,
    "operatingExpenses": 265146000,
    "costAndExpenses": 2580667000,
    "interestIncome": 3765000,
    "interestExpense": 147000,
    "depreciationAndAmortization": 13697000,
    "ebitda": 449795000,
    "ebitdaratio": 0.1490911405,
    "operatingIncome": 436246000,
    "operatingIncomeRatio": 0.144600126,
    "totalOtherIncomeExpensesNet": -295000,
    "incomeBeforeTax": 435951000,
    "incomeBeforeTaxRatio": 0.144502344,
    "incomeTaxExpense": 100153000,
    "netIncome": 335798000,
    "netIncomeRatio": 0.1113051652,
    "eps": 1.23,
    "epsdiluted": 1.22,
    "weightedAverageShsOut": 270843000,
    "weightedAverageShsOutDil": 271475000,
    "link": "https://www.sec.gov/Archives/edgar/data/822416/000082241620000007/0000822416-20-000007-index.htm",
    "finalLink": "https://www.sec.gov/Archives/edgar/data/822416/000082241620000007/a201910-k.htm"
  },
  {
    "date": "2019-09-30",
    "symbol": "PHM",
    "reportedCurrency": "USD",
    "cik": "0000822416",
    "fillingDate": "2019-10-22",
    "acceptedDate": "2019-10-22 16:01:18",
    "calendarYear": "2019",
    "period": "Q3",
    "revenue": 2710365000,
    "costOfRevenue": 2068486000,
    "grossProfit": 641879000,
    "grossProfitRatio": 0.2368238226,
    "researchAndDevelopmentExpenses": 0,
    "generalAndAdministrativeExpenses": 0,
    "sellingAndMarketingExpenses": 0,
    "sellingGeneralAndAdministrativeExpenses": 270625000,
    "otherExpenses": 3600000,
    "operatingExpenses": 274225000,
    "costAndExpenses": 2342711000,
    "interestIncome": 3554000,
    "interestExpense": 147000,
    "depreciationAndAmortization": 13805000,
    "ebitda": 380098000,
    "ebitdaratio": 0.1402386763,
    "operatingIncome": 367654000,
    "operatingIncomeRatio": 0.1356474128,
    "totalOtherIncomeExpensesNet": -1508000,
    "incomeBeforeTax": 366146000,
    "incomeBeforeTaxRatio": 0.1350910302,
    "incomeTaxExpense": 93042000,
    "netIncome": 273104000,
    "netIncomeRatio": 0.1007628124,
    "eps": 0.99,
    "epsdiluted": 0.99,
    "weightedAverageShsOut": 272992000,
    "weightedAverageShsOutDil": 273632000,
    "link": "https://www.sec.gov/Archives/edgar/data/822416/000082241619000048/0000822416-19-000048-index.htm",
    "finalLink": "https://www.sec.gov/Archives/edgar/data/822416/000082241619000048/phm930201910-q.htm"
  },
  {
    "date": "2019-06-30",
    "symbol": "PHM",
    "reportedCurrency": "USD",
    "cik": "0000822416",
    "fillingDate": "2019-07-23",
    "acceptedDate": "2019-07-23 15:59:23",
    "calendarYear": "2019",
    "period": "Q2",
    "revenue": 2488985000,
    "costOfRevenue": 1905270000,
    "grossProfit": 583715000,
    "grossProfitRatio": 0.234519292,
    "researchAndDevelopmentExpenses": 0,
    "generalAndAdministrativeExpenses": 0,
    "sellingAndMarketingExpenses": 0,
    "sellingGeneralAndAdministrativeExpenses": 259440000,
    "otherExpenses": 3550000,
    "operatingExpenses": 262990000,
    "costAndExpenses": 2168260000,
    "interestIncome": 4471000,
    "interestExpense": 146000,
    "depreciationAndAmortization": 13287000,
    "ebitda": 334209000,
    "ebitdaratio": 0.1342752166,
    "operatingIncome": 320725000,
    "operatingIncomeRatio": 0.1288577472,
    "totalOtherIncomeExpensesNet": 51000,
    "incomeBeforeTax": 320776000,
    "incomeBeforeTaxRatio": 0.1288782375,
    "incomeTaxExpense": 79735000,
    "netIncome": 241041000,
    "netIncomeRatio": 0.0968430907,
    "eps": 0.86,
    "epsdiluted": 0.86,
    "weightedAverageShsOut": 276652000,
    "weightedAverageShsOutDil": 277584000,
    "link": "https://www.sec.gov/Archives/edgar/data/822416/000082241619000036/0000822416-19-000036-index.htm",
    "finalLink": "https://www.sec.gov/Archives/edgar/data/822416/000082241619000036/phm630201910-q.htm"
  },
  {
    "date": "2019-03-31",
    "symbol": "PHM",
    "reportedCurrency": "USD",
    "cik": "0000822416",
    "fillingDate": "2019-04-23",
    "acceptedDate": "2019-04-23 16:22:09",
    "calendarYear": "2019",
    "period": "Q1",
    "revenue": 1996693000,
    "costOfRevenue": 1526290000,
    "grossProfit": 470403000,
    "grossProfitRatio": 0.2355910498,
    "researchAndDevelopmentExpenses": 0,
    "generalAndAdministrativeExpenses": 0,
    "sellingAndMarketingExpenses": 0,
    "sellingGeneralAndAdministrativeExpenses": 252727000,
    "otherExpenses": 3450000,
    "operatingExpenses": 256177000,
    "costAndExpenses": 1782467000,
    "interestIncome": 4949000,
    "interestExpense": 144000,
    "depreciationAndAmortization": 13210000,
    "ebitda": 230057000,
    "ebitdaratio": 0.1152190146,
    "operatingIncome": 214226000,
    "operatingIncomeRatio": 0.1072904047,
    "totalOtherIncomeExpensesNet": 2477000,
    "incomeBeforeTax": 216703000,
    "incomeBeforeTaxRatio": 0.1085309559,
    "incomeTaxExpense": 49946000,
    "netIncome": 166757000,
    "netIncomeRatio": 0.0835165947,
    "eps": 0.59,
    "epsdiluted": 0.59,
    "weightedAverageShsOut": 277637000,
    "weightedAverageShsOutDil": 278640000,
    "link": "https://www.sec.gov/Archives/edgar/data/822416/000082241619000018/0000822416-19-000018-index.htm",
    "finalLink": "https://www.sec.gov/Archives/edgar/data/822416/000082241619000018/phm331201910-q.htm"
  },
  {
    "date": "2018-12-31",
    "symbol": "PHM",
    "reportedCurrency": "USD",
    "cik": "0000822416",
    "fillingDate": "2019-01-31",
    "acceptedDate": "2019-01-31 12:21:40",
    "calendarYear": "2018",
    "period": "Q4",
    "revenue": 2999150000,
    "costOfRevenue": 2370246000,
    "grossProfit": 628904000,
    "grossProfitRatio": 0.20969408,
    "researchAndDevelopmentExpenses": 0,
    "generalAndAdministrativeExpenses": 0,
    "sellingAndMarketingExpenses": 0,
    "sellingGeneralAndAdministrativeExpenses": 292317000,
    "otherExpenses": 3450000,
    "operatingExpenses": 295767000,
    "costAndExpenses": 2666013000,
    "interestIncome": 4353000,
    "interestExpense": 158000,
    "depreciationAndAmortization": 12712000,
    "ebitda": 342361000,
    "ebitdaratio": 0.1141526766,
    "operatingIncome": 333137000,
    "operatingIncomeRatio": 0.1110771385,
    "totalOtherIncomeExpensesNet": -3646000,
    "incomeBeforeTax": 329491000,
    "incomeBeforeTaxRatio": 0.1098614607,
    "incomeTaxExpense": 91842000,
    "netIncome": 237649000,
    "netIncomeRatio": 0.0792387843,
    "eps": 0.84,
    "epsdiluted": 0.84,
    "weightedAverageShsOut": 278964000,
    "weightedAverageShsOutDil": 280212000,
    "link": "https://www.sec.gov/Archives/edgar/data/822416/000082241619000008/0000822416-19-000008-index.htm",
    "finalLink": "https://www.sec.gov/Archives/edgar/data/822416/000082241619000008/a201810-k.htm"
  },
  {
    "date": "2018-09-30",
    "symbol": "PHM",
    "reportedCurrency": "USD",
    "cik": "0000822416",
    "fillingDate": "2018-10-23",
    "acceptedDate": "2018-10-23 16:18:27",
    "calendarYear": "2018",
    "period": "Q3",
    "revenue": 2649366000,
    "costOfRevenue": 2008433000,
    "grossProfit": 640933000,
    "grossProfitRatio": 0.2419193875,
    "researchAndDevelopmentExpenses": 0,
    "generalAndAdministrativeExpenses": 0,
    "sellingAndMarketingExpenses": 0,
    "sellingGeneralAndAdministrativeExpenses": 252757000,
    "otherExpenses": 3450000,
    "operatingExpenses": 256207000,
    "costAndExpenses": 2264640000,
    "interestIncome": 1842000,
    "interestExpense": 152000,
    "depreciationAndAmortization": 12556000,
    "ebitda": 397396000,
    "ebitdaratio": 0.1499966407,
    "operatingIncome": 384726000,
    "operatingIncomeRatio": 0.1452143645,
    "totalOtherIncomeExpensesNet": -38000,
    "incomeBeforeTax": 384688000,
    "incomeBeforeTaxRatio": 0.1452000214,
    "incomeTaxExpense": 95153000,
    "netIncome": 289535000,
    "netIncomeRatio": 0.1092846364,
    "eps": 1.01,
    "epsdiluted": 1.01,
    "weightedAverageShsOut": 283489000,
    "weightedAverageShsOutDil": 284672000,
    "link": "https://www.sec.gov/Archives/edgar/data/822416/000082241618000053/0000822416-18-000053-index.htm",
    "finalLink": "https://www.sec.gov/Archives/edgar/data/822416/000082241618000053/phm930201810-q.htm"
  },
  {
    "date": "2018-06-30",
    "symbol": "PHM",
    "reportedCurrency": "USD",
    "cik": "0000822416",
    "fillingDate": "2018-07-26",
    "acceptedDate": "2018-07-26 16:18:22",
    "calendarYear": "2018",
    "period": "Q2",
    "revenue": 2569722000,
    "costOfRevenue": 1932540000,
    "grossProfit": 637182000,
    "grossProfitRatio": 0.2479575612,
    "researchAndDevelopmentExpenses": 0,
    "generalAndAdministrativeExpenses": 0,
    "sellingAndMarketingExpenses": 0,
    "sellingGeneralAndAdministrativeExpenses": 226056000,
    "otherExpenses": 3450000,
    "operatingExpenses": 229506000,
    "costAndExpenses": 2162046000,
    "interestIncome": 835000,
    "interestExpense": 165000,
    "depreciationAndAmortization": 12271000,
    "ebitda": 421606000,
    "ebitdaratio": 0.1640667745,
    "operatingIncome": 407676000,
    "operatingIncomeRatio": 0.1586459547,
    "totalOtherIncomeExpensesNet": 1494000,
    "incomeBeforeTax": 409170000,
    "incomeBeforeTaxRatio": 0.1592273405,
    "incomeTaxExpense": 85081000,
    "netIncome": 324089000,
    "netIncomeRatio": 0.1261183116,
    "eps": 1.12,
    "epsdiluted": 1.12,
    "weightedAverageShsOut": 285276000,
    "weightedAverageShsOutDil": 286654000,
    "link": "https://www.sec.gov/Archives/edgar/data/822416/000082241618000037/0000822416-18-000037-index.htm",
    "finalLink": "https://www.sec.gov/Archives/edgar/data/822416/000082241618000037/phm630201810-q.htm"
  },
  {
    "date": "2018-03-31",
    "symbol": "PHM",
    "reportedCurrency": "USD",
    "cik": "0000822416",
    "fillingDate": "2018-04-24",
    "acceptedDate": "2018-04-24 10:23:04",
    "calendarYear": "2018",
    "period": "Q1",
    "revenue": 1970093000,
    "costOfRevenue": 1503701000,
    "grossProfit": 466392000,
    "grossProfitRatio": 0.2367360323,
    "researchAndDevelopmentExpenses": 0,
    "generalAndAdministrativeExpenses": 0,
    "sellingAndMarketingExpenses": 0,
    "sellingGeneralAndAdministrativeExpenses": 240893000,
    "otherExpenses": 3450000,
    "operatingExpenses": 244343000,
    "costAndExpenses": 1748044000,
    "interestIncome": 564000,
    "interestExpense": 143000,
    "depreciationAndAmortization": 11890000,
    "ebitda": 236224000,
    "ebitdaratio": 0.1199049994,
    "operatingIncome": 222049000,
    "operatingIncomeRatio": 0.1127099076,
    "totalOtherIncomeExpensesNet": 2142000,
    "incomeBeforeTax": 224191000,
    "incomeBeforeTaxRatio": 0.1137971659,
    "incomeTaxExpense": 53440000,
    "netIncome": 170751000,
    "netIncomeRatio": 0.0866715429,
    "eps": 0.59,
    "epsdiluted": 0.59,
    "weightedAverageShsOut": 286683000,
    "weightedAverageShsOutDil": 288026000,
    "link": "https://www.sec.gov/Archives/edgar/data/822416/000082241618000019/0000822416-18-000019-index.htm",
    "finalLink": "https://www.sec.gov/Archives/edgar/data/822416/000082241618000019/phm331201810-q.htm"
  },
  {
    "date": "2017-12-31",
    "symbol": "PHM",
    "reportedCurrency": "USD",
    "cik": "0000822416",
    "fillingDate": "2018-02-07",
    "acceptedDate": "2018-02-07 17:06:48",
    "calendarYear": "2017",
    "period": "Q4",
    "revenue": 2793556000,
    "costOfRevenue": 2180569000,
    "grossProfit": 612987000,
    "grossProfitRatio": 0.2194289286,
    "researchAndDevelopmentExpenses": 0,
    "generalAndAdministrativeExpenses": 0,
    "sellingAndMarketingExpenses": 0,
    "sellingGeneralAndAdministrativeExpenses": 201607000,
    "otherExpenses": 3450000,
    "operatingExpenses": 205057000,
    "costAndExpenses": 2385626000,
    "interestIncome": 620000,
    "interestExpense": 132000,
    "depreciationAndAmortization": 12309000,
    "ebitda": 421207000,
    "ebitdaratio": 0.1507780764,
    "operatingIncome": 407930000,
    "operatingIncomeRatio": 0.1460253526,
    "totalOtherIncomeExpensesNet": 836000,
    "incomeBeforeTax": 408767000,
    "incomeBeforeTaxRatio": 0.1463249708,
    "incomeTaxExpense": 331352000,
    "netIncome": 77415000,
    "netIncomeRatio": 0.0277119915,
    "eps": 0.26,
    "epsdiluted": 0.26,
    "weightedAverageShsOut": 292174000,
    "weightedAverageShsOutDil": 293492000,
    "link": "https://www.sec.gov/Archives/edgar/data/822416/000082241618000009/0000822416-18-000009-index.htm",
    "finalLink": "https://www.sec.gov/Archives/edgar/data/822416/000082241618000009/a201710-k.htm"
  },
  {
    "date": "2017-09-30",
    "symbol": "PHM",
    "reportedCurrency": "USD",
    "cik": "0000822416",
    "fillingDate": "2017-10-24",
    "acceptedDate": "2017-10-24 10:56:27",
    "calendarYear": "2017",
    "period": "Q3",
    "revenue": 2131058000,
    "costOfRevenue": 1619032000,
    "grossProfit": 512026000,
    "grossProfitRatio": 0.2402684488,
    "researchAndDevelopmentExpenses": 0,
    "generalAndAdministrativeExpenses": 0,
    "sellingAndMarketingExpenses": 0,
    "sellingGeneralAndAdministrativeExpenses": 237495000,
    "otherExpenses": 3450000,
    "operatingExpenses": 240945000,
    "costAndExpenses": 1859977000,
    "interestIncome": 485000,
    "interestExpense": 101000,
    "depreciationAndAmortization": 12666000,
    "ebitda": 281016000,
    "ebitdaratio": 0.1318668943,
    "operatingIncome": 271081000,
    "operatingIncomeRatio": 0.1272048907,
    "totalOtherIncomeExpensesNet": -2832000,
    "incomeBeforeTax": 268249000,
    "incomeBeforeTaxRatio": 0.1258759733,
    "incomeTaxExpense": 90710000,
    "netIncome": 177539000,
    "netIncomeRatio": 0.0833102619,
    "eps": 0.59,
    "epsdiluted": 0.58,
    "weightedAverageShsOut": 298538000,
    "weightedAverageShsOutDil": 300228000,
    "link": "https://www.sec.gov/Archives/edgar/data/822416/000082241617000049/0000822416-17-000049-index.htm",
    "finalLink": "https://www.sec.gov/Archives/edgar/data/822416/000082241617000049/phm930201710-q.htm"
  },
  {
    "date": "2017-06-30",
    "symbol": "PHM",
    "reportedCurrency": "USD",
    "cik": "0000822416",
    "fillingDate": "2017-07-25",
    "acceptedDate": "2017-07-25 10:00:39",
    "calendarYear": "2017",
    "period": "Q2",
    "revenue": 2021860000,
    "costOfRevenue": 1666014000,
    "grossProfit": 355846000,
    "grossProfitRatio": 0.1759993274,
    "researchAndDevelopmentExpenses": 0,
    "generalAndAdministrativeExpenses": 0,
    "sellingAndMarketingExpenses": 0,
    "sellingGeneralAndAdministrativeExpenses": 216211000,
    "otherExpenses": 3450000,
    "operatingExpenses": 219661000,
    "costAndExpenses": 1885675000,
    "interestIncome": 599000,
    "interestExpense": 134000,
    "depreciationAndAmortization": 12814000,
    "ebitda": 135495000,
    "ebitdaratio": 0.0670150258,
    "operatingIncome": 136185000,
    "operatingIncomeRatio": 0.0673562957,
    "totalOtherIncomeExpensesNet": -13638000,
    "incomeBeforeTax": 122547000,
    "incomeBeforeTaxRatio": 0.0606110215,
    "incomeTaxExpense": 21798000,
    "netIncome": 100749000,
    "netIncomeRatio": 0.0498298596,
    "eps": 0.32,
    "epsdiluted": 0.32,
    "weightedAverageShsOut": 312315000,
    "weightedAverageShsOutDil": 313880000,
    "link": "https://www.sec.gov/Archives/edgar/data/822416/000082241617000036/0000822416-17-000036-index.htm",
    "finalLink": "https://www.sec.gov/Archives/edgar/data/822416/000082241617000036/phm630201710-q.htm"
  },
  {
    "date": "2017-03-31",
    "symbol": "PHM",
    "reportedCurrency": "USD",
    "cik": "0000822416",
    "fillingDate": "2017-04-25",
    "acceptedDate": "2017-04-25 09:50:24",
    "calendarYear": "2017",
    "period": "Q1",
    "revenue": 1629878000,
    "costOfRevenue": 1249273000,
    "grossProfit": 380605000,
    "grossProfitRatio": 0.233517478,
    "researchAndDevelopmentExpenses": 0,
    "generalAndAdministrativeExpenses": 0,
    "sellingAndMarketingExpenses": 0,
    "sellingGeneralAndAdministrativeExpenses": 236268000,
    "otherExpenses": 3450000,
    "operatingExpenses": 239718000,
    "costAndExpenses": 1488991000,
    "interestIncome": 833000,
    "interestExpense": 137000,
    "depreciationAndAmortization": 13209000,
    "ebitda": 152611000,
    "ebitdaratio": 0.0936333885,
    "operatingIncome": 140887000,
    "operatingIncomeRatio": 0.0864402121,
    "totalOtherIncomeExpensesNet": -1622000,
    "incomeBeforeTax": 139265000,
    "incomeBeforeTaxRatio": 0.0854450456,
    "incomeTaxExpense": 47747000,
    "netIncome": 91518000,
    "netIncomeRatio": 0.0561502149,
    "eps": 0.29,
    "epsdiluted": 0.28,
    "weightedAverageShsOut": 317756000,
    "weightedAverageShsOutDil": 320085000,
    "link": "https://www.sec.gov/Archives/edgar/data/822416/000082241617000021/0000822416-17-000021-index.htm",
    "finalLink": "https://www.sec.gov/Archives/edgar/data/822416/000082241617000021/phm331201710-q.htm"
  },
  {
    "date": "2016-12-31",
    "symbol": "PHM",
    "reportedCurrency": "USD",
    "cik": "0000822416",
    "fillingDate": "2017-02-01",
    "acceptedDate": "2017-02-01 12:35:36",
    "calendarYear": "2016",
    "period": "Q4",
    "revenue": 2493079000,
    "costOfRevenue": 1682150000,
    "grossProfit": 810929000,
    "grossProfitRatio": 0.3252720832,
    "researchAndDevelopmentExpenses": 0,
    "generalAndAdministrativeExpenses": 0,
    "sellingAndMarketingExpenses": 0,
    "sellingGeneralAndAdministrativeExpenses": 390795000,
    "otherExpenses": 3450000,
    "operatingExpenses": 394245000,
    "costAndExpenses": 2076395000,
    "interestIncome": 577000,
    "interestExpense": 160000,
    "depreciationAndAmortization": 13789000,
    "ebitda": 427671000,
    "ebitdaratio": 0.1715433005,
    "operatingIncome": 416684000,
    "operatingIncomeRatio": 0.1671363001,
    "totalOtherIncomeExpensesNet": -2962000,
    "incomeBeforeTax": 413721000,
    "incomeBeforeTaxRatio": 0.1659478099,
    "incomeTaxExpense": 140549000,
    "netIncome": 273172000,
    "netIncomeRatio": 0.1095721395,
    "eps": 0.83,
    "epsdiluted": 0.83,
    "weightedAverageShsOut": 325975000,
    "weightedAverageShsOutDil": 327809000,
    "link": "https://www.sec.gov/Archives/edgar/data/822416/000082241617000008/0000822416-17-000008-index.htm",
    "finalLink": "https://www.sec.gov/Archives/edgar/data/822416/000082241617000008/a201610-k.htm"
  },
  {
    "date": "2016-09-30",
    "symbol": "PHM",
    "reportedCurrency": "USD",
    "cik": "0000822416",
    "fillingDate": "2016-10-20",
    "acceptedDate": "2016-10-20 09:48:30",
    "calendarYear": "2016",
    "period": "Q3",
    "revenue": 1942905000,
    "costOfRevenue": 1456039000,
    "grossProfit": 486866000,
    "grossProfitRatio": 0.2505866216,
    "researchAndDevelopmentExpenses": 0,
    "generalAndAdministrativeExpenses": 0,
    "sellingAndMarketingExpenses": 0,
    "sellingGeneralAndAdministrativeExpenses": 250914000,
    "otherExpenses": 3450000,
    "operatingExpenses": 254364000,
    "costAndExpenses": 1710403000,
    "interestIncome": 887000,
    "interestExpense": 165000,
    "depreciationAndAmortization": 13513000,
    "ebitda": 226013000,
    "ebitdaratio": 0.1163273552,
    "operatingIncome": 232502000,
    "operatingIncomeRatio": 0.1196671994,
    "totalOtherIncomeExpensesNet": -20167000,
    "incomeBeforeTax": 212335000,
    "incomeBeforeTaxRatio": 0.1092873815,
    "incomeTaxExpense": 83865000,
    "netIncome": 128470000,
    "netIncomeRatio": 0.0661226359,
    "eps": 0.37,
    "epsdiluted": 0.37,
    "weightedAverageShsOut": 340171000,
    "weightedAverageShsOutDil": 342421000,
    "link": "https://www.sec.gov/Archives/edgar/data/822416/000082241616000097/0000822416-16-000097-index.htm",
    "finalLink": "https://www.sec.gov/Archives/edgar/data/822416/000082241616000097/phm0930201610-q.htm"
  },
  {
    "date": "2016-06-30",
    "symbol": "PHM",
    "reportedCurrency": "USD",
    "cik": "0000822416",
    "fillingDate": "2016-07-21",
    "acceptedDate": "2016-07-21 10:29:30",
    "calendarYear": "2016",
    "period": "Q2",
    "revenue": 1799914000,
    "costOfRevenue": 1341152000,
    "grossProfit": 458762000,
    "grossProfitRatio": 0.2548799554,
    "researchAndDevelopmentExpenses": 0,
    "generalAndAdministrativeExpenses": 0,
    "sellingAndMarketingExpenses": 0,
    "sellingGeneralAndAdministrativeExpenses": 256273000,
    "otherExpenses": 3450000,
    "operatingExpenses": 259723000,
    "costAndExpenses": 1600875000,
    "interestIncome": 849000,
    "interestExpense": 186000,
    "depreciationAndAmortization": 13592000,
    "ebitda": 203358000,
    "ebitdaratio": 0.1129820647,
    "operatingIncome": 199039000,
    "operatingIncomeRatio": 0.1105825056,
    "totalOtherIncomeExpensesNet": -9459000,
    "incomeBeforeTax": 189580000,
    "incomeBeforeTaxRatio": 0.1053272545,
    "incomeTaxExpense": 71820000,
    "netIncome": 117760000,
    "netIncomeRatio": 0.0654253481,
    "eps": 0.34,
    "epsdiluted": 0.34,
    "weightedAverageShsOut": 345240000,
    "weightedAverageShsOutDil": 347999000,
    "link": "https://www.sec.gov/Archives/edgar/data/822416/000082241616000085/0000822416-16-000085-index.htm",
    "finalLink": "https://www.sec.gov/Archives/edgar/data/822416/000082241616000085/phm0630201610-q.htm"
  },
  {
    "date": "2016-03-31",
    "symbol": "PHM",
    "reportedCurrency": "USD",
    "cik": "0000822416",
    "fillingDate": "2016-04-21",
    "acceptedDate": "2016-04-21 10:02:10",
    "calendarYear": "2016",
    "period": "Q1",
    "revenue": 1432578000,
    "costOfRevenue": 1066175000,
    "grossProfit": 366403000,
    "grossProfitRatio": 0.2557647821,
    "researchAndDevelopmentExpenses": 0,
    "generalAndAdministrativeExpenses": 0,
    "sellingAndMarketingExpenses": 0,
    "sellingGeneralAndAdministrativeExpenses": 242316000,
    "otherExpenses": 3450000,
    "operatingExpenses": 245766000,
    "costAndExpenses": 1311941000,
    "interestIncome": 923000,
    "interestExpense": 174000,
    "depreciationAndAmortization": 13113000,
    "ebitda": 131500000,
    "ebitdaratio": 0.0917925586,
    "operatingIncome": 120637000,
    "operatingIncomeRatio": 0.0842097254,
    "totalOtherIncomeExpensesNet": -2424000,
    "incomeBeforeTax": 118213000,
    "incomeBeforeTaxRatio": 0.0825176709,
    "incomeTaxExpense": 34913000,
    "netIncome": 83300000,
    "netIncomeRatio": 0.0581469211,
    "eps": 0.24,
    "epsdiluted": 0.24,
    "weightedAverageShsOut": 347815000,
    "weightedAverageShsOutDil": 350477000,
    "link": "https://www.sec.gov/Archives/edgar/data/822416/000082241616000061/0000822416-16-000061-index.htm",
    "finalLink": "https://www.sec.gov/Archives/edgar/data/822416/000082241616000061/phm0331201610-q.htm"
  },
  {
    "date": "2015-12-31",
    "symbol": "PHM",
    "reportedCurrency": "USD",
    "cik": "0000822416",
    "fillingDate": "2016-02-08",
    "acceptedDate": "2016-02-08 17:15:21",
    "calendarYear": "2015",
    "period": "Q4",
    "revenue": 2061628000,
    "costOfRevenue": 1555598000,
    "grossProfit": 506030000,
    "grossProfitRatio": 0.2454516528,
    "researchAndDevelopmentExpenses": 0,
    "generalAndAdministrativeExpenses": 0,
    "sellingAndMarketingExpenses": 0,
    "sellingGeneralAndAdministrativeExpenses": 138987000,
    "otherExpenses": 3225000,
    "operatingExpenses": 142212000,
    "costAndExpenses": 1697810000,
    "interestIncome": 649000,
    "interestExpense": 190000,
    "depreciationAndAmortization": 12503000,
    "ebitda": 386011000,
    "ebitdaratio": 0.1872360096,
    "operatingIncome": 363818000,
    "operatingIncomeRatio": 0.176471216,
    "totalOtherIncomeExpensesNet": 9500000,
    "incomeBeforeTax": 373315000,
    "incomeBeforeTaxRatio": 0.1810777696,
    "incomeTaxExpense": 145288000,
    "netIncome": 228027000,
    "netIncomeRatio": 0.110605308,
    "eps": 0.65,
    "epsdiluted": 0.64,
    "weightedAverageShsOut": 348699000,
    "weightedAverageShsOutDil": 351746000,
    "link": "https://www.sec.gov/Archives/edgar/data/822416/000082241616000048/0000822416-16-000048-index.htm",
    "finalLink": "https://www.sec.gov/Archives/edgar/data/822416/000082241616000048/a201510-k.htm"
  },
  {
    "date": "2015-09-30",
    "symbol": "PHM",
    "reportedCurrency": "USD",
    "cik": "0000822416",
    "fillingDate": "2015-10-22",
    "acceptedDate": "2015-10-22 10:56:32",
    "calendarYear": "2015",
    "period": "Q3",
    "revenue": 1506747000,
    "costOfRevenue": 1146777000,
    "grossProfit": 359970000,
    "grossProfitRatio": 0.2389054035,
    "researchAndDevelopmentExpenses": 0,
    "generalAndAdministrativeExpenses": 0,
    "sellingAndMarketingExpenses": 0,
    "sellingGeneralAndAdministrativeExpenses": 159361000,
    "otherExpenses": 3225000,
    "operatingExpenses": 162586000,
    "costAndExpenses": 1309363000,
    "interestIncome": 504000,
    "interestExpense": 203000,
    "depreciationAndAmortization": 11866000,
    "ebitda": 191345000,
    "ebitdaratio": 0.1269921228,
    "operatingIncome": 197384000,
    "operatingIncomeRatio": 0.1310000949,
    "totalOtherIncomeExpensesNet": -18108000,
    "incomeBeforeTax": 179276000,
    "incomeBeforeTaxRatio": 0.1189821516,
    "incomeTaxExpense": 71507000,
    "netIncome": 107769000,
    "netIncomeRatio": 0.0715242838,
    "eps": 0.31,
    "epsdiluted": 0.3,
    "weightedAverageShsOut": 350147000,
    "weightedAverageShsOutDil": 353372000,
    "link": "https://www.sec.gov/Archives/edgar/data/822416/000082241615000033/0000822416-15-000033-index.htm",
    "finalLink": "https://www.sec.gov/Archives/edgar/data/822416/000082241615000033/phm0930201510-q.htm"
  },
  {
    "date": "2015-06-30",
    "symbol": "PHM",
    "reportedCurrency": "USD",
    "cik": "0000822416",
    "fillingDate": "2015-07-23",
    "acceptedDate": "2015-07-23 09:57:07",
    "calendarYear": "2015",
    "period": "Q2",
    "revenue": 1280291000,
    "costOfRevenue": 979359000,
    "grossProfit": 300932000,
    "grossProfitRatio": 0.2350496879,
    "researchAndDevelopmentExpenses": 0,
    "generalAndAdministrativeExpenses": 0,
    "sellingAndMarketingExpenses": 0,
    "sellingGeneralAndAdministrativeExpenses": 130119000,
    "otherExpenses": 3225000,
    "operatingExpenses": 133344000,
    "costAndExpenses": 1112703000,
    "interestIncome": 856000,
    "interestExpense": 208000,
    "depreciationAndAmortization": 10791000,
    "ebitda": 178626000,
    "ebitdaratio": 0.1395198435,
    "operatingIncome": 167588000,
    "operatingIncomeRatio": 0.1308983661,
    "totalOtherIncomeExpensesNet": 39000,
    "incomeBeforeTax": 167627000,
    "incomeBeforeTaxRatio": 0.1309288279,
    "incomeTaxExpense": 64303000,
    "netIncome": 103324000,
    "netIncomeRatio": 0.0807035276,
    "eps": 0.28,
    "epsdiluted": 0.28,
    "weightedAverageShsOut": 361009000,
    "weightedAverageShsOutDil": 364241000,
    "link": "https://www.sec.gov/Archives/edgar/data/822416/000082241615000024/0000822416-15-000024-index.htm",
    "finalLink": "https://www.sec.gov/Archives/edgar/data/822416/000082241615000024/phm0630201510-q.htm"
  },
  {
    "date": "2015-03-31",
    "symbol": "PHM",
    "reportedCurrency": "USD",
    "cik": "0000822416",
    "fillingDate": "2015-04-23",
    "acceptedDate": "2015-04-23 09:59:26",
    "calendarYear": "2015",
    "period": "Q1",
    "revenue": 1133298000,
    "costOfRevenue": 877064000,
    "grossProfit": 256234000,
    "grossProfitRatio": 0.2260958724,
    "researchAndDevelopmentExpenses": 0,
    "generalAndAdministrativeExpenses": 0,
    "sellingAndMarketingExpenses": 0,
    "sellingGeneralAndAdministrativeExpenses": 161312000,
    "otherExpenses": 3225000,
    "operatingExpenses": 164537000,
    "costAndExpenses": 1041601000,
    "interestIncome": 1099000,
    "interestExpense": 187000,
    "depreciationAndAmortization": 11062000,
    "ebitda": 107054000,
    "ebitdaratio": 0.0944623568,
    "operatingIncome": 91697000,
    "operatingIncomeRatio": 0.0809116402,
    "totalOtherIncomeExpensesNet": 4108000,
    "incomeBeforeTax": 95805000,
    "incomeBeforeTaxRatio": 0.0845364591,
    "incomeTaxExpense": 40834000,
    "netIncome": 54971000,
    "netIncomeRatio": 0.0485053358,
    "eps": 0.15,
    "epsdiluted": 0.15,
    "weightedAverageShsOut": 366748000,
    "weightedAverageShsOutDil": 370110000,
    "link": "https://www.sec.gov/Archives/edgar/data/822416/000082241615000013/0000822416-15-000013-index.htm",
    "finalLink": "https://www.sec.gov/Archives/edgar/data/822416/000082241615000013/phm0331201510-q.htm"
  },
  {
    "date": "2014-12-31",
    "symbol": "PHM",
    "reportedCurrency": "USD",
    "cik": "0000822416",
    "fillingDate": "2015-02-04",
    "acceptedDate": "2015-02-04 11:43:07",
    "calendarYear": "2014",
    "period": "Q4",
    "revenue": 1822558000,
    "costOfRevenue": 1398131000,
    "grossProfit": 424427000,
    "grossProfitRatio": 0.2328743447,
    "researchAndDevelopmentExpenses": 0,
    "generalAndAdministrativeExpenses": 0,
    "sellingAndMarketingExpenses": 0,
    "sellingGeneralAndAdministrativeExpenses": 146024000,
    "otherExpenses": 3225000,
    "operatingExpenses": 149249000,
    "costAndExpenses": 1547380000,
    "interestIncome": 1200000,
    "interestExpense": 224000,
    "depreciationAndAmortization": 11000000,
    "ebitda": 278345000,
    "ebitdaratio": 0.152722163,
    "operatingIncome": 275178000,
    "operatingIncomeRatio": 0.1509844954,
    "totalOtherIncomeExpensesNet": -8057000,
    "incomeBeforeTax": 267120000,
    "incomeBeforeTaxRatio": 0.1465632369,
    "incomeTaxExpense": 50025000,
    "netIncome": 217095000,
    "netIncomeRatio": 0.1191155508,
    "eps": 0.58,
    "epsdiluted": 0.58,
    "weightedAverageShsOut": 369533000,
    "weightedAverageShsOutDil": 373267000,
    "link": "https://www.sec.gov/Archives/edgar/data/822416/000082241615000007/0000822416-15-000007-index.htm",
    "finalLink": "https://www.sec.gov/Archives/edgar/data/822416/000082241615000007/a201410-k.htm"
  },
  {
    "date": "2014-09-30",
    "symbol": "PHM",
    "reportedCurrency": "USD",
    "cik": "0000822416",
    "fillingDate": "2014-10-23",
    "acceptedDate": "2014-10-23 09:50:33",
    "calendarYear": "2014",
    "period": "Q3",
    "revenue": 1594725000,
    "costOfRevenue": 1221531000,
    "grossProfit": 373194000,
    "grossProfitRatio": 0.2340177774,
    "researchAndDevelopmentExpenses": 0,
    "generalAndAdministrativeExpenses": 0,
    "sellingAndMarketingExpenses": 0,
    "sellingGeneralAndAdministrativeExpenses": 147136000,
    "otherExpenses": 3258000,
    "operatingExpenses": 150394000,
    "costAndExpenses": 1371925000,
    "interestIncome": 1205000,
    "interestExpense": 210000,
    "depreciationAndAmortization": 9960000,
    "ebitda": 235098000,
    "ebitdaratio": 0.1474222828,
    "operatingIncome": 222800000,
    "operatingIncomeRatio": 0.1397106084,
    "totalOtherIncomeExpensesNet": 2128000,
    "incomeBeforeTax": 224928000,
    "incomeBeforeTaxRatio": 0.1410450078,
    "incomeTaxExpense": 84383000,
    "netIncome": 140545000,
    "netIncomeRatio": 0.0881311825,
    "eps": 0.37,
    "epsdiluted": 0.37,
    "weightedAverageShsOut": 373531000,
    "weightedAverageShsOutDil": 377292000,
    "link": "https://www.sec.gov/Archives/edgar/data/822416/000082241614000041/0000822416-14-000041-index.htm",
    "finalLink": "https://www.sec.gov/Archives/edgar/data/822416/000082241614000041/phm0930201410-q.htm"
  },
  {
    "date": "2014-06-30",
    "symbol": "PHM",
    "reportedCurrency": "USD",
    "cik": "0000822416",
    "fillingDate": "2014-07-24",
    "acceptedDate": "2014-07-24 09:53:57",
    "calendarYear": "2014",
    "period": "Q2",
    "revenue": 1286187000,
    "costOfRevenue": 981638000,
    "grossProfit": 304549000,
    "grossProfitRatio": 0.2367843867,
    "researchAndDevelopmentExpenses": 0,
    "generalAndAdministrativeExpenses": 0,
    "sellingAndMarketingExpenses": 0,
    "sellingGeneralAndAdministrativeExpenses": 229767000,
    "otherExpenses": 3275000,
    "operatingExpenses": 233042000,
    "costAndExpenses": 1214680000,
    "interestIncome": 1115000,
    "interestExpense": 203000,
    "depreciationAndAmortization": 13234000,
    "ebitda": 77846000,
    "ebitdaratio": 0.060524636,
    "operatingIncome": 71507000,
    "operatingIncomeRatio": 0.0555961147,
    "totalOtherIncomeExpensesNet": -3826000,
    "incomeBeforeTax": 67681000,
    "incomeBeforeTaxRatio": 0.0526214306,
    "incomeTaxExpense": 25801000,
    "netIncome": 41880000,
    "netIncomeRatio": 0.0325613616,
    "eps": 0.11,
    "epsdiluted": 0.11,
    "weightedAverageShsOut": 376072000,
    "weightedAverageShsOutDil": 379664000,
    "link": "https://www.sec.gov/Archives/edgar/data/822416/000082241614000033/0000822416-14-000033-index.htm",
    "finalLink": "https://www.sec.gov/Archives/edgar/data/822416/000082241614000033/phm0630201410-q.htm"
  },
  {
    "date": "2014-03-31",
    "symbol": "PHM",
    "reportedCurrency": "USD",
    "cik": "0000822416",
    "fillingDate": "2014-04-24",
    "acceptedDate": "2014-04-24 10:19:49",
    "calendarYear": "2014",
    "period": "Q1",
    "revenue": 1118894000,
    "costOfRevenue": 836936000,
    "grossProfit": 281958000,
    "grossProfitRatio": 0.2519970614,
    "researchAndDevelopmentExpenses": 0,
    "generalAndAdministrativeExpenses": 0,
    "sellingAndMarketingExpenses": 0,
    "sellingGeneralAndAdministrativeExpenses": 144887000,
    "otherExpenses": 3275000,
    "operatingExpenses": 148162000,
    "costAndExpenses": 985098000,
    "interestIncome": 1111000,
    "interestExpense": 213000,
    "depreciationAndAmortization": 8942000,
    "ebitda": 139184000,
    "ebitdaratio": 0.1243942679,
    "operatingIncome": 133796000,
    "operatingIncomeRatio": 0.1195787983,
    "totalOtherIncomeExpensesNet": -3767000,
    "incomeBeforeTax": 130029000,
    "incomeBeforeTaxRatio": 0.1162120809,
    "incomeTaxExpense": 55210000,
    "netIncome": 74819000,
    "netIncomeRatio": 0.0668687114,
    "eps": 0.19,
    "epsdiluted": 0.19,
    "weightedAverageShsOut": 383991000,
    "weightedAverageShsOutDil": 387806000,
    "link": "https://www.sec.gov/Archives/edgar/data/822416/000082241614000016/0000822416-14-000016-index.htm",
    "finalLink": "https://www.sec.gov/Archives/edgar/data/822416/000082241614000016/phm0331201410-q.htm"
  },
  {
    "date": "2013-12-31",
    "symbol": "PHM",
    "reportedCurrency": "USD",
    "cik": "0000822416",
    "fillingDate": "2014-02-05",
    "acceptedDate": "2014-02-05 15:49:29",
    "calendarYear": "2013",
    "period": "Q4",
    "revenue": 1655339000,
    "costOfRevenue": 1273380000,
    "grossProfit": 381959000,
    "grossProfitRatio": 0.2307436724,
    "researchAndDevelopmentExpenses": 0,
    "generalAndAdministrativeExpenses": 0,
    "sellingAndMarketingExpenses": 0,
    "sellingGeneralAndAdministrativeExpenses": 149706000,
    "otherExpenses": 3275000,
    "operatingExpenses": 152981000,
    "costAndExpenses": 1426361000,
    "interestIncome": 1075000,
    "interestExpense": 168000,
    "depreciationAndAmortization": 8453000,
    "ebitda": 241041000,
    "ebitdaratio": 0.145614282,
    "operatingIncome": 228978000,
    "operatingIncomeRatio": 0.138326953,
    "totalOtherIncomeExpensesNet": 3442000,
    "incomeBeforeTax": 232420000,
    "incomeBeforeTaxRatio": 0.1404062854,
    "incomeTaxExpense": 12367000,
    "netIncome": 220053000,
    "netIncomeRatio": 0.1329353081,
    "eps": 0.58,
    "epsdiluted": 0.57,
    "weightedAverageShsOut": 379879000,
    "weightedAverageShsOutDil": 383724000,
    "link": "https://www.sec.gov/Archives/edgar/data/822416/000082241614000010/0000822416-14-000010-index.htm",
    "finalLink": "https://www.sec.gov/Archives/edgar/data/822416/000082241614000010/a201310-k.htm"
  },
  {
    "date": "2013-09-30",
    "symbol": "PHM",
    "reportedCurrency": "USD",
    "cik": "0000822416",
    "fillingDate": "2013-10-24",
    "acceptedDate": "2013-10-24 09:52:18",
    "calendarYear": "2013",
    "period": "Q3",
    "revenue": 1582078000,
    "costOfRevenue": 1253314000,
    "grossProfit": 328764000,
    "grossProfitRatio": 0.2078051777,
    "researchAndDevelopmentExpenses": 0,
    "generalAndAdministrativeExpenses": 0,
    "sellingAndMarketingExpenses": 0,
    "sellingGeneralAndAdministrativeExpenses": 138637000,
    "otherExpenses": 3275000,
    "operatingExpenses": 141912000,
    "costAndExpenses": 1395226000,
    "interestIncome": 1036000,
    "interestExpense": 171000,
    "depreciationAndAmortization": 8050000,
    "ebitda": 182943000,
    "ebitdaratio": 0.1156346274,
    "operatingIncome": 186852000,
    "operatingIncomeRatio": 0.1181054284,
    "totalOtherIncomeExpensesNet": -12130000,
    "incomeBeforeTax": 174722000,
    "incomeBeforeTaxRatio": 0.110438297,
    "incomeTaxExpense": -2107162000,
    "netIncome": 2281884000,
    "netIncomeRatio": 1.4423334374,
    "eps": 5.92,
    "epsdiluted": 5.87,
    "weightedAverageShsOut": 382883000,
    "weightedAverageShsOutDil": 386103000,
    "link": "https://www.sec.gov/Archives/edgar/data/822416/000082241613000046/0000822416-13-000046-index.htm",
    "finalLink": "https://www.sec.gov/Archives/edgar/data/822416/000082241613000046/phm0930201310-q.htm"
  },
  {
    "date": "2013-06-30",
    "symbol": "PHM",
    "reportedCurrency": "USD",
    "cik": "0000822416",
    "fillingDate": "2013-07-25",
    "acceptedDate": "2013-07-25 09:54:08",
    "calendarYear": "2013",
    "period": "Q2",
    "revenue": 1279422000,
    "costOfRevenue": 1034563000,
    "grossProfit": 244859000,
    "grossProfitRatio": 0.1913825149,
    "researchAndDevelopmentExpenses": 0,
    "generalAndAdministrativeExpenses": 0,
    "sellingAndMarketingExpenses": 0,
    "sellingGeneralAndAdministrativeExpenses": 150531000,
    "otherExpenses": 3275000,
    "operatingExpenses": 153806000,
    "costAndExpenses": 1188369000,
    "interestIncome": 1112000,
    "interestExpense": 166000,
    "depreciationAndAmortization": 7745000,
    "ebitda": 46241000,
    "ebitdaratio": 0.0361421017,
    "operatingIncome": 91053000,
    "operatingIncomeRatio": 0.0711672927,
    "totalOtherIncomeExpensesNet": -52723000,
    "incomeBeforeTax": 38330000,
    "incomeBeforeTaxRatio": 0.0299588408,
    "incomeTaxExpense": 1913000,
    "netIncome": 36417000,
    "netIncomeRatio": 0.0284636344,
    "eps": 0.09,
    "epsdiluted": 0.09,
    "weightedAverageShsOut": 385389000,
    "weightedAverageShsOutDil": 391180000,
    "link": "https://www.sec.gov/Archives/edgar/data/822416/000082241613000037/0000822416-13-000037-index.htm",
    "finalLink": "https://www.sec.gov/Archives/edgar/data/822416/000082241613000037/phm0630201310-q.htm"
  },
  {
    "date": "2013-03-31",
    "symbol": "PHM",
    "reportedCurrency": "USD",
    "cik": "0000822416",
    "fillingDate": "2013-04-25",
    "acceptedDate": "2013-04-25 10:08:58",
    "calendarYear": "2013",
    "period": "Q1",
    "revenue": 1162756000,
    "costOfRevenue": 946076000,
    "grossProfit": 216680000,
    "grossProfitRatio": 0.1863503607,
    "researchAndDevelopmentExpenses": 0,
    "generalAndAdministrativeExpenses": 0,
    "sellingAndMarketingExpenses": 0,
    "sellingGeneralAndAdministrativeExpenses": 129626000,
    "otherExpenses": 3275000,
    "operatingExpenses": 132901000,
    "costAndExpenses": 1078977000,
    "interestIncome": 1173000,
    "interestExpense": 207000,
    "depreciationAndAmortization": 7339000,
    "ebitda": 89896000,
    "ebitdaratio": 0.077312867,
    "operatingIncome": 83779000,
    "operatingIncomeRatio": 0.07205209,
    "totalOtherIncomeExpensesNet": -1429000,
    "incomeBeforeTax": 82350000,
    "incomeBeforeTaxRatio": 0.0708231134,
    "incomeTaxExpense": 588000,
    "netIncome": 81762000,
    "netIncomeRatio": 0.0703174183,
    "eps": 0.21,
    "epsdiluted": 0.21,
    "weightedAverageShsOut": 384228000,
    "weightedAverageShsOutDil": 390321000,
    "link": "https://www.sec.gov/Archives/edgar/data/822416/000082241613000018/0000822416-13-000018-index.htm",
    "finalLink": "https://www.sec.gov/Archives/edgar/data/822416/000082241613000018/phm0331201310-q.htm"
  },
  {
    "date": "2012-12-31",
    "symbol": "PHM",
    "reportedCurrency": "USD",
    "cik": "0000822416",
    "fillingDate": "2013-02-06",
    "acceptedDate": "2013-02-06 15:14:15",
    "calendarYear": "2012",
    "period": "Q4",
    "revenue": 1566966000,
    "costOfRevenue": 1333610000,
    "grossProfit": 233356000,
    "grossProfitRatio": 0.1489221847,
    "researchAndDevelopmentExpenses": 0,
    "generalAndAdministrativeExpenses": 0,
    "sellingAndMarketingExpenses": 0,
    "sellingGeneralAndAdministrativeExpenses": 141766000,
    "otherExpenses": 3275000,
    "operatingExpenses": 145041000,
    "costAndExpenses": 1478651000,
    "interestIncome": 1331000,
    "interestExpense": 204000,
    "depreciationAndAmortization": 7749000,
    "ebitda": 59165000,
    "ebitdaratio": 0.0377576795,
    "operatingIncome": 88315000,
    "operatingIncomeRatio": 0.0563605081,
    "totalOtherIncomeExpensesNet": -37102000,
    "incomeBeforeTax": 51213000,
    "incomeBeforeTaxRatio": 0.0326829044,
    "incomeTaxExpense": -7529000,
    "netIncome": 58742000,
    "netIncomeRatio": 0.0374877311,
    "eps": 0.15,
    "epsdiluted": 0.15,
    "weightedAverageShsOut": 383404000,
    "weightedAverageShsOutDil": 389304000,
    "link": "https://www.sec.gov/Archives/edgar/data/822416/000082241613000006/0000822416-13-000006-index.htm",
    "finalLink": "https://www.sec.gov/Archives/edgar/data/822416/000082241613000006/a201210-k.htm"
  },
  {
    "date": "2012-09-30",
    "symbol": "PHM",
    "reportedCurrency": "USD",
    "cik": "0000822416",
    "fillingDate": "2012-10-25",
    "acceptedDate": "2012-10-25 09:51:22",
    "calendarYear": "2012",
    "period": "Q3",
    "revenue": 1302591000,
    "costOfRevenue": 1065343000,
    "grossProfit": 237248000,
    "grossProfitRatio": 0.1821354516,
    "researchAndDevelopmentExpenses": 0,
    "generalAndAdministrativeExpenses": 0,
    "sellingAndMarketingExpenses": 0,
    "sellingGeneralAndAdministrativeExpenses": 125191000,
    "otherExpenses": 3275000,
    "operatingExpenses": 128466000,
    "costAndExpenses": 1193809000,
    "interestIncome": 1219000,
    "interestExpense": 201000,
    "depreciationAndAmortization": 7450000,
    "ebitda": 113557000,
    "ebitdaratio": 0.0871777864,
    "operatingIncome": 108782000,
    "operatingIncomeRatio": 0.0835120157,
    "totalOtherIncomeExpensesNet": -2876000,
    "incomeBeforeTax": 105906000,
    "incomeBeforeTaxRatio": 0.0813041085,
    "incomeTaxExpense": -10727000,
    "netIncome": 116633000,
    "netIncomeRatio": 0.0895392337,
    "eps": 0.31,
    "epsdiluted": 0.3,
    "weightedAverageShsOut": 381355000,
    "weightedAverageShsOutDil": 384570000,
    "link": "https://www.sec.gov/Archives/edgar/data/822416/000082241612000048/0000822416-12-000048-index.htm",
    "finalLink": "https://www.sec.gov/Archives/edgar/data/822416/000082241612000048/phm0930201210-q.htm"
  },
  {
    "date": "2012-06-30",
    "symbol": "PHM",
    "reportedCurrency": "USD",
    "cik": "0000822416",
    "fillingDate": "2012-07-26",
    "acceptedDate": "2012-07-26 09:38:16",
    "calendarYear": "2012",
    "period": "Q2",
    "revenue": 1069405000,
    "costOfRevenue": 897317000,
    "grossProfit": 172088000,
    "grossProfitRatio": 0.1609193898,
    "researchAndDevelopmentExpenses": 0,
    "generalAndAdministrativeExpenses": 0,
    "sellingAndMarketingExpenses": 0,
    "sellingGeneralAndAdministrativeExpenses": 124186000,
    "otherExpenses": 3275000,
    "operatingExpenses": 127461000,
    "costAndExpenses": 1024778000,
    "interestIncome": 1164000,
    "interestExpense": 198000,
    "depreciationAndAmortization": 7435000,
    "ebitda": 47559000,
    "ebitdaratio": 0.0444723935,
    "operatingIncome": 44627000,
    "operatingIncomeRatio": 0.041730682,
    "totalOtherIncomeExpensesNet": -4701000,
    "incomeBeforeTax": 39926000,
    "incomeBeforeTaxRatio": 0.0373347796,
    "incomeTaxExpense": -2510000,
    "netIncome": 42436000,
    "netIncomeRatio": 0.0396818792,
    "eps": 0.11,
    "epsdiluted": 0.11,
    "weightedAverageShsOut": 380655000,
    "weightedAverageShsOutDil": 382203000,
    "link": "https://www.sec.gov/Archives/edgar/data/822416/000082241612000034/0000822416-12-000034-index.htm",
    "finalLink": "https://www.sec.gov/Archives/edgar/data/822416/000082241612000034/phm0630201210-q.htm"
  },
  {
    "date": "2012-03-31",
    "symbol": "PHM",
    "reportedCurrency": "USD",
    "cik": "0000822416",
    "fillingDate": "2012-04-26",
    "acceptedDate": "2012-04-26 09:39:41",
    "calendarYear": "2012",
    "period": "Q1",
    "revenue": 881036000,
    "costOfRevenue": 767572000,
    "grossProfit": 113464000,
    "grossProfitRatio": 0.1287847489,
    "researchAndDevelopmentExpenses": 0,
    "generalAndAdministrativeExpenses": 0,
    "sellingAndMarketingExpenses": 0,
    "sellingGeneralAndAdministrativeExpenses": 123314000,
    "otherExpenses": 3275000,
    "operatingExpenses": 126589000,
    "costAndExpenses": 894161000,
    "interestIncome": 1199000,
    "interestExpense": 217000,
    "depreciationAndAmortization": 7393000,
    "ebitda": -5881000,
    "ebitdaratio": -0.0066750961,
    "operatingIncome": -13125000,
    "operatingIncomeRatio": -0.0148972346,
    "totalOtherIncomeExpensesNet": -366000,
    "incomeBeforeTax": -13491000,
    "incomeBeforeTaxRatio": -0.0153126546,
    "incomeTaxExpense": -1825000,
    "netIncome": -11666000,
    "netIncomeRatio": -0.0132412296,
    "eps": -0.0307,
    "epsdiluted": -0.0307,
    "weightedAverageShsOut": 380502000,
    "weightedAverageShsOutDil": 380502000,
    "link": "https://www.sec.gov/Archives/edgar/data/822416/000082241612000020/0000822416-12-000020-index.htm",
    "finalLink": "https://www.sec.gov/Archives/edgar/data/822416/000082241612000020/phm0331201210-q.htm"
  },
  {
    "date": "2011-12-31",
    "symbol": "PHM",
    "reportedCurrency": "USD",
    "cik": "0000822416",
    "fillingDate": "2012-02-09",
    "acceptedDate": "2012-02-09 09:52:17",
    "calendarYear": "2011",
    "period": "Q4",
    "revenue": 1262345000,
    "costOfRevenue": 1138261000,
    "grossProfit": 124084000,
    "grossProfitRatio": 0.0982964245,
    "researchAndDevelopmentExpenses": 0,
    "generalAndAdministrativeExpenses": 0,
    "sellingAndMarketingExpenses": 0,
    "sellingGeneralAndAdministrativeExpenses": 117147000,
    "otherExpenses": -27596000,
    "operatingExpenses": 89551000,
    "costAndExpenses": 1227812000,
    "interestIncome": 1351000,
    "interestExpense": 323000,
    "depreciationAndAmortization": 7469000,
    "ebitda": -1283000,
    "ebitdaratio": -0.0010163624,
    "operatingIncome": 34533000,
    "operatingIncomeRatio": 0.0273562299,
    "totalOtherIncomeExpensesNet": -43608000,
    "incomeBeforeTax": -9075000,
    "incomeBeforeTaxRatio": -0.0071890014,
    "incomeTaxExpense": -22896000,
    "netIncome": 13821000,
    "netIncomeRatio": 0.0109486709,
    "eps": 0.0363,
    "epsdiluted": 0.0363,
    "weightedAverageShsOut": 380153000,
    "weightedAverageShsOutDil": 380502000,
    "link": "https://www.sec.gov/Archives/edgar/data/822416/000082241612000010/0000822416-12-000010-index.htm",
    "finalLink": "https://www.sec.gov/Archives/edgar/data/822416/000082241612000010/phm-12312011x10k.htm"
  },
  {
    "date": "2011-09-30",
    "symbol": "PHM",
    "reportedCurrency": "USD",
    "cik": "0000822416",
    "fillingDate": "2011-10-28",
    "acceptedDate": "2011-10-28 16:26:50",
    "calendarYear": "2011",
    "period": "Q3",
    "revenue": 1141931000,
    "costOfRevenue": 964188000,
    "grossProfit": 177743000,
    "grossProfitRatio": 0.1556512609,
    "researchAndDevelopmentExpenses": 0,
    "generalAndAdministrativeExpenses": 0,
    "sellingAndMarketingExpenses": 0,
    "sellingGeneralAndAdministrativeExpenses": 121553000,
    "otherExpenses": 3275000,
    "operatingExpenses": 124828000,
    "costAndExpenses": 1089016000,
    "interestIncome": 1122000,
    "interestExpense": 322000,
    "depreciationAndAmortization": 7656000,
    "ebitda": -194522000,
    "ebitdaratio": -0.1703447932,
    "operatingIncome": 52915000,
    "operatingIncomeRatio": 0.0463381763,
    "totalOtherIncomeExpensesNet": -255415000,
    "incomeBeforeTax": -202500000,
    "incomeBeforeTaxRatio": -0.1773312048,
    "incomeTaxExpense": -73202000,
    "netIncome": -129298000,
    "netIncomeRatio": -0.1132275067,
    "eps": -0.34,
    "epsdiluted": -0.34,
    "weightedAverageShsOut": 380025000,
    "weightedAverageShsOutDil": 380025000,
    "link": "https://www.sec.gov/Archives/edgar/data/822416/000119312511286269/0001193125-11-286269-index.htm",
    "finalLink": "https://www.sec.gov/Archives/edgar/data/822416/000119312511286269/d232572d10q.htm"
  },
  {
    "date": "2011-06-30",
    "symbol": "PHM",
    "reportedCurrency": "USD",
    "cik": "0000822416",
    "fillingDate": "2011-08-01",
    "acceptedDate": "2011-08-01 08:01:27",
    "calendarYear": "2011",
    "period": "Q2",
    "revenue": 927212000,
    "costOfRevenue": 832518000,
    "grossProfit": 94694000,
    "grossProfitRatio": 0.1021276688,
    "researchAndDevelopmentExpenses": 0,
    "generalAndAdministrativeExpenses": 0,
    "sellingAndMarketingExpenses": 0,
    "sellingGeneralAndAdministrativeExpenses": 138380000,
    "otherExpenses": 3275000,
    "operatingExpenses": 141655000,
    "costAndExpenses": 974173000,
    "interestIncome": 1145000,
    "interestExpense": 317000,
    "depreciationAndAmortization": 8003000,
    "ebitda": -45013000,
    "ebitdaratio": -0.0485466107,
    "operatingIncome": -46961000,
    "operatingIncomeRatio": -0.0506475326,
    "totalOtherIncomeExpensesNet": -6372000,
    "incomeBeforeTax": -53333000,
    "incomeBeforeTaxRatio": -0.0575197474,
    "incomeTaxExpense": 2052000,
    "netIncome": -55385000,
    "netIncomeRatio": -0.0597328335,
    "eps": -0.15,
    "epsdiluted": -0.15,
    "weightedAverageShsOut": 379781000,
    "weightedAverageShsOutDil": 379781000,
    "link": "https://www.sec.gov/Archives/edgar/data/822416/000119312511203732/0001193125-11-203732-index.htm",
    "finalLink": "https://www.sec.gov/Archives/edgar/data/822416/000119312511203732/d10q.htm"
  },
  {
    "date": "2011-03-31",
    "symbol": "PHM",
    "reportedCurrency": "USD",
    "cik": "0000822416",
    "fillingDate": "2011-04-28",
    "acceptedDate": "2011-04-28 17:17:43",
    "calendarYear": "2011",
    "period": "Q1",
    "revenue": 805202000,
    "costOfRevenue": 706433000,
    "grossProfit": 98769000,
    "grossProfitRatio": 0.1226636297,
    "researchAndDevelopmentExpenses": 0,
    "generalAndAdministrativeExpenses": 0,
    "sellingAndMarketingExpenses": 0,
    "sellingGeneralAndAdministrativeExpenses": 142446000,
    "otherExpenses": 3275000,
    "operatingExpenses": 145721000,
    "costAndExpenses": 852154000,
    "interestIncome": 1437000,
    "interestExpense": 351000,
    "depreciationAndAmortization": 8970000,
    "ebitda": -36071000,
    "ebitdaratio": -0.0447974546,
    "operatingIncome": -46952000,
    "operatingIncomeRatio": -0.0583108338,
    "totalOtherIncomeExpensesNet": 1560000,
    "incomeBeforeTax": -45392000,
    "incomeBeforeTaxRatio": -0.0563734318,
    "incomeTaxExpense": -5866000,
    "netIncome": -39526000,
    "netIncomeRatio": -0.0490883033,
    "eps": -0.1,
    "epsdiluted": -0.1,
    "weightedAverageShsOut": 379544000,
    "weightedAverageShsOutDil": 379544000,
    "link": "https://www.sec.gov/Archives/edgar/data/822416/000119312511115566/0001193125-11-115566-index.htm",
    "finalLink": "https://www.sec.gov/Archives/edgar/data/822416/000119312511115566/d10q.htm"
  },
  {
    "date": "2010-12-31",
    "symbol": "PHM",
    "reportedCurrency": "USD",
    "cik": "0000822416",
    "fillingDate": "2011-02-10",
    "acceptedDate": "2011-02-10 09:09:55",
    "calendarYear": "2010",
    "period": "Q4",
    "revenue": 1185270000,
    "costOfRevenue": 1158980000,
    "grossProfit": 26290000,
    "grossProfitRatio": 0.0221806002,
    "researchAndDevelopmentExpenses": 0,
    "generalAndAdministrativeExpenses": 0,
    "sellingAndMarketingExpenses": 0,
    "sellingGeneralAndAdministrativeExpenses": 150738000,
    "otherExpenses": 0,
    "operatingExpenses": 150738000,
    "costAndExpenses": 1309718000,
    "interestIncome": 1859000,
    "interestExpense": 440000,
    "depreciationAndAmortization": 10730000,
    "ebitda": -179305000,
    "ebitdaratio": -0.1512777679,
    "operatingIncome": -124448000,
    "operatingIncomeRatio": -0.1049954863,
    "totalOtherIncomeExpensesNet": -66027000,
    "incomeBeforeTax": -190475000,
    "incomeBeforeTaxRatio": -0.160701781,
    "incomeTaxExpense": -25047000,
    "netIncome": -165428000,
    "netIncomeRatio": -0.139569887,
    "eps": -0.44,
    "epsdiluted": -0.44,
    "weightedAverageShsOut": 379122000,
    "weightedAverageShsOutDil": 379544000,
    "link": "https://www.sec.gov/Archives/edgar/data/822416/000119312511029989/0001193125-11-029989-index.htm",
    "finalLink": "https://www.sec.gov/Archives/edgar/data/822416/000119312511029989/d10k.htm"
  },
  {
    "date": "2010-09-30",
    "symbol": "PHM",
    "reportedCurrency": "USD",
    "cik": "0000822416",
    "fillingDate": "2010-11-05",
    "acceptedDate": "2010-11-05 07:13:19",
    "calendarYear": "2010",
    "period": "Q3",
    "revenue": 1057764000,
    "costOfRevenue": 981087000,
    "grossProfit": 76677000,
    "grossProfitRatio": 0.0724897047,
    "researchAndDevelopmentExpenses": 0,
    "generalAndAdministrativeExpenses": 0,
    "sellingAndMarketingExpenses": 0,
    "sellingGeneralAndAdministrativeExpenses": 425643000,
    "otherExpenses": 16923000,
    "operatingExpenses": 442566000,
    "costAndExpenses": 1423653000,
    "interestIncome": 2601000,
    "interestExpense": 50076000,
    "depreciationAndAmortization": 10574000,
    "ebitda": -1012474000,
    "ebitdaratio": -0.9571832658,
    "operatingIncome": -365889000,
    "operatingIncomeRatio": -0.3459079719,
    "totalOtherIncomeExpensesNet": -657948000,
    "incomeBeforeTax": -1023837000,
    "incomeBeforeTaxRatio": -0.9679257377,
    "incomeTaxExpense": -28721000,
    "netIncome": -995116000,
    "netIncomeRatio": -0.9407731781,
    "eps": -2.6,
    "epsdiluted": -2.6,
    "weightedAverageShsOut": 382384000,
    "weightedAverageShsOutDil": 382384000,
    "link": "https://www.sec.gov/Archives/edgar/data/822416/000119312510248979/0001193125-10-248979-index.htm",
    "finalLink": "https://www.sec.gov/Archives/edgar/data/822416/000119312510248979/d10q.htm"
  },
  {
    "date": "2010-06-30",
    "symbol": "PHM",
    "reportedCurrency": "USD",
    "cik": "0000822416",
    "fillingDate": "2010-08-05",
    "acceptedDate": "2010-08-05 16:09:45",
    "calendarYear": "2010",
    "period": "Q2",
    "revenue": 1305898000,
    "costOfRevenue": 1151791000,
    "grossProfit": 154107000,
    "grossProfitRatio": 0.1180084509,
    "researchAndDevelopmentExpenses": 0,
    "generalAndAdministrativeExpenses": 0,
    "sellingAndMarketingExpenses": 0,
    "sellingGeneralAndAdministrativeExpenses": 157415000,
    "otherExpenses": 0,
    "operatingExpenses": 157415000,
    "costAndExpenses": 1309206000,
    "interestIncome": 2292000,
    "interestExpense": 1018000,
    "depreciationAndAmortization": 11470000,
    "ebitda": 6762000,
    "ebitdaratio": 0.0051780461,
    "operatingIncome": -3308000,
    "operatingIncomeRatio": -0.0025331228,
    "totalOtherIncomeExpensesNet": -2418000,
    "incomeBeforeTax": -5726000,
    "incomeBeforeTaxRatio": -0.0043847222,
    "incomeTaxExpense": -82029000,
    "netIncome": 76303000,
    "netIncomeRatio": 0.0584295251,
    "eps": 0.2,
    "epsdiluted": 0.2,
    "weightedAverageShsOut": 377747000,
    "weightedAverageShsOutDil": 380412000,
    "link": "https://www.sec.gov/Archives/edgar/data/822416/000119312510179323/0001193125-10-179323-index.htm",
    "finalLink": "https://www.sec.gov/Archives/edgar/data/822416/000119312510179323/d10q.htm"
  },
  {
    "date": "2010-03-31",
    "symbol": "PHM",
    "reportedCurrency": "USD",
    "cik": "0000822416",
    "fillingDate": "2010-05-06",
    "acceptedDate": "2010-05-06 17:10:39",
    "calendarYear": "2010",
    "period": "Q1",
    "revenue": 1020358000,
    "costOfRevenue": 884204000,
    "grossProfit": 136154000,
    "grossProfitRatio": 0.1334374798,
    "researchAndDevelopmentExpenses": 0,
    "generalAndAdministrativeExpenses": 0,
    "sellingAndMarketingExpenses": 0,
    "sellingGeneralAndAdministrativeExpenses": 161306000,
    "otherExpenses": 0,
    "operatingExpenses": 161306000,
    "costAndExpenses": 1045510000,
    "interestIncome": 2779000,
    "interestExpense": 482000,
    "depreciationAndAmortization": 12886000,
    "ebitda": -1140000,
    "ebitdaratio": -0.0011172549,
    "operatingIncome": -25152000,
    "operatingIncomeRatio": -0.0246501718,
    "totalOtherIncomeExpensesNet": 10644000,
    "incomeBeforeTax": -14508000,
    "incomeBeforeTaxRatio": -0.014218539,
    "incomeTaxExpense": -2020000,
    "netIncome": -12488000,
    "netIncomeRatio": -0.0122388417,
    "eps": -0.0326,
    "epsdiluted": -0.0326,
    "weightedAverageShsOut": 382547000,
    "weightedAverageShsOutDil": 382547000,
    "link": "https://www.sec.gov/Archives/edgar/data/822416/000119312510111120/0001193125-10-111120-index.htm",
    "finalLink": "https://www.sec.gov/Archives/edgar/data/822416/000119312510111120/d10q.htm"
  },
  {
    "date": "2009-12-31",
    "symbol": "PHM",
    "reportedCurrency": "USD",
    "cik": "0000822416",
    "fillingDate": "2010-02-19",
    "acceptedDate": "2010-02-18 20:10:03",
    "calendarYear": "2009",
    "period": "Q4",
    "revenue": 1730823000,
    "costOfRevenue": 1838357000,
    "grossProfit": -107534000,
    "grossProfitRatio": -0.0621288254,
    "researchAndDevelopmentExpenses": 0,
    "generalAndAdministrativeExpenses": 0,
    "sellingAndMarketingExpenses": 0,
    "sellingGeneralAndAdministrativeExpenses": 202074000,
    "otherExpenses": 0,
    "operatingExpenses": 202074000,
    "costAndExpenses": 2040431000,
    "interestIncome": 1178000,
    "interestExpense": 917000,
    "depreciationAndAmortization": 14904000,
    "ebitda": -901404000,
    "ebitdaratio": -0.5207950206,
    "operatingIncome": -309608000,
    "operatingIncomeRatio": -0.178879065,
    "totalOtherIncomeExpensesNet": -607617000,
    "incomeBeforeTax": -917225000,
    "incomeBeforeTaxRatio": -0.5299357589,
    "incomeTaxExpense": -800328000,
    "netIncome": -116897000,
    "netIncomeRatio": -0.0675383907,
    "eps": -0.31,
    "epsdiluted": -0.31,
    "weightedAverageShsOut": 377735000,
    "weightedAverageShsOutDil": 382547000,
    "link": "https://www.sec.gov/Archives/edgar/data/822416/000119312510034418/0001193125-10-034418-index.htm",
    "finalLink": "https://www.sec.gov/Archives/edgar/data/822416/000119312510034418/d10k.htm"
  },
  {
    "date": "2009-09-30",
    "symbol": "PHM",
    "reportedCurrency": "USD",
    "cik": "0000822416",
    "fillingDate": "2009-11-06",
    "acceptedDate": "2009-11-06 12:51:29",
    "calendarYear": "2009",
    "period": "Q3",
    "revenue": 1091094000,
    "costOfRevenue": 1135669000,
    "grossProfit": -44575000,
    "grossProfitRatio": -0.040853492,
    "researchAndDevelopmentExpenses": 0,
    "generalAndAdministrativeExpenses": 0,
    "sellingAndMarketingExpenses": 0,
    "sellingGeneralAndAdministrativeExpenses": 221538000,
    "otherExpenses": 0,
    "operatingExpenses": 221538000,
    "costAndExpenses": 1357207000,
    "interestIncome": 1814000,
    "interestExpense": 431000,
    "depreciationAndAmortization": 14539000,
    "ebitda": -343749000,
    "ebitdaratio": -0.3150498491,
    "operatingIncome": -266113000,
    "operatingIncomeRatio": -0.2438955764,
    "totalOtherIncomeExpensesNet": -92606000,
    "incomeBeforeTax": -358719000,
    "incomeBeforeTaxRatio": -0.3287700235,
    "incomeTaxExpense": 2668000,
    "netIncome": -361387000,
    "netIncomeRatio": -0.3312152757,
    "eps": -1.42,
    "epsdiluted": -1.15,
    "weightedAverageShsOut": 254672000,
    "weightedAverageShsOutDil": 312996000,
    "link": "https://www.sec.gov/Archives/edgar/data/822416/000119312509227055/0001193125-09-227055-index.htm",
    "finalLink": "https://www.sec.gov/Archives/edgar/data/822416/000119312509227055/d10q.htm"
  },
  {
    "date": "2009-06-30",
    "symbol": "PHM",
    "reportedCurrency": "USD",
    "cik": "0000822416",
    "fillingDate": "2009-08-07",
    "acceptedDate": "2009-08-06 17:51:33",
    "calendarYear": "2009",
    "period": "Q2",
    "revenue": 678580000,
    "costOfRevenue": 766327000,
    "grossProfit": -87747000,
    "grossProfitRatio": -0.129309735,
    "researchAndDevelopmentExpenses": 0,
    "generalAndAdministrativeExpenses": 0,
    "sellingAndMarketingExpenses": 0,
    "sellingGeneralAndAdministrativeExpenses": 122263000,
    "otherExpenses": 0,
    "operatingExpenses": 122263000,
    "costAndExpenses": 888590000,
    "interestIncome": 2647000,
    "interestExpense": 436000,
    "depreciationAndAmortization": 11825000,
    "ebitda": -174668000,
    "ebitdaratio": -0.2574022223,
    "operatingIncome": -210010000,
    "operatingIncomeRatio": -0.3094845118,
    "totalOtherIncomeExpensesNet": 23081000,
    "incomeBeforeTax": -186929000,
    "incomeBeforeTaxRatio": -0.2754708362,
    "incomeTaxExpense": 2536000,
    "netIncome": -189465000,
    "netIncomeRatio": -0.2792080521,
    "eps": -0.74,
    "epsdiluted": -0.74,
    "weightedAverageShsOut": 254764000,
    "weightedAverageShsOutDil": 254764000,
    "link": "https://www.sec.gov/Archives/edgar/data/822416/000119312509167456/0001193125-09-167456-index.htm",
    "finalLink": "https://www.sec.gov/Archives/edgar/data/822416/000119312509167456/d10q.htm"
  },
  {
    "date": "2009-03-31",
    "symbol": "PHM",
    "reportedCurrency": "USD",
    "cik": "0000822416",
    "fillingDate": "2009-05-08",
    "acceptedDate": "2009-05-07 18:15:31",
    "calendarYear": "2009",
    "period": "Q1",
    "revenue": 583892000,
    "costOfRevenue": 918145000,
    "grossProfit": -334253000,
    "grossProfitRatio": -0.5724568927,
    "researchAndDevelopmentExpenses": 0,
    "generalAndAdministrativeExpenses": 0,
    "sellingAndMarketingExpenses": 0,
    "sellingGeneralAndAdministrativeExpenses": 126559000,
    "otherExpenses": 0,
    "operatingExpenses": 126559000,
    "costAndExpenses": 1044704000,
    "interestIncome": 3528000,
    "interestExpense": 478000,
    "depreciationAndAmortization": 12978000,
    "ebitda": -498790000,
    "ebitdaratio": -0.8542504436,
    "operatingIncome": -460812000,
    "operatingIncomeRatio": -0.7892075932,
    "totalOtherIncomeExpensesNet": -51434000,
    "incomeBeforeTax": -512246000,
    "incomeBeforeTaxRatio": -0.8772958013,
    "incomeTaxExpense": 2572000,
    "netIncome": -514818000,
    "netIncomeRatio": -0.8817007255,
    "eps": -2.02,
    "epsdiluted": -2.02,
    "weightedAverageShsOut": 254578000,
    "weightedAverageShsOutDil": 254578000,
    "link": "https://www.sec.gov/Archives/edgar/data/822416/000119312509103694/0001193125-09-103694-index.htm",
    "finalLink": "https://www.sec.gov/Archives/edgar/data/822416/000119312509103694/d10q.htm"
  },
  {
    "date": "2008-12-31",
    "symbol": "PHM",
    "reportedCurrency": "USD",
    "cik": "0000822416",
    "fillingDate": "2009-02-26",
    "acceptedDate": "2009-02-26 14:48:21",
    "calendarYear": "2008",
    "period": "Q4",
    "revenue": 1650285000,
    "costOfRevenue": 1888917000,
    "grossProfit": -238632000,
    "grossProfitRatio": -0.1446004781,
    "researchAndDevelopmentExpenses": 0,
    "generalAndAdministrativeExpenses": 0,
    "sellingAndMarketingExpenses": 0,
    "sellingGeneralAndAdministrativeExpenses": 228993000,
    "otherExpenses": 0,
    "operatingExpenses": 228993000,
    "costAndExpenses": 2117910000,
    "interestIncome": 0,
    "interestExpense": 0,
    "depreciationAndAmortization": 16439000,
    "ebitda": -451186000,
    "ebitdaratio": -0.2733988372,
    "operatingIncome": -467625000,
    "operatingIncomeRatio": -0.2833601469,
    "totalOtherIncomeExpensesNet": -12100000,
    "incomeBeforeTax": -479725000,
    "incomeBeforeTaxRatio": -0.2906922138,
    "incomeTaxExpense": -141560000,
    "netIncome": -338165000,
    "netIncomeRatio": -0.2049130908,
    "eps": -1.33,
    "epsdiluted": -1.33,
    "weightedAverageShsOut": 253845000,
    "weightedAverageShsOutDil": 254578000,
    "link": "https://www.sec.gov/Archives/edgar/data/822416/000119312509038910/0001193125-09-038910-index.htm",
    "finalLink": "https://www.sec.gov/Archives/edgar/data/822416/000119312509038910/d10k.htm"
  },
  {
    "date": "2008-09-30",
    "symbol": "PHM",
    "reportedCurrency": "USD",
    "cik": "0000822416",
    "fillingDate": "2008-11-06",
    "acceptedDate": "2008-11-05 17:40:20",
    "calendarYear": "2008",
    "period": "Q3",
    "revenue": 1558227000,
    "costOfRevenue": 1653322000,
    "grossProfit": -95095000,
    "grossProfitRatio": -0.0610276937,
    "researchAndDevelopmentExpenses": 0,
    "generalAndAdministrativeExpenses": 0,
    "sellingAndMarketingExpenses": 0,
    "sellingGeneralAndAdministrativeExpenses": 200350000,
    "otherExpenses": 0,
    "operatingExpenses": 200350000,
    "costAndExpenses": 1853672000,
    "interestIncome": 6362000,
    "interestExpense": 723000,
    "depreciationAndAmortization": 18713000,
    "ebitda": -275155000,
    "ebitdaratio": -0.1765821026,
    "operatingIncome": -295445000,
    "operatingIncomeRatio": -0.189603312,
    "totalOtherIncomeExpensesNet": 854000,
    "incomeBeforeTax": -294591000,
    "incomeBeforeTaxRatio": -0.1890552532,
    "incomeTaxExpense": -14204000,
    "netIncome": -280387000,
    "netIncomeRatio": -0.1799397649,
    "eps": -1.11,
    "epsdiluted": -1.11,
    "weightedAverageShsOut": 253582000,
    "weightedAverageShsOutDil": 253582000,
    "link": "https://www.sec.gov/Archives/edgar/data/822416/000119312508226124/0001193125-08-226124-index.htm",
    "finalLink": "https://www.sec.gov/Archives/edgar/data/822416/000119312508226124/d10q.htm"
  },
  {
    "date": "2008-06-30",
    "symbol": "PHM",
    "reportedCurrency": "USD",
    "cik": "0000822416",
    "fillingDate": "2008-08-07",
    "acceptedDate": "2008-08-06 17:50:39",
    "calendarYear": "2008",
    "period": "Q2",
    "revenue": 1619413000,
    "costOfRevenue": 1633548000,
    "grossProfit": -14135000,
    "grossProfitRatio": -0.0087284714,
    "researchAndDevelopmentExpenses": 0,
    "generalAndAdministrativeExpenses": 0,
    "sellingAndMarketingExpenses": 0,
    "sellingGeneralAndAdministrativeExpenses": 186404000,
    "otherExpenses": 0,
    "operatingExpenses": 186404000,
    "costAndExpenses": 1819952000,
    "interestIncome": 6352000,
    "interestExpense": 708000,
    "depreciationAndAmortization": 19113000,
    "ebitda": -195406000,
    "ebitdaratio": -0.12066471,
    "operatingIncome": -200539000,
    "operatingIncomeRatio": -0.123834377,
    "totalOtherIncomeExpensesNet": -14688000,
    "incomeBeforeTax": -215227000,
    "incomeBeforeTaxRatio": -0.1329043301,
    "incomeTaxExpense": -56810000,
    "netIncome": -158417000,
    "netIncomeRatio": -0.0978237176,
    "eps": -0.63,
    "epsdiluted": -0.63,
    "weightedAverageShsOut": 253454000,
    "weightedAverageShsOutDil": 253454000,
    "link": "https://www.sec.gov/Archives/edgar/data/822416/000095015208006098/0000950152-08-006098-index.htm",
    "finalLink": "https://www.sec.gov/Archives/edgar/data/822416/000095015208006098/k34367e10vq.htm"
  },
  {
    "date": "2008-03-31",
    "symbol": "PHM",
    "reportedCurrency": "USD",
    "cik": "0000822416",
    "fillingDate": "2008-05-08",
    "acceptedDate": "2008-05-07 18:37:05",
    "calendarYear": "2008",
    "period": "Q1",
    "revenue": 1448819000,
    "costOfRevenue": 1948668000,
    "grossProfit": -499849000,
    "grossProfitRatio": -0.3450044485,
    "researchAndDevelopmentExpenses": 0,
    "generalAndAdministrativeExpenses": 0,
    "sellingAndMarketingExpenses": 0,
    "sellingGeneralAndAdministrativeExpenses": 196953000,
    "otherExpenses": 0,
    "operatingExpenses": 196953000,
    "costAndExpenses": 2145621000,
    "interestIncome": 0,
    "interestExpense": 0,
    "depreciationAndAmortization": 19715000,
    "ebitda": -673341000,
    "ebitdaratio": -0.4647516356,
    "operatingIncome": -696802000,
    "operatingIncomeRatio": -0.4809448247,
    "totalOtherIncomeExpensesNet": 3746000,
    "incomeBeforeTax": -693056000,
    "incomeBeforeTaxRatio": -0.4783592706,
    "incomeTaxExpense": 3088000,
    "netIncome": -696144000,
    "netIncomeRatio": -0.4804906617,
    "eps": -2.75,
    "epsdiluted": -2.75,
    "weightedAverageShsOut": 253166000,
    "weightedAverageShsOutDil": 253166000,
    "link": "https://www.sec.gov/Archives/edgar/data/822416/000095013708006971/0000950137-08-006971-index.htm",
    "finalLink": "https://www.sec.gov/Archives/edgar/data/822416/000095013708006971/k26518e10vq.htm"
  },
  {
    "date": "2007-12-31",
    "symbol": "PHM",
    "reportedCurrency": "USD",
    "cik": "0000822416",
    "fillingDate": "2008-02-25",
    "acceptedDate": "2008-02-25 13:42:23",
    "calendarYear": "2007",
    "period": "Q4",
    "revenue": 2898617000,
    "costOfRevenue": 2946197000,
    "grossProfit": -47580000,
    "grossProfitRatio": -0.0164147247,
    "researchAndDevelopmentExpenses": 0,
    "generalAndAdministrativeExpenses": 0,
    "sellingAndMarketingExpenses": 0,
    "sellingGeneralAndAdministrativeExpenses": 323933000,
    "otherExpenses": 0,
    "operatingExpenses": 323933000,
    "costAndExpenses": 3270130000,
    "interestIncome": 0,
    "interestExpense": 0,
    "depreciationAndAmortization": 19743000,
    "ebitda": -351770000,
    "ebitdaratio": -0.1213578752,
    "operatingIncome": -371513000,
    "operatingIncomeRatio": -0.1281690544,
    "totalOtherIncomeExpensesNet": -82320000,
    "incomeBeforeTax": -453833000,
    "incomeBeforeTaxRatio": -0.1565688051,
    "incomeTaxExpense": 439490000,
    "netIncome": -874661000,
    "netIncomeRatio": -0.3017511455,
    "eps": -3.46,
    "epsdiluted": -3.45,
    "weightedAverageShsOut": 252489000,
    "weightedAverageShsOutDil": 253166000,
    "link": "https://www.sec.gov/Archives/edgar/data/822416/000095012408000805/0000950124-08-000805-index.htm",
    "finalLink": "https://www.sec.gov/Archives/edgar/data/822416/000095012408000805/k24131e10vk.htm"
  },
  {
    "date": "2007-09-30",
    "symbol": "PHM",
    "reportedCurrency": "USD",
    "cik": "0000822416",
    "fillingDate": "2007-11-07",
    "acceptedDate": "2007-11-06 18:34:58",
    "calendarYear": "2007",
    "period": "Q3",
    "revenue": 2471798000,
    "costOfRevenue": 2839149000,
    "grossProfit": -367351000,
    "grossProfitRatio": -0.1486169177,
    "researchAndDevelopmentExpenses": 0,
    "generalAndAdministrativeExpenses": 0,
    "sellingAndMarketingExpenses": 0,
    "sellingGeneralAndAdministrativeExpenses": 674987000,
    "otherExpenses": 0,
    "operatingExpenses": 674987000,
    "costAndExpenses": 3514136000,
    "interestIncome": 0,
    "interestExpense": 0,
    "depreciationAndAmortization": 20836000,
    "ebitda": -1021502000,
    "ebitdaratio": -0.4132627343,
    "operatingIncome": -1042338000,
    "operatingIncomeRatio": -0.4216922257,
    "totalOtherIncomeExpensesNet": -51575000,
    "incomeBeforeTax": -1093913000,
    "incomeBeforeTaxRatio": -0.4425576038,
    "incomeTaxExpense": -306042000,
    "netIncome": -787871000,
    "netIncomeRatio": -0.3187440883,
    "eps": -3.12,
    "epsdiluted": -3.12,
    "weightedAverageShsOut": 252264000,
    "weightedAverageShsOutDil": 252264000,
    "link": "https://www.sec.gov/Archives/edgar/data/822416/000095013707016673/0000950137-07-016673-index.htm",
    "finalLink": "https://www.sec.gov/Archives/edgar/data/822416/000095013707016673/k21272e10vq.htm"
  },
  {
    "date": "2007-06-30",
    "symbol": "PHM",
    "reportedCurrency": "USD",
    "cik": "0000822416",
    "fillingDate": "2007-08-08",
    "acceptedDate": "2007-08-07 18:34:19",
    "calendarYear": "2007",
    "period": "Q2",
    "revenue": 2021246000,
    "costOfRevenue": 2404757000,
    "grossProfit": -383511000,
    "grossProfitRatio": -0.1897398931,
    "researchAndDevelopmentExpenses": 0,
    "generalAndAdministrativeExpenses": 0,
    "sellingAndMarketingExpenses": 0,
    "sellingGeneralAndAdministrativeExpenses": 367947000,
    "otherExpenses": 0,
    "operatingExpenses": 367947000,
    "costAndExpenses": 2772704000,
    "interestIncome": 0,
    "interestExpense": 0,
    "depreciationAndAmortization": 21613000,
    "ebitda": -729845000,
    "ebitdaratio": -0.3610866762,
    "operatingIncome": -751458000,
    "operatingIncomeRatio": -0.3717795855,
    "totalOtherIncomeExpensesNet": -55151000,
    "incomeBeforeTax": -806609000,
    "incomeBeforeTaxRatio": -0.3990652301,
    "incomeTaxExpense": -299058000,
    "netIncome": -507551000,
    "netIncomeRatio": -0.2511079799,
    "eps": -2.01,
    "epsdiluted": -2.01,
    "weightedAverageShsOut": 252093000,
    "weightedAverageShsOutDil": 252093000,
    "link": "https://www.sec.gov/Archives/edgar/data/822416/000095013707011612/0000950137-07-011612-index.htm",
    "finalLink": "https://www.sec.gov/Archives/edgar/data/822416/000095013707011612/k17527e10vq.htm"
  },
  {
    "date": "2007-03-31",
    "symbol": "PHM",
    "reportedCurrency": "USD",
    "cik": "0000822416",
    "fillingDate": "2007-05-09",
    "acceptedDate": "2007-05-08 17:49:05",
    "calendarYear": "2007",
    "period": "Q1",
    "revenue": 1871433000,
    "costOfRevenue": 1686564000,
    "grossProfit": 184869000,
    "grossProfitRatio": 0.0987847281,
    "researchAndDevelopmentExpenses": 0,
    "generalAndAdministrativeExpenses": 0,
    "sellingAndMarketingExpenses": 0,
    "sellingGeneralAndAdministrativeExpenses": 326441000,
    "otherExpenses": 0,
    "operatingExpenses": 326441000,
    "costAndExpenses": 2013005000,
    "interestIncome": 0,
    "interestExpense": 0,
    "depreciationAndAmortization": 21660000,
    "ebitda": -119912000,
    "ebitdaratio": -0.0640749629,
    "operatingIncome": -141572000,
    "operatingIncomeRatio": -0.0756489813,
    "totalOtherIncomeExpensesNet": -976000,
    "incomeBeforeTax": -142548000,
    "incomeBeforeTaxRatio": -0.0761705068,
    "incomeTaxExpense": -56876000,
    "netIncome": -85672000,
    "netIncomeRatio": -0.045778823,
    "eps": -0.34,
    "epsdiluted": -0.34,
    "weightedAverageShsOut": 251919000,
    "weightedAverageShsOutDil": 251919000,
    "link": "https://www.sec.gov/Archives/edgar/data/822416/000095012407002765/0000950124-07-002765-index.htm",
    "finalLink": "https://www.sec.gov/Archives/edgar/data/822416/000095012407002765/k14993e10vq.htm"
  },
  {
    "date": "2006-12-31",
    "symbol": "PHM",
    "reportedCurrency": "USD",
    "cik": "0000822416",
    "fillingDate": "2007-02-23",
    "acceptedDate": "2007-02-23 15:30:24",
    "calendarYear": "2006",
    "period": "Q4",
    "revenue": 4388906000,
    "costOfRevenue": 4296215000,
    "grossProfit": 92691000,
    "grossProfitRatio": 0.021119386,
    "researchAndDevelopmentExpenses": 0,
    "generalAndAdministrativeExpenses": 0,
    "sellingAndMarketingExpenses": 0,
    "sellingGeneralAndAdministrativeExpenses": 0,
    "otherExpenses": 0,
    "operatingExpenses": 0,
    "costAndExpenses": 4296215000,
    "interestIncome": 0,
    "interestExpense": 0,
    "depreciationAndAmortization": 25166000,
    "ebitda": 117857000,
    "ebitdaratio": 0.026853389,
    "operatingIncome": 92691000,
    "operatingIncomeRatio": 0.021119386,
    "totalOtherIncomeExpensesNet": -110746000,
    "incomeBeforeTax": -18055000,
    "incomeBeforeTaxRatio": -0.0041137814,
    "incomeTaxExpense": -9754000,
    "netIncome": -8412000,
    "netIncomeRatio": -0.0019166508,
    "eps": -0.0335,
    "epsdiluted": -0.0334,
    "weightedAverageShsOut": 251237000,
    "weightedAverageShsOutDil": 251919000,
    "link": "https://www.sec.gov/Archives/edgar/data/822416/000095012407001049/0000950124-07-001049-index.htm",
    "finalLink": "https://www.sec.gov/Archives/edgar/data/822416/000095012407001049/k12634e10vk.htm"
  },
  {
    "date": "2006-09-30",
    "symbol": "PHM",
    "reportedCurrency": "USD",
    "cik": "0000822416",
    "fillingDate": "2006-11-07",
    "acceptedDate": "2006-11-07 10:23:25",
    "calendarYear": "2006",
    "period": "Q3",
    "revenue": 3563959000,
    "costOfRevenue": 2959712000,
    "grossProfit": 604247000,
    "grossProfitRatio": 0.1695437574,
    "researchAndDevelopmentExpenses": 0,
    "generalAndAdministrativeExpenses": 0,
    "sellingAndMarketingExpenses": 0,
    "sellingGeneralAndAdministrativeExpenses": 310614000,
    "otherExpenses": 0,
    "operatingExpenses": 310614000,
    "costAndExpenses": 3270326000,
    "interestIncome": 0,
    "interestExpense": 0,
    "depreciationAndAmortization": 20522000,
    "ebitda": 314155000,
    "ebitdaratio": 0.0881477593,
    "operatingIncome": 293633000,
    "operatingIncomeRatio": 0.0823895561,
    "totalOtherIncomeExpensesNet": 1881000,
    "incomeBeforeTax": 295514000,
    "incomeBeforeTaxRatio": 0.08291734,
    "incomeTaxExpense": 104064000,
    "netIncome": 190219000,
    "netIncomeRatio": 0.0533729485,
    "eps": 0.76,
    "epsdiluted": 0.74,
    "weightedAverageShsOut": 251287000,
    "weightedAverageShsOutDil": 257215000,
    "link": "https://www.sec.gov/Archives/edgar/data/822416/000095012406006531/0000950124-06-006531-index.htm",
    "finalLink": "https://www.sec.gov/Archives/edgar/data/822416/000095012406006531/k09762e10vq.htm"
  },
  {
    "date": "2006-06-30",
    "symbol": "PHM",
    "reportedCurrency": "USD",
    "cik": "0000822416",
    "fillingDate": "2006-08-04",
    "acceptedDate": "2006-08-04 09:54:12",
    "calendarYear": "2006",
    "period": "Q2",
    "revenue": 3358967000,
    "costOfRevenue": 2674637000,
    "grossProfit": 684330000,
    "grossProfitRatio": 0.2037322784,
    "researchAndDevelopmentExpenses": 0,
    "generalAndAdministrativeExpenses": 0,
    "sellingAndMarketingExpenses": 0,
    "sellingGeneralAndAdministrativeExpenses": 295393000,
    "otherExpenses": 0,
    "operatingExpenses": 295393000,
    "costAndExpenses": 2970030000,
    "interestIncome": 0,
    "interestExpense": 0,
    "depreciationAndAmortization": 19624000,
    "ebitda": 408561000,
    "ebitdaratio": 0.1216329306,
    "operatingIncome": 388937000,
    "operatingIncomeRatio": 0.1157906583,
    "totalOtherIncomeExpensesNet": -1212000,
    "incomeBeforeTax": 387725000,
    "incomeBeforeTaxRatio": 0.115429833,
    "incomeTaxExpense": 143873000,
    "netIncome": 243019000,
    "netIncomeRatio": 0.0723493264,
    "eps": 0.96,
    "epsdiluted": 0.94,
    "weightedAverageShsOut": 252618000,
    "weightedAverageShsOutDil": 258947000,
    "link": "https://www.sec.gov/Archives/edgar/data/822416/000095012406004170/0000950124-06-004170-index.htm",
    "finalLink": "https://www.sec.gov/Archives/edgar/data/822416/000095012406004170/k07420e10vq.htm"
  },
  {
    "date": "2006-03-31",
    "symbol": "PHM",
    "reportedCurrency": "USD",
    "cik": "0000822416",
    "fillingDate": "2006-05-05",
    "acceptedDate": "2006-05-05 11:54:26",
    "calendarYear": "2006",
    "period": "Q1",
    "revenue": 2962576000,
    "costOfRevenue": 2286699000,
    "grossProfit": 675877000,
    "grossProfitRatio": 0.2281382824,
    "researchAndDevelopmentExpenses": 0,
    "generalAndAdministrativeExpenses": 0,
    "sellingAndMarketingExpenses": 0,
    "sellingGeneralAndAdministrativeExpenses": 291276000,
    "otherExpenses": 0,
    "operatingExpenses": 291276000,
    "costAndExpenses": 2577975000,
    "interestIncome": 0,
    "interestExpense": 0,
    "depreciationAndAmortization": 18363000,
    "ebitda": 402964000,
    "ebitdaratio": 0.136018114,
    "operatingIncome": 384601000,
    "operatingIncomeRatio": 0.129819792,
    "totalOtherIncomeExpensesNet": 32943000,
    "incomeBeforeTax": 417544000,
    "incomeBeforeTaxRatio": 0.1409395067,
    "incomeTaxExpense": 154899000,
    "netIncome": 262645000,
    "netIncomeRatio": 0.0886542657,
    "eps": 1.04,
    "epsdiluted": 1.01,
    "weightedAverageShsOut": 253684000,
    "weightedAverageShsOutDil": 260738000,
    "link": "https://www.sec.gov/Archives/edgar/data/822416/000095012406002524/0000950124-06-002524-index.htm",
    "finalLink": "https://www.sec.gov/Archives/edgar/data/822416/000095012406002524/k04976e10vq.htm"
  },
  {
    "date": "2005-12-31",
    "symbol": "PHM",
    "reportedCurrency": "USD",
    "cik": "0000822416",
    "fillingDate": "2006-03-10",
    "acceptedDate": "2006-03-10 13:27:24",
    "calendarYear": "2005",
    "period": "Q4",
    "revenue": 5007467000,
    "costOfRevenue": 4100524000,
    "grossProfit": 906943000,
    "grossProfitRatio": 0.1811181182,
    "researchAndDevelopmentExpenses": 0,
    "generalAndAdministrativeExpenses": 0,
    "sellingAndMarketingExpenses": 0,
    "sellingGeneralAndAdministrativeExpenses": 0,
    "otherExpenses": 97279000,
    "operatingExpenses": 97279000,
    "costAndExpenses": 4197803000,
    "interestIncome": 0,
    "interestExpense": 0,
    "depreciationAndAmortization": 16702000,
    "ebitda": 826366000,
    "ebitdaratio": 0.1650267491,
    "operatingIncome": 809664000,
    "operatingIncomeRatio": 0.1616913302,
    "totalOtherIncomeExpensesNet": 21033000,
    "incomeBeforeTax": 830697000,
    "incomeBeforeTaxRatio": 0.1658916574,
    "incomeTaxExpense": 303613000,
    "netIncome": 574539000,
    "netIncomeRatio": 0.1147364526,
    "eps": 2.26,
    "epsdiluted": 2.26,
    "weightedAverageShsOut": 253684000,
    "weightedAverageShsOutDil": 253684000,
    "link": "https://www.sec.gov/Archives/edgar/data/822416/000095012406001106/0000950124-06-001106-index.htm",
    "finalLink": "https://www.sec.gov/Archives/edgar/data/822416/000095012406001106/k02502e10vk.htm"
  },
  {
    "date": "2005-09-30",
    "symbol": "PHM",
    "reportedCurrency": "USD",
    "cik": "0000822416",
    "fillingDate": "2005-11-04",
    "acceptedDate": "2005-11-04 14:57:33",
    "calendarYear": "2005",
    "period": "Q3",
    "revenue": 3794172000,
    "costOfRevenue": 3170306000,
    "grossProfit": 623866000,
    "grossProfitRatio": 0.1644274429,
    "researchAndDevelopmentExpenses": 0,
    "generalAndAdministrativeExpenses": 0,
    "sellingAndMarketingExpenses": 0,
    "sellingGeneralAndAdministrativeExpenses": 0,
    "otherExpenses": 0,
    "operatingExpenses": 0,
    "costAndExpenses": 3170306000,
    "interestIncome": 0,
    "interestExpense": 0,
    "depreciationAndAmortization": 16112000,
    "ebitda": 639978000,
    "ebitdaratio": 0.1686739557,
    "operatingIncome": 623866000,
    "operatingIncomeRatio": 0.1644274429,
    "totalOtherIncomeExpensesNet": -10164000,
    "incomeBeforeTax": 613702000,
    "incomeBeforeTaxRatio": 0.1617485976,
    "incomeTaxExpense": 225983000,
    "netIncome": 395421000,
    "netIncomeRatio": 0.1042179954,
    "eps": 1.54,
    "epsdiluted": 1.5,
    "weightedAverageShsOut": 256081000,
    "weightedAverageShsOutDil": 263908000,
    "link": "https://www.sec.gov/Archives/edgar/data/822416/000095012405006153/0000950124-05-006153-index.htm",
    "finalLink": "https://www.sec.gov/Archives/edgar/data/822416/000095012405006153/k99357e10vq.htm"
  },
  {
    "date": "2005-06-30",
    "symbol": "PHM",
    "reportedCurrency": "USD",
    "cik": "0000822416",
    "fillingDate": "2005-08-04",
    "acceptedDate": "2005-08-04 10:42:53",
    "calendarYear": "2005",
    "period": "Q2",
    "revenue": 3250945000,
    "costOfRevenue": 2758608000,
    "grossProfit": 492337000,
    "grossProfitRatio": 0.1514442724,
    "researchAndDevelopmentExpenses": 0,
    "generalAndAdministrativeExpenses": 0,
    "sellingAndMarketingExpenses": 0,
    "sellingGeneralAndAdministrativeExpenses": 0,
    "otherExpenses": 0,
    "operatingExpenses": 0,
    "costAndExpenses": 2758608000,
    "interestIncome": 0,
    "interestExpense": 0,
    "depreciationAndAmortization": 14965000,
    "ebitda": 507302000,
    "ebitdaratio": 0.1560475493,
    "operatingIncome": 492337000,
    "operatingIncomeRatio": 0.1514442724,
    "totalOtherIncomeExpensesNet": -6515000,
    "incomeBeforeTax": 484445000,
    "incomeBeforeTaxRatio": 0.1490166705,
    "incomeTaxExpense": 180680000,
    "netIncome": 303711000,
    "netIncomeRatio": 0.0934223741,
    "eps": 1.19,
    "epsdiluted": 1.15,
    "weightedAverageShsOut": 255874000,
    "weightedAverageShsOutDil": 263677000,
    "link": "https://www.sec.gov/Archives/edgar/data/822416/000095012405004668/0000950124-05-004668-index.htm",
    "finalLink": "https://www.sec.gov/Archives/edgar/data/822416/000095012405004668/k96945e10vq.htm"
  },
  {
    "date": "2005-03-31",
    "symbol": "PHM",
    "reportedCurrency": "USD",
    "cik": "0000822416",
    "fillingDate": "2005-05-06",
    "acceptedDate": "2005-05-06 12:13:46",
    "calendarYear": "2005",
    "period": "Q1",
    "revenue": 2517818000,
    "costOfRevenue": 2161714000,
    "grossProfit": 356104000,
    "grossProfitRatio": 0.1414335746,
    "researchAndDevelopmentExpenses": 0,
    "generalAndAdministrativeExpenses": 0,
    "sellingAndMarketingExpenses": 0,
    "sellingGeneralAndAdministrativeExpenses": 24004000,
    "otherExpenses": 0,
    "operatingExpenses": 24004000,
    "costAndExpenses": 2185718000,
    "interestIncome": 0,
    "interestExpense": 0,
    "depreciationAndAmortization": 13733000,
    "ebitda": 345833000,
    "ebitdaratio": 0.1373542488,
    "operatingIncome": 332100000,
    "operatingIncomeRatio": 0.1318999229,
    "totalOtherIncomeExpensesNet": 14797000,
    "incomeBeforeTax": 348170000,
    "incomeBeforeTaxRatio": 0.1382824334,
    "incomeTaxExpense": 129850000,
    "netIncome": 218242000,
    "netIncomeRatio": 0.0866790213,
    "eps": 0.86,
    "epsdiluted": 0.83,
    "weightedAverageShsOut": 254868000,
    "weightedAverageShsOutDil": 262753000,
    "link": "https://www.sec.gov/Archives/edgar/data/822416/000095012405003039/0000950124-05-003039-index.htm",
    "finalLink": "https://www.sec.gov/Archives/edgar/data/822416/000095012405003039/k94826e10vq.htm"
  },
  {
    "date": "2004-12-31",
    "symbol": "PHM",
    "reportedCurrency": "USD",
    "cik": "0000822416",
    "fillingDate": "2005-03-10",
    "acceptedDate": "2005-03-10 13:46:29",
    "calendarYear": "2004",
    "period": "Q4",
    "revenue": 4186462000,
    "costOfRevenue": 3453220000,
    "grossProfit": 733242000,
    "grossProfitRatio": 0.1751459825,
    "researchAndDevelopmentExpenses": 0,
    "generalAndAdministrativeExpenses": 0,
    "sellingAndMarketingExpenses": 0,
    "sellingGeneralAndAdministrativeExpenses": 0,
    "otherExpenses": 92434000,
    "operatingExpenses": 92434000,
    "costAndExpenses": 3545654000,
    "interestIncome": 0,
    "interestExpense": 0,
    "depreciationAndAmortization": 12255000,
    "ebitda": 653063000,
    "ebitdaratio": 0.1559940112,
    "operatingIncome": 640808000,
    "operatingIncomeRatio": 0.1530667184,
    "totalOtherIncomeExpensesNet": 26362000,
    "incomeBeforeTax": 667170000,
    "incomeBeforeTaxRatio": 0.1593636823,
    "incomeTaxExpense": 247858000,
    "netIncome": 397373000,
    "netIncomeRatio": 0.0949185732,
    "eps": 1.56,
    "epsdiluted": 1.56,
    "weightedAverageShsOut": 254868000,
    "weightedAverageShsOutDil": 254868000,
    "link": "https://www.sec.gov/Archives/edgar/data/822416/000095012405001416/0000950124-05-001416-index.htm",
    "finalLink": "https://www.sec.gov/Archives/edgar/data/822416/000095012405001416/k91896e10vk.htm"
  },
  {
    "date": "2004-09-30",
    "symbol": "PHM",
    "reportedCurrency": "USD",
    "cik": "0000822416",
    "fillingDate": "2004-11-03",
    "acceptedDate": "2004-11-03 10:50:42",
    "calendarYear": "2004",
    "period": "Q3",
    "revenue": 2959805000,
    "costOfRevenue": 2557982000,
    "grossProfit": 401823000,
    "grossProfitRatio": 0.1357599572,
    "researchAndDevelopmentExpenses": 0,
    "generalAndAdministrativeExpenses": 0,
    "sellingAndMarketingExpenses": 0,
    "sellingGeneralAndAdministrativeExpenses": 0,
    "otherExpenses": 0,
    "operatingExpenses": 0,
    "costAndExpenses": 2557982000,
    "interestIncome": 0,
    "interestExpense": 0,
    "depreciationAndAmortization": 12015000,
    "ebitda": 413838000,
    "ebitdaratio": 0.1398193462,
    "operatingIncome": 401823000,
    "operatingIncomeRatio": 0.1357599572,
    "totalOtherIncomeExpensesNet": 16146000,
    "incomeBeforeTax": 418011000,
    "incomeBeforeTaxRatio": 0.1412292364,
    "incomeTaxExpense": 158861000,
    "netIncome": 269936000,
    "netIncomeRatio": 0.0912006027,
    "eps": 1.07,
    "epsdiluted": 1.03,
    "weightedAverageShsOut": 253133000,
    "weightedAverageShsOutDil": 260970000,
    "link": "https://www.sec.gov/Archives/edgar/data/822416/000095012404005265/0000950124-04-005265-index.htm",
    "finalLink": "https://www.sec.gov/Archives/edgar/data/822416/000095012404005265/k88687e10vq.htm"
  },
  {
    "date": "2004-06-30",
    "symbol": "PHM",
    "reportedCurrency": "USD",
    "cik": "0000822416",
    "fillingDate": "2004-08-04",
    "acceptedDate": "2004-08-04 08:54:31",
    "calendarYear": "2004",
    "period": "Q2",
    "revenue": 2515158000,
    "costOfRevenue": 2221582000,
    "grossProfit": 293576000,
    "grossProfitRatio": 0.116722687,
    "researchAndDevelopmentExpenses": 0,
    "generalAndAdministrativeExpenses": 0,
    "sellingAndMarketingExpenses": 0,
    "sellingGeneralAndAdministrativeExpenses": 0,
    "otherExpenses": 0,
    "operatingExpenses": 0,
    "costAndExpenses": 2221582000,
    "interestIncome": 0,
    "interestExpense": 0,
    "depreciationAndAmortization": 11866000,
    "ebitda": 305442000,
    "ebitdaratio": 0.1214404821,
    "operatingIncome": 293576000,
    "operatingIncomeRatio": 0.116722687,
    "totalOtherIncomeExpensesNet": 10383000,
    "incomeBeforeTax": 302732000,
    "incomeBeforeTaxRatio": 0.120363015,
    "incomeTaxExpense": 115023000,
    "netIncome": 187603000,
    "netIncomeRatio": 0.0745889523,
    "eps": 0.75,
    "epsdiluted": 0.73,
    "weightedAverageShsOut": 252508000,
    "weightedAverageShsOutDil": 258712000,
    "link": "https://www.sec.gov/Archives/edgar/data/822416/000095012404003549/0000950124-04-003549-index.htm",
    "finalLink": "https://www.sec.gov/Archives/edgar/data/822416/000095012404003549/k86650e10vq.htm"
  },
  {
    "date": "2004-03-31",
    "symbol": "PHM",
    "reportedCurrency": "USD",
    "cik": "0000822416",
    "fillingDate": "2004-05-06",
    "acceptedDate": "2004-05-06 08:51:06",
    "calendarYear": "2004",
    "period": "Q1",
    "revenue": 2031732000,
    "costOfRevenue": 1825782000,
    "grossProfit": 205950000,
    "grossProfitRatio": 0.1013667157,
    "researchAndDevelopmentExpenses": 0,
    "generalAndAdministrativeExpenses": 0,
    "sellingAndMarketingExpenses": 0,
    "sellingGeneralAndAdministrativeExpenses": 0,
    "otherExpenses": 0,
    "operatingExpenses": 0,
    "costAndExpenses": 1825782000,
    "interestIncome": 0,
    "interestExpense": 0,
    "depreciationAndAmortization": 10160000,
    "ebitda": 216110000,
    "ebitdaratio": 0.1063673752,
    "operatingIncome": 205950000,
    "operatingIncomeRatio": 0.1013667157,
    "totalOtherIncomeExpensesNet": 7223000,
    "incomeBeforeTax": 212624000,
    "incomeBeforeTaxRatio": 0.1046515978,
    "incomeTaxExpense": 80787000,
    "netIncome": 131629000,
    "netIncomeRatio": 0.0647865959,
    "eps": 0.53,
    "epsdiluted": 0.51,
    "weightedAverageShsOut": 250602000,
    "weightedAverageShsOutDil": 257658000,
    "link": "https://www.sec.gov/Archives/edgar/data/822416/000095012404002084/0000950124-04-002084-index.htm",
    "finalLink": "https://www.sec.gov/Archives/edgar/data/822416/000095012404002084/k84930e10vq.htm"
  },
  {
    "date": "2003-12-31",
    "symbol": "PHM",
    "reportedCurrency": "USD",
    "cik": "0000822416",
    "fillingDate": "2004-02-27",
    "acceptedDate": "2004-02-27 14:07:28",
    "calendarYear": "2003",
    "period": "Q4",
    "revenue": 3138348000,
    "costOfRevenue": 2620533000,
    "grossProfit": 517815000,
    "grossProfitRatio": 0.1649960425,
    "researchAndDevelopmentExpenses": 0,
    "generalAndAdministrativeExpenses": 0,
    "sellingAndMarketingExpenses": 0,
    "sellingGeneralAndAdministrativeExpenses": 0,
    "otherExpenses": 78632000,
    "operatingExpenses": 78632000,
    "costAndExpenses": 2699165000,
    "interestIncome": 0,
    "interestExpense": 0,
    "depreciationAndAmortization": 11137000,
    "ebitda": 450320000,
    "ebitdaratio": 0.1434895047,
    "operatingIncome": 439183000,
    "operatingIncomeRatio": 0.1399408224,
    "totalOtherIncomeExpensesNet": -39184000,
    "incomeBeforeTax": 399999000,
    "incomeBeforeTaxRatio": 0.1274552726,
    "incomeTaxExpense": 152013000,
    "netIncome": 247894000,
    "netIncomeRatio": 0.0789886909,
    "eps": 0.99,
    "epsdiluted": 0.99,
    "weightedAverageShsOut": 246912000,
    "weightedAverageShsOutDil": 250602000,
    "link": "https://www.sec.gov/Archives/edgar/data/822416/000095012404000578/0000950124-04-000578-index.htm",
    "finalLink": "https://www.sec.gov/Archives/edgar/data/822416/000095012404000578/k82512e10vk.htm"
  },
  {
    "date": "2003-09-30",
    "symbol": "PHM",
    "reportedCurrency": "USD",
    "cik": "0000822416",
    "fillingDate": "2003-11-05",
    "acceptedDate": "2003-11-05 11:54:59",
    "calendarYear": "2003",
    "period": "Q3",
    "revenue": 2399803000,
    "costOfRevenue": 2151697000,
    "grossProfit": 248106000,
    "grossProfitRatio": 0.1033859863,
    "researchAndDevelopmentExpenses": 0,
    "generalAndAdministrativeExpenses": 0,
    "sellingAndMarketingExpenses": 0,
    "sellingGeneralAndAdministrativeExpenses": 0,
    "otherExpenses": 0,
    "operatingExpenses": 0,
    "costAndExpenses": 2151697000,
    "interestIncome": 0,
    "interestExpense": 0,
    "depreciationAndAmortization": 10365000,
    "ebitda": 258816000,
    "ebitdaratio": 0.1078488526,
    "operatingIncome": 248106000,
    "operatingIncomeRatio": 0.1033859863,
    "totalOtherIncomeExpensesNet": 11559000,
    "incomeBeforeTax": 259665000,
    "incomeBeforeTaxRatio": 0.1082026316,
    "incomeTaxExpense": 98630000,
    "netIncome": 168886000,
    "netIncomeRatio": 0.0703749433,
    "eps": 0.69,
    "epsdiluted": 0.67,
    "weightedAverageShsOut": 244496000,
    "weightedAverageShsOutDil": 251556000,
    "link": "https://www.sec.gov/Archives/edgar/data/822416/000095012403003436/0000950124-03-003436-index.htm",
    "finalLink": "https://www.sec.gov/Archives/edgar/data/822416/000095012403003436/k80549e10vq.htm"
  },
  {
    "date": "2003-06-30",
    "symbol": "PHM",
    "reportedCurrency": "USD",
    "cik": "0000822416",
    "fillingDate": "2003-08-06",
    "acceptedDate": "2003-08-06 08:59:58",
    "calendarYear": "2003",
    "period": "Q2",
    "revenue": 1958185000,
    "costOfRevenue": 1765827000,
    "grossProfit": 192358000,
    "grossProfitRatio": 0.0982328023,
    "researchAndDevelopmentExpenses": 0,
    "generalAndAdministrativeExpenses": 0,
    "sellingAndMarketingExpenses": 0,
    "sellingGeneralAndAdministrativeExpenses": 0,
    "otherExpenses": 0,
    "operatingExpenses": 0,
    "costAndExpenses": 1765827000,
    "interestIncome": 0,
    "interestExpense": 0,
    "depreciationAndAmortization": 11130000,
    "ebitda": 202685000,
    "ebitdaratio": 0.1035065635,
    "operatingIncome": 192358000,
    "operatingIncomeRatio": 0.0982328023,
    "totalOtherIncomeExpensesNet": 4475000,
    "incomeBeforeTax": 196833000,
    "incomeBeforeTaxRatio": 0.1005180818,
    "incomeTaxExpense": 74833000,
    "netIncome": 121717000,
    "netIncomeRatio": 0.0621580698,
    "eps": 0.5,
    "epsdiluted": 0.49,
    "weightedAverageShsOut": 242736000,
    "weightedAverageShsOutDil": 249888000,
    "link": "https://www.sec.gov/Archives/edgar/data/822416/000095012403002566/0000950124-03-002566-index.htm",
    "finalLink": "https://www.sec.gov/Archives/edgar/data/822416/000095012403002566/k78714e10vq.htm"
  },
  {
    "date": "2003-03-31",
    "symbol": "PHM",
    "reportedCurrency": "USD",
    "cik": "0000822416",
    "fillingDate": "2003-05-12",
    "acceptedDate": "2003-05-12 09:42:51",
    "calendarYear": "2003",
    "period": "Q1",
    "revenue": 1552590000,
    "costOfRevenue": 1422091000,
    "grossProfit": 130499000,
    "grossProfitRatio": 0.0840524543,
    "researchAndDevelopmentExpenses": 0,
    "generalAndAdministrativeExpenses": 0,
    "sellingAndMarketingExpenses": 0,
    "sellingGeneralAndAdministrativeExpenses": 0,
    "otherExpenses": 0,
    "operatingExpenses": 0,
    "costAndExpenses": 1422091000,
    "interestIncome": 0,
    "interestExpense": 0,
    "depreciationAndAmortization": 7528000,
    "ebitda": 138830000,
    "ebitdaratio": 0.0894183268,
    "operatingIncome": 130499000,
    "operatingIncomeRatio": 0.0840524543,
    "totalOtherIncomeExpensesNet": 8660000,
    "incomeBeforeTax": 139159000,
    "incomeBeforeTaxRatio": 0.0896302308,
    "incomeTaxExpense": 52858000,
    "netIncome": 86137000,
    "netIncomeRatio": 0.0554795535,
    "eps": 0.36,
    "epsdiluted": 0.35,
    "weightedAverageShsOut": 242668000,
    "weightedAverageShsOutDil": 248076000,
    "link": "https://www.sec.gov/Archives/edgar/data/822416/000095012403001635/0000950124-03-001635-index.htm",
    "finalLink": "https://www.sec.gov/Archives/edgar/data/822416/000095012403001635/k76820e10vq.htm"
  },
  {
    "date": "2002-12-31",
    "symbol": "PHM",
    "reportedCurrency": "USD",
    "cik": "0000822416",
    "fillingDate": "2003-03-11",
    "acceptedDate": "2003-03-11 15:26:52",
    "calendarYear": "2002",
    "period": "Q4",
    "revenue": 2548009000,
    "costOfRevenue": 2160487000,
    "grossProfit": 387522000,
    "grossProfitRatio": 0.1520881598,
    "researchAndDevelopmentExpenses": 0,
    "generalAndAdministrativeExpenses": 0,
    "sellingAndMarketingExpenses": 0,
    "sellingGeneralAndAdministrativeExpenses": 0,
    "otherExpenses": 63170000,
    "operatingExpenses": 63170000,
    "costAndExpenses": 2223657000,
    "interestIncome": 0,
    "interestExpense": 0,
    "depreciationAndAmortization": 6560000,
    "ebitda": 330912000,
    "ebitdaratio": 0.1298708129,
    "operatingIncome": 324352000,
    "operatingIncomeRatio": 0.1272962537,
    "totalOtherIncomeExpensesNet": -42380000,
    "incomeBeforeTax": 281972000,
    "incomeBeforeTaxRatio": 0.1106636594,
    "incomeTaxExpense": 109928000,
    "netIncome": 171884000,
    "netIncomeRatio": 0.0674581605,
    "eps": 0.71,
    "epsdiluted": 0.71,
    "weightedAverageShsOut": 242668000,
    "weightedAverageShsOutDil": 242668000,
    "link": "https://www.sec.gov/Archives/edgar/data/822416/000095012403000575/0000950124-03-000575-index.htm",
    "finalLink": "https://www.sec.gov/Archives/edgar/data/822416/000095012403000575/k74376e10vk.htm"
  },
  {
    "date": "2002-09-30",
    "symbol": "PHM",
    "reportedCurrency": "USD",
    "cik": "0000822416",
    "fillingDate": "2002-11-13",
    "acceptedDate": "2002-11-13 15:25:29",
    "calendarYear": "2002",
    "period": "Q3",
    "revenue": 1859506000,
    "costOfRevenue": 1675702000,
    "grossProfit": 183804000,
    "grossProfitRatio": 0.0988456074,
    "researchAndDevelopmentExpenses": 0,
    "generalAndAdministrativeExpenses": 0,
    "sellingAndMarketingExpenses": 0,
    "sellingGeneralAndAdministrativeExpenses": 0,
    "otherExpenses": 0,
    "operatingExpenses": 0,
    "costAndExpenses": 1675702000,
    "interestIncome": 0,
    "interestExpense": 0,
    "depreciationAndAmortization": 2105000,
    "ebitda": 190276000,
    "ebitdaratio": 0.1023261017,
    "operatingIncome": 183804000,
    "operatingIncomeRatio": 0.0988456074,
    "totalOtherIncomeExpensesNet": 2290000,
    "incomeBeforeTax": 186094000,
    "incomeBeforeTaxRatio": 0.1000771173,
    "incomeTaxExpense": 72585000,
    "netIncome": 123446000,
    "netIncomeRatio": 0.0663864489,
    "eps": 0.51,
    "epsdiluted": 0.5,
    "weightedAverageShsOut": 243168000,
    "weightedAverageShsOutDil": 247800000,
    "link": "https://www.sec.gov/Archives/edgar/data/822416/000095012402003498/0000950124-02-003498-index.htm",
    "finalLink": "https://www.sec.gov/Archives/edgar/data/822416/000095012402003498/k72418e10vq.htm"
  },
  {
    "date": "2002-06-30",
    "symbol": "PHM",
    "reportedCurrency": "USD",
    "cik": "0000822416",
    "fillingDate": "2002-08-14",
    "acceptedDate": "2002-08-14 15:20:36",
    "calendarYear": "2002",
    "period": "Q2",
    "revenue": 1685563000,
    "costOfRevenue": 1540585000,
    "grossProfit": 144978000,
    "grossProfitRatio": 0.0860116175,
    "researchAndDevelopmentExpenses": 0,
    "generalAndAdministrativeExpenses": 0,
    "sellingAndMarketingExpenses": 0,
    "sellingGeneralAndAdministrativeExpenses": 0,
    "otherExpenses": 0,
    "operatingExpenses": 0,
    "costAndExpenses": 1540585000,
    "interestIncome": 0,
    "interestExpense": 0,
    "depreciationAndAmortization": 10131000,
    "ebitda": 150742000,
    "ebitdaratio": 0.0894312464,
    "operatingIncome": 144978000,
    "operatingIncomeRatio": 0.0860116175,
    "totalOtherIncomeExpensesNet": 3244000,
    "incomeBeforeTax": 148222000,
    "incomeBeforeTaxRatio": 0.087936197,
    "incomeTaxExpense": 57814000,
    "netIncome": 90203000,
    "netIncomeRatio": 0.053515057,
    "eps": 0.37,
    "epsdiluted": 0.36,
    "weightedAverageShsOut": 242000000,
    "weightedAverageShsOutDil": 249436000,
    "link": "https://www.sec.gov/Archives/edgar/data/822416/000095012402002750/0000950124-02-002750-index.htm",
    "finalLink": "https://www.sec.gov/Archives/edgar/data/822416/000095012402002750/k71333e10vq.htm"
  },
  {
    "date": "2002-03-31",
    "symbol": "PHM",
    "reportedCurrency": "USD",
    "cik": "0000822416",
    "fillingDate": "2002-05-09",
    "acceptedDate": "2002-05-09 09:55:58",
    "calendarYear": "2002",
    "period": "Q1",
    "revenue": 1378741000,
    "costOfRevenue": 1269892000,
    "grossProfit": 108849000,
    "grossProfitRatio": 0.0789481128,
    "researchAndDevelopmentExpenses": 0,
    "generalAndAdministrativeExpenses": 0,
    "sellingAndMarketingExpenses": 0,
    "sellingGeneralAndAdministrativeExpenses": 0,
    "otherExpenses": 0,
    "operatingExpenses": 0,
    "costAndExpenses": 1269892000,
    "interestIncome": 0,
    "interestExpense": 0,
    "depreciationAndAmortization": 10988000,
    "ebitda": 119837000,
    "ebitdaratio": 0.0869177025,
    "operatingIncome": 108849000,
    "operatingIncomeRatio": 0.0789481128,
    "totalOtherIncomeExpensesNet": 3685000,
    "incomeBeforeTax": 112534000,
    "incomeBeforeTaxRatio": 0.081620841,
    "incomeTaxExpense": 43894000,
    "netIncome": 68112000,
    "netIncomeRatio": 0.0494015917,
    "eps": 0.28,
    "epsdiluted": 0.28,
    "weightedAverageShsOut": 239452000,
    "weightedAverageShsOutDil": 245888000,
    "link": "https://www.sec.gov/Archives/edgar/data/822416/000095012402001628/0000950124-02-001628-index.htm",
    "finalLink": "https://www.sec.gov/Archives/edgar/data/822416/000095012402001628/k69441e10-q.htm"
  },
  {
    "date": "2001-12-31",
    "symbol": "PHM",
    "reportedCurrency": "USD",
    "cik": "0000822416",
    "fillingDate": "2002-03-08",
    "acceptedDate": "2002-03-08 00:00:00",
    "calendarYear": "2001",
    "period": "Q4",
    "revenue": 2002120000,
    "costOfRevenue": 1750235000,
    "grossProfit": 251885000,
    "grossProfitRatio": 0.1258091423,
    "researchAndDevelopmentExpenses": 0,
    "generalAndAdministrativeExpenses": 0,
    "sellingAndMarketingExpenses": 0,
    "sellingGeneralAndAdministrativeExpenses": 0,
    "otherExpenses": 59662000,
    "operatingExpenses": 59662000,
    "costAndExpenses": 1809897000,
    "interestIncome": 0,
    "interestExpense": 0,
    "depreciationAndAmortization": 12252000,
    "ebitda": 204475000,
    "ebitdaratio": 0.102129243,
    "operatingIncome": 192223000,
    "operatingIncomeRatio": 0.0960097297,
    "totalOtherIncomeExpensesNet": 2166000,
    "incomeBeforeTax": 194389000,
    "incomeBeforeTaxRatio": 0.0970915829,
    "incomeTaxExpense": 74853000,
    "netIncome": 119441000,
    "netIncomeRatio": 0.0596572633,
    "eps": 0.5,
    "epsdiluted": 0.5,
    "weightedAverageShsOut": 236240000,
    "weightedAverageShsOutDil": 239452000,
    "link": "https://www.sec.gov/Archives/edgar/data/822416/000095012402000710/0000950124-02-000710-index.htm",
    "finalLink": "https://www.sec.gov/Archives/edgar/data/822416/000095012402000710/k67605e10-k.htm"
  },
  {
    "date": "2001-09-30",
    "symbol": "PHM",
    "reportedCurrency": "USD",
    "cik": "0000822416",
    "fillingDate": "2001-11-14",
    "acceptedDate": "2001-11-14 00:00:00",
    "calendarYear": "2001",
    "period": "Q3",
    "revenue": 1481935000,
    "costOfRevenue": 1347659000,
    "grossProfit": 134276000,
    "grossProfitRatio": 0.0906085625,
    "researchAndDevelopmentExpenses": 0,
    "generalAndAdministrativeExpenses": 0,
    "sellingAndMarketingExpenses": 0,
    "sellingGeneralAndAdministrativeExpenses": 0,
    "otherExpenses": 0,
    "operatingExpenses": 0,
    "costAndExpenses": 1347659000,
    "interestIncome": 0,
    "interestExpense": 0,
    "depreciationAndAmortization": 10687000,
    "ebitda": 144963000,
    "ebitdaratio": 0.0978200798,
    "operatingIncome": 134276000,
    "operatingIncomeRatio": 0.0906085625,
    "totalOtherIncomeExpensesNet": 947000,
    "incomeBeforeTax": 135223000,
    "incomeBeforeTaxRatio": 0.0912475918,
    "incomeTaxExpense": 52072000,
    "netIncome": 82787000,
    "netIncomeRatio": 0.0558641236,
    "eps": 0.39,
    "epsdiluted": 0.38,
    "weightedAverageShsOut": 213684000,
    "weightedAverageShsOutDil": 218072000,
    "link": "https://www.sec.gov/Archives/edgar/data/822416/000095012401504078/0000950124-01-504078-index.htm",
    "finalLink": "https://www.sec.gov/Archives/edgar/data/822416/000095012401504078/k66124e10-q.htm"
  },
  {
    "date": "2001-06-30",
    "symbol": "PHM",
    "reportedCurrency": "USD",
    "cik": "0000822416",
    "fillingDate": "2001-08-14",
    "acceptedDate": "2001-08-14 00:00:00",
    "calendarYear": "2001",
    "period": "Q2",
    "revenue": 1058722000,
    "costOfRevenue": 966073000,
    "grossProfit": 92649000,
    "grossProfitRatio": 0.0875102246,
    "researchAndDevelopmentExpenses": 0,
    "generalAndAdministrativeExpenses": 0,
    "sellingAndMarketingExpenses": 0,
    "sellingGeneralAndAdministrativeExpenses": 0,
    "otherExpenses": 0,
    "operatingExpenses": 0,
    "costAndExpenses": 966073000,
    "interestIncome": 0,
    "interestExpense": 0,
    "depreciationAndAmortization": 4892000,
    "ebitda": 97541000,
    "ebitdaratio": 0.0921308899,
    "operatingIncome": 92649000,
    "operatingIncomeRatio": 0.0875102246,
    "totalOtherIncomeExpensesNet": 5918000,
    "incomeBeforeTax": 98567000,
    "incomeBeforeTaxRatio": 0.0930999828,
    "incomeTaxExpense": 37948000,
    "netIncome": 59794000,
    "netIncomeRatio": 0.0564775267,
    "eps": 0.36,
    "epsdiluted": 0.35,
    "weightedAverageShsOut": 167948000,
    "weightedAverageShsOutDil": 173460000,
    "link": "https://www.sec.gov/Archives/edgar/data/822416/000095012401502883/0000950124-01-502883-index.htm",
    "finalLink": "https://www.sec.gov/Archives/edgar/data/822416/000095012401502883/k64570e10-q.htm"
  },
  {
    "date": "2001-03-31",
    "symbol": "PHM",
    "reportedCurrency": "USD",
    "cik": "0000822416",
    "fillingDate": "2001-05-15",
    "acceptedDate": "2001-05-15 00:00:00",
    "calendarYear": "2001",
    "period": "Q1",
    "revenue": 840475000,
    "costOfRevenue": 779673000,
    "grossProfit": 60802000,
    "grossProfitRatio": 0.0723424254,
    "researchAndDevelopmentExpenses": 0,
    "generalAndAdministrativeExpenses": 0,
    "sellingAndMarketingExpenses": 0,
    "sellingGeneralAndAdministrativeExpenses": 0,
    "otherExpenses": 0,
    "operatingExpenses": 0,
    "costAndExpenses": 779673000,
    "interestIncome": 0,
    "interestExpense": 0,
    "depreciationAndAmortization": 5045000,
    "ebitda": 65847000,
    "ebitdaratio": 0.0783449835,
    "operatingIncome": 60802000,
    "operatingIncomeRatio": 0.0723424254,
    "totalOtherIncomeExpensesNet": 2806000,
    "incomeBeforeTax": 63608000,
    "incomeBeforeTaxRatio": 0.0756810137,
    "incomeTaxExpense": 24489000,
    "netIncome": 39371000,
    "netIncomeRatio": 0.0468437491,
    "eps": 0.24,
    "epsdiluted": 0.23,
    "weightedAverageShsOut": 167180000,
    "weightedAverageShsOutDil": 171996000,
    "link": "https://www.sec.gov/Archives/edgar/data/822416/000095012401501225/0000950124-01-501225-index.htm",
    "finalLink": "https://www.sec.gov/Archives/edgar/data/822416/000095012401501225/k62537e10-q.htm"
  },
  {
    "date": "2000-12-31",
    "symbol": "PHM",
    "reportedCurrency": "USD",
    "cik": "0000822416",
    "fillingDate": "2001-03-09",
    "acceptedDate": "2001-03-09 00:00:00",
    "calendarYear": "2000",
    "period": "Q4",
    "revenue": 1346765000,
    "costOfRevenue": 1204011000,
    "grossProfit": 142754000,
    "grossProfitRatio": 0.1059977056,
    "researchAndDevelopmentExpenses": 0,
    "generalAndAdministrativeExpenses": 0,
    "sellingAndMarketingExpenses": 0,
    "sellingGeneralAndAdministrativeExpenses": 0,
    "otherExpenses": 4528000,
    "operatingExpenses": 4528000,
    "costAndExpenses": 1208539000,
    "interestIncome": 0,
    "interestExpense": 0,
    "depreciationAndAmortization": 4528000,
    "ebitda": 142754000,
    "ebitdaratio": 0.1059977056,
    "operatingIncome": 138226000,
    "operatingIncomeRatio": 0.1026355749,
    "totalOtherIncomeExpensesNet": 968000,
    "incomeBeforeTax": 139194000,
    "incomeBeforeTaxRatio": 0.1033543343,
    "incomeTaxExpense": 53598000,
    "netIncome": 85593000,
    "netIncomeRatio": 0.0635545177,
    "eps": 0.51,
    "epsdiluted": 0.51,
    "weightedAverageShsOut": 164100000,
    "weightedAverageShsOutDil": 167180000,
    "link": "https://www.sec.gov/Archives/edgar/data/822416/000095012401001198/0000950124-01-001198-index.htm",
    "finalLink": "https://www.sec.gov/Archives/edgar/data/822416/000095012401001198/k60699e10-k405.htm"
  },
  {
    "date": "2000-09-30",
    "symbol": "PHM",
    "reportedCurrency": "USD",
    "cik": "0000822416",
    "fillingDate": "2000-11-14",
    "acceptedDate": "2000-11-14 00:00:00",
    "calendarYear": "2000",
    "period": "Q3",
    "revenue": 1053883000,
    "costOfRevenue": 955079000,
    "grossProfit": 98804000,
    "grossProfitRatio": 0.0937523425,
    "researchAndDevelopmentExpenses": 0,
    "generalAndAdministrativeExpenses": 0,
    "sellingAndMarketingExpenses": 0,
    "sellingGeneralAndAdministrativeExpenses": 0,
    "otherExpenses": 2171000,
    "operatingExpenses": 2171000,
    "costAndExpenses": 957250000,
    "interestIncome": 0,
    "interestExpense": 0,
    "depreciationAndAmortization": 2171000,
    "ebitda": 98804000,
    "ebitdaratio": 0.0937523425,
    "operatingIncome": 96633000,
    "operatingIncomeRatio": 0.0916923416,
    "totalOtherIncomeExpensesNet": 2317000,
    "incomeBeforeTax": 98950000,
    "incomeBeforeTaxRatio": 0.0938908778,
    "incomeTaxExpense": 38091000,
    "netIncome": 30892000,
    "netIncomeRatio": 0.0293125518,
    "eps": 0.19,
    "epsdiluted": 0.19,
    "weightedAverageShsOut": 161904000,
    "weightedAverageShsOutDil": 166108000,
    "link": "https://www.sec.gov/Archives/edgar/data/822416/000095012400006856/0000950124-00-006856-index.htm",
    "finalLink": "https://www.sec.gov/Archives/edgar/data/822416/000095012400006856/k58518e10-q.txt"
  },
  {
    "date": "2000-06-30",
    "symbol": "PHM",
    "reportedCurrency": "USD",
    "cik": "0000822416",
    "fillingDate": "2000-08-14",
    "acceptedDate": "2000-08-14 00:00:00",
    "calendarYear": "2000",
    "period": "Q2",
    "revenue": 982584000,
    "costOfRevenue": 902828000,
    "grossProfit": 79756000,
    "grossProfitRatio": 0.0811696506,
    "researchAndDevelopmentExpenses": 0,
    "generalAndAdministrativeExpenses": 0,
    "sellingAndMarketingExpenses": 0,
    "sellingGeneralAndAdministrativeExpenses": 0,
    "otherExpenses": 3905000,
    "operatingExpenses": 3905000,
    "costAndExpenses": 906733000,
    "interestIncome": 0,
    "interestExpense": 0,
    "depreciationAndAmortization": 3905000,
    "ebitda": 79756000,
    "ebitdaratio": 0.0811696506,
    "operatingIncome": 75851000,
    "operatingIncomeRatio": 0.0771954357,
    "totalOtherIncomeExpensesNet": 1639000,
    "incomeBeforeTax": 77490000,
    "incomeBeforeTaxRatio": 0.0788634865,
    "incomeTaxExpense": 29830000,
    "netIncome": 47692000,
    "netIncomeRatio": 0.0485373261,
    "eps": 0.29,
    "epsdiluted": 0.29,
    "weightedAverageShsOut": 164212000,
    "weightedAverageShsOutDil": 166276000,
    "link": "https://www.sec.gov/Archives/edgar/data/822416/000095012400004998/0000950124-00-004998-index.htm",
    "finalLink": "https://www.sec.gov/Archives/edgar/data/822416/000095012400004998/e10-q.txt"
  },
  {
    "date": "2000-03-31",
    "symbol": "PHM",
    "reportedCurrency": "USD",
    "cik": "0000822416",
    "fillingDate": "2000-05-15",
    "acceptedDate": "2000-05-15 00:00:00",
    "calendarYear": "2000",
    "period": "Q1",
    "revenue": 775819000,
    "costOfRevenue": 733262000,
    "grossProfit": 42557000,
    "grossProfitRatio": 0.0548542895,
    "researchAndDevelopmentExpenses": 0,
    "generalAndAdministrativeExpenses": 0,
    "sellingAndMarketingExpenses": 0,
    "sellingGeneralAndAdministrativeExpenses": 0,
    "otherExpenses": 3626000,
    "operatingExpenses": 3626000,
    "costAndExpenses": 736888000,
    "interestIncome": 0,
    "interestExpense": 0,
    "depreciationAndAmortization": 3626000,
    "ebitda": 42557000,
    "ebitdaratio": 0.0548542895,
    "operatingIncome": 38931000,
    "operatingIncomeRatio": 0.0501805189,
    "totalOtherIncomeExpensesNet": 531000,
    "incomeBeforeTax": 39462000,
    "incomeBeforeTaxRatio": 0.0508649569,
    "incomeTaxExpense": 15193000,
    "netIncome": 24336000,
    "netIncomeRatio": 0.0313681413,
    "eps": 0.14,
    "epsdiluted": 0.14,
    "weightedAverageShsOut": 170784000,
    "weightedAverageShsOutDil": 171484000,
    "link": "https://www.sec.gov/Archives/edgar/data/822416/000088969700000100/0000889697-00-000100-index.html",
    "finalLink": "https://www.sec.gov/Archives/edgar/data/822416/000088969700000100/"
  },
  {
    "date": "1999-12-31",
    "symbol": "PHM",
    "reportedCurrency": "USD",
    "cik": "0000822416",
    "fillingDate": "2000-03-02",
    "acceptedDate": "2000-03-02 00:00:00",
    "calendarYear": "1999",
    "period": "Q4",
    "revenue": 1240600000,
    "costOfRevenue": 1127000000,
    "grossProfit": 113600000,
    "grossProfitRatio": 0.0915685958,
    "researchAndDevelopmentExpenses": 0,
    "generalAndAdministrativeExpenses": 0,
    "sellingAndMarketingExpenses": 0,
    "sellingGeneralAndAdministrativeExpenses": 0,
    "otherExpenses": 4900000,
    "operatingExpenses": 4900000,
    "costAndExpenses": 1131900000,
    "interestIncome": 0,
    "interestExpense": 0,
    "depreciationAndAmortization": 4900000,
    "ebitda": 113600000,
    "ebitdaratio": 0.0915685958,
    "operatingIncome": 108700000,
    "operatingIncomeRatio": 0.0876188941,
    "totalOtherIncomeExpensesNet": 4100000,
    "incomeBeforeTax": 112800000,
    "incomeBeforeTaxRatio": 0.0909237466,
    "incomeTaxExpense": 43000000,
    "netIncome": 69700000,
    "netIncomeRatio": 0.0561824923,
    "eps": 0.41,
    "epsdiluted": 0.41,
    "weightedAverageShsOut": 170784000,
    "weightedAverageShsOutDil": 170784000,
    "link": "https://www.sec.gov/Archives/edgar/data/822416/000088969700000039/0000889697-00-000039-index.html",
    "finalLink": "https://www.sec.gov/Archives/edgar/data/822416/000088969700000039/"
  },
  {
    "date": "1999-09-30",
    "symbol": "PHM",
    "reportedCurrency": "USD",
    "cik": "0000822416",
    "fillingDate": "1999-11-12",
    "acceptedDate": "1999-11-12 00:00:00",
    "calendarYear": "1999",
    "period": "Q3",
    "revenue": 973100000,
    "costOfRevenue": 895300000,
    "grossProfit": 77800000,
    "grossProfitRatio": 0.0799506731,
    "researchAndDevelopmentExpenses": 0,
    "generalAndAdministrativeExpenses": 0,
    "sellingAndMarketingExpenses": 0,
    "sellingGeneralAndAdministrativeExpenses": 0,
    "otherExpenses": 2500000,
    "operatingExpenses": 2500000,
    "costAndExpenses": 897800000,
    "interestIncome": 0,
    "interestExpense": 0,
    "depreciationAndAmortization": 2500000,
    "ebitda": 77800000,
    "ebitdaratio": 0.0799506731,
    "operatingIncome": 75300000,
    "operatingIncomeRatio": 0.0773815641,
    "totalOtherIncomeExpensesNet": 700000,
    "incomeBeforeTax": 76000000,
    "incomeBeforeTaxRatio": 0.0781009146,
    "incomeTaxExpense": 28500000,
    "netIncome": 47100000,
    "netIncomeRatio": 0.0484020142,
    "eps": 0.27,
    "epsdiluted": 0.27,
    "weightedAverageShsOut": 172844037,
    "weightedAverageShsOutDil": 176074766,
    "link": "https://www.sec.gov/Archives/edgar/data/822416/000088969799000177/0000889697-99-000177-index.html",
    "finalLink": "https://www.sec.gov/Archives/edgar/data/822416/000088969799000177/"
  },
  {
    "date": "1999-06-30",
    "symbol": "PHM",
    "reportedCurrency": "USD",
    "cik": "0000822416",
    "fillingDate": "1999-08-16",
    "acceptedDate": "1999-08-16 00:00:00",
    "calendarYear": "1999",
    "period": "Q2",
    "revenue": 834152000,
    "costOfRevenue": 773400000,
    "grossProfit": 60752000,
    "grossProfitRatio": 0.072830851,
    "researchAndDevelopmentExpenses": 0,
    "generalAndAdministrativeExpenses": 0,
    "sellingAndMarketingExpenses": 0,
    "sellingGeneralAndAdministrativeExpenses": 0,
    "otherExpenses": 3000000,
    "operatingExpenses": 3000000,
    "costAndExpenses": 776400000,
    "interestIncome": 0,
    "interestExpense": 0,
    "depreciationAndAmortization": 3000000,
    "ebitda": 60752000,
    "ebitdaratio": 0.072830851,
    "operatingIncome": 57752000,
    "operatingIncomeRatio": 0.0692343841,
    "totalOtherIncomeExpensesNet": 348000,
    "incomeBeforeTax": 58100000,
    "incomeBeforeTaxRatio": 0.0696515743,
    "incomeTaxExpense": 21000000,
    "netIncome": 37200000,
    "netIncomeRatio": 0.0445961887,
    "eps": 0.22,
    "epsdiluted": 0.21,
    "weightedAverageShsOut": 173023256,
    "weightedAverageShsOutDil": 175058824,
    "link": "https://www.sec.gov/Archives/edgar/data/822416/000088969799000137/0000889697-99-000137-index.html",
    "finalLink": "https://www.sec.gov/Archives/edgar/data/822416/000088969799000137/"
  },
  {
    "date": "1999-03-31",
    "symbol": "PHM",
    "reportedCurrency": "USD",
    "cik": "0000822416",
    "fillingDate": "1999-05-11",
    "acceptedDate": "1999-05-11 00:00:00",
    "calendarYear": "1999",
    "period": "Q1",
    "revenue": 682467000,
    "costOfRevenue": 641600000,
    "grossProfit": 40867000,
    "grossProfitRatio": 0.0598812836,
    "researchAndDevelopmentExpenses": 0,
    "generalAndAdministrativeExpenses": 0,
    "sellingAndMarketingExpenses": 0,
    "sellingGeneralAndAdministrativeExpenses": 0,
    "otherExpenses": 3100000,
    "operatingExpenses": 3100000,
    "costAndExpenses": 644700000,
    "interestIncome": 0,
    "interestExpense": 0,
    "depreciationAndAmortization": 3100000,
    "ebitda": 40867000,
    "ebitdaratio": 0.0598812836,
    "operatingIncome": 37767000,
    "operatingIncomeRatio": 0.0553389395,
    "totalOtherIncomeExpensesNet": 1833000,
    "incomeBeforeTax": 39600000,
    "incomeBeforeTaxRatio": 0.0580247836,
    "incomeTaxExpense": 15600000,
    "netIncome": 24400000,
    "netIncomeRatio": 0.0357526445,
    "eps": 0.14,
    "epsdiluted": 0.14,
    "weightedAverageShsOut": 174285714,
    "weightedAverageShsOutDil": 177454545,
    "link": "https://www.sec.gov/Archives/edgar/data/822416/000088969799000090/0000889697-99-000090-index.html",
    "finalLink": "https://www.sec.gov/Archives/edgar/data/822416/"
  },
  {
    "date": "1998-12-31",
    "symbol": "PHM",
    "reportedCurrency": "USD",
    "cik": "0000822416",
    "fillingDate": "1999-03-12",
    "acceptedDate": "1999-03-12 00:00:00",
    "calendarYear": "1998",
    "period": "Q4",
    "revenue": 906900000,
    "costOfRevenue": 844000000,
    "grossProfit": 62900000,
    "grossProfitRatio": 0.0693571507,
    "researchAndDevelopmentExpenses": 0,
    "generalAndAdministrativeExpenses": 0,
    "sellingAndMarketingExpenses": 0,
    "sellingGeneralAndAdministrativeExpenses": 0,
    "otherExpenses": 800000,
    "operatingExpenses": 800000,
    "costAndExpenses": 844800000,
    "interestIncome": 0,
    "interestExpense": 0,
    "depreciationAndAmortization": 800000,
    "ebitda": 62900000,
    "ebitdaratio": 0.0693571507,
    "operatingIncome": 62100000,
    "operatingIncomeRatio": 0.0684750248,
    "totalOtherIncomeExpensesNet": 400000,
    "incomeBeforeTax": 62500000,
    "incomeBeforeTaxRatio": 0.0689160878,
    "incomeTaxExpense": 24400000,
    "netIncome": 38400000,
    "netIncomeRatio": 0.0423420443,
    "eps": 0.22,
    "epsdiluted": 0.22,
    "weightedAverageShsOut": 171257514,
    "weightedAverageShsOutDil": 174285714,
    "link": "https://www.sec.gov/Archives/edgar/data/822416/000088969799000038/0000889697-99-000038-index.html",
    "finalLink": "https://www.sec.gov/Archives/edgar/data/822416/"
  },
  {
    "date": "1998-09-30",
    "symbol": "PHM",
    "reportedCurrency": "USD",
    "cik": "0000822416",
    "fillingDate": "1998-11-13",
    "acceptedDate": "1998-11-13 00:00:00",
    "calendarYear": "1998",
    "period": "Q3",
    "revenue": 759300000,
    "costOfRevenue": 707200000,
    "grossProfit": 52100000,
    "grossProfitRatio": 0.0686158304,
    "researchAndDevelopmentExpenses": 0,
    "generalAndAdministrativeExpenses": 0,
    "sellingAndMarketingExpenses": 0,
    "sellingGeneralAndAdministrativeExpenses": 0,
    "otherExpenses": 2400000,
    "operatingExpenses": 2400000,
    "costAndExpenses": 709600000,
    "interestIncome": 0,
    "interestExpense": 0,
    "depreciationAndAmortization": 2400000,
    "ebitda": 52100000,
    "ebitdaratio": 0.0686158304,
    "operatingIncome": 49700000,
    "operatingIncomeRatio": 0.0654550244,
    "totalOtherIncomeExpensesNet": -3000000,
    "incomeBeforeTax": 46700000,
    "incomeBeforeTaxRatio": 0.0615040169,
    "incomeTaxExpense": 18200000,
    "netIncome": 28600000,
    "netIncomeRatio": 0.0376662716,
    "eps": 0.17,
    "epsdiluted": 0.16,
    "weightedAverageShsOut": 173333333,
    "weightedAverageShsOutDil": 178750000,
    "link": "https://www.sec.gov/Archives/edgar/data/822416/000088969798000340/0000889697-98-000340-index.html",
    "finalLink": "https://www.sec.gov/Archives/edgar/data/822416/"
  },
  {
    "date": "1998-06-30",
    "symbol": "PHM",
    "reportedCurrency": "USD",
    "cik": "0000822416",
    "fillingDate": "1998-08-13",
    "acceptedDate": "1998-08-13 00:00:00",
    "calendarYear": "1998",
    "period": "Q2",
    "revenue": 679700000,
    "costOfRevenue": 641100000,
    "grossProfit": 38600000,
    "grossProfitRatio": 0.0567897602,
    "researchAndDevelopmentExpenses": 0,
    "generalAndAdministrativeExpenses": 0,
    "sellingAndMarketingExpenses": 0,
    "sellingGeneralAndAdministrativeExpenses": 0,
    "otherExpenses": 100000,
    "operatingExpenses": 100000,
    "costAndExpenses": 641200000,
    "interestIncome": 0,
    "interestExpense": 0,
    "depreciationAndAmortization": 100000,
    "ebitda": 38600000,
    "ebitdaratio": 0.0567897602,
    "operatingIncome": 38500000,
    "operatingIncomeRatio": 0.0566426365,
    "totalOtherIncomeExpensesNet": 100000,
    "incomeBeforeTax": 38600000,
    "incomeBeforeTaxRatio": 0.0567897602,
    "incomeTaxExpense": 15000000,
    "netIncome": 23800000,
    "netIncomeRatio": 0.035015448,
    "eps": 0.14,
    "epsdiluted": 0.14,
    "weightedAverageShsOut": 173090909,
    "weightedAverageShsOutDil": 176296296,
    "link": "https://www.sec.gov/Archives/edgar/data/822416/000088969798000261/0000889697-98-000261-index.html",
    "finalLink": "https://www.sec.gov/Archives/edgar/data/822416/"
  },
  {
    "date": "1998-03-31",
    "symbol": "PHM",
    "reportedCurrency": "USD",
    "cik": "0000822416",
    "fillingDate": "1998-05-15",
    "acceptedDate": "1998-05-15 00:00:00",
    "calendarYear": "1998",
    "period": "Q1",
    "revenue": 520600000,
    "costOfRevenue": 503200000,
    "grossProfit": 17400000,
    "grossProfitRatio": 0.0334229735,
    "researchAndDevelopmentExpenses": 0,
    "generalAndAdministrativeExpenses": 0,
    "sellingAndMarketingExpenses": 0,
    "sellingGeneralAndAdministrativeExpenses": 0,
    "otherExpenses": 1700000,
    "operatingExpenses": 1700000,
    "costAndExpenses": 504900000,
    "interestIncome": 0,
    "interestExpense": 0,
    "depreciationAndAmortization": 1700000,
    "ebitda": 17400000,
    "ebitdaratio": 0.0334229735,
    "operatingIncome": 15700000,
    "operatingIncomeRatio": 0.0301575106,
    "totalOtherIncomeExpensesNet": 2200000,
    "incomeBeforeTax": 17900000,
    "incomeBeforeTaxRatio": 0.0343834038,
    "incomeTaxExpense": 7000000,
    "netIncome": 11300000,
    "netIncomeRatio": 0.0217057242,
    "eps": 0.0675,
    "epsdiluted": 0.065,
    "weightedAverageShsOut": 167407407,
    "weightedAverageShsOutDil": 173846154,
    "link": "https://www.sec.gov/Archives/edgar/data/822416/000088969798000212/0000889697-98-000212-index.html",
    "finalLink": "https://www.sec.gov/Archives/edgar/data/822416/"
  },
  {
    "date": "1997-12-31",
    "symbol": "PHM",
    "reportedCurrency": "USD",
    "cik": "0000822416",
    "fillingDate": "1998-03-13",
    "acceptedDate": "1998-03-13 00:00:00",
    "calendarYear": "1997",
    "period": "Q4",
    "revenue": 846100000,
    "costOfRevenue": 815300000,
    "grossProfit": 30800000,
    "grossProfitRatio": 0.0364023165,
    "researchAndDevelopmentExpenses": 0,
    "generalAndAdministrativeExpenses": 0,
    "sellingAndMarketingExpenses": 0,
    "sellingGeneralAndAdministrativeExpenses": 0,
    "otherExpenses": 2600000,
    "operatingExpenses": 2600000,
    "costAndExpenses": 817900000,
    "interestIncome": 0,
    "interestExpense": 0,
    "depreciationAndAmortization": 2600000,
    "ebitda": 30800000,
    "ebitdaratio": 0.0364023165,
    "operatingIncome": 28200000,
    "operatingIncomeRatio": 0.0333293937,
    "totalOtherIncomeExpensesNet": 0,
    "incomeBeforeTax": 28200000,
    "incomeBeforeTaxRatio": 0.0333293937,
    "incomeTaxExpense": 10900000,
    "netIncome": 17000000,
    "netIncomeRatio": 0.0200921877,
    "eps": 0.1,
    "epsdiluted": 0.1,
    "weightedAverageShsOut": 167407407,
    "weightedAverageShsOutDil": 167407407,
    "link": "https://www.sec.gov/Archives/edgar/data/822416/000088969798000110/0000889697-98-000110-index.html",
    "finalLink": "https://www.sec.gov/Archives/edgar/data/822416/"
  },
  {
    "date": "1997-09-30",
    "symbol": "PHM",
    "reportedCurrency": "USD",
    "cik": "0000822416",
    "fillingDate": "1997-11-14",
    "acceptedDate": "1997-11-14 00:00:00",
    "calendarYear": "1997",
    "period": "Q3",
    "revenue": 669900000,
    "costOfRevenue": 638100000,
    "grossProfit": 31800000,
    "grossProfitRatio": 0.0474697716,
    "researchAndDevelopmentExpenses": 0,
    "generalAndAdministrativeExpenses": 0,
    "sellingAndMarketingExpenses": 0,
    "sellingGeneralAndAdministrativeExpenses": 0,
    "otherExpenses": 1600000,
    "operatingExpenses": 1600000,
    "costAndExpenses": 639700000,
    "interestIncome": 0,
    "interestExpense": 0,
    "depreciationAndAmortization": 1600000,
    "ebitda": 31800000,
    "ebitdaratio": 0.0474697716,
    "operatingIncome": 30200000,
    "operatingIncomeRatio": 0.0450813554,
    "totalOtherIncomeExpensesNet": 0,
    "incomeBeforeTax": 30200000,
    "incomeBeforeTaxRatio": 0.0450813554,
    "incomeTaxExpense": 11600000,
    "netIncome": 19700000,
    "netIncomeRatio": 0.0294073742,
    "eps": 0.12,
    "epsdiluted": 0.12,
    "weightedAverageShsOut": 171304348,
    "weightedAverageShsOutDil": 171304348,
    "link": "https://www.sec.gov/Archives/edgar/data/822416/000088969797000245/0000889697-97-000245-index.html",
    "finalLink": "https://www.sec.gov/Archives/edgar/data/822416/"
  },
  {
    "date": "1997-06-30",
    "symbol": "PHM",
    "reportedCurrency": "USD",
    "cik": "0000822416",
    "fillingDate": "1997-08-13",
    "acceptedDate": "1997-08-13 00:00:00",
    "calendarYear": "1997",
    "period": "Q2",
    "revenue": 576300000,
    "costOfRevenue": 552400000,
    "grossProfit": 23900000,
    "grossProfitRatio": 0.0414714558,
    "researchAndDevelopmentExpenses": 0,
    "generalAndAdministrativeExpenses": 0,
    "sellingAndMarketingExpenses": 0,
    "sellingGeneralAndAdministrativeExpenses": 0,
    "otherExpenses": 3300000,
    "operatingExpenses": 3300000,
    "costAndExpenses": 555700000,
    "interestIncome": 0,
    "interestExpense": 0,
    "depreciationAndAmortization": 3300000,
    "ebitda": 23900000,
    "ebitdaratio": 0.0414714558,
    "operatingIncome": 20600000,
    "operatingIncomeRatio": 0.0357452716,
    "totalOtherIncomeExpensesNet": 0,
    "incomeBeforeTax": 20600000,
    "incomeBeforeTaxRatio": 0.0357452716,
    "incomeTaxExpense": 7900000,
    "netIncome": 13900000,
    "netIncomeRatio": 0.0241193823,
    "eps": 0.0825,
    "epsdiluted": 0.0825,
    "weightedAverageShsOut": 168484848,
    "weightedAverageShsOutDil": 168484848,
    "link": "https://www.sec.gov/Archives/edgar/data/822416/000088969797000185/0000889697-97-000185-index.html",
    "finalLink": "https://www.sec.gov/Archives/edgar/data/822416/"
  },
  {
    "date": "1997-03-31",
    "symbol": "PHM",
    "reportedCurrency": "USD",
    "cik": "0000822416",
    "fillingDate": "1997-05-06",
    "acceptedDate": "1997-05-06 00:00:00",
    "calendarYear": "1997",
    "period": "Q1",
    "revenue": 431700000,
    "costOfRevenue": 429400000,
    "grossProfit": 2300000,
    "grossProfitRatio": 0.0053277739,
    "researchAndDevelopmentExpenses": 0,
    "generalAndAdministrativeExpenses": 0,
    "sellingAndMarketingExpenses": 0,
    "sellingGeneralAndAdministrativeExpenses": 0,
    "otherExpenses": 300000,
    "operatingExpenses": 300000,
    "costAndExpenses": 429700000,
    "interestIncome": 0,
    "interestExpense": 0,
    "depreciationAndAmortization": 300000,
    "ebitda": 2300000,
    "ebitdaratio": 0.0053277739,
    "operatingIncome": 2000000,
    "operatingIncomeRatio": 0.0046328469,
    "totalOtherIncomeExpensesNet": 0,
    "incomeBeforeTax": 2000000,
    "incomeBeforeTaxRatio": 0.0046328469,
    "incomeTaxExpense": 800000,
    "netIncome": 2200000,
    "netIncomeRatio": 0.0050961316,
    "eps": 0.0125,
    "epsdiluted": 0.0125,
    "weightedAverageShsOut": 176000000,
    "weightedAverageShsOutDil": 176000000,
    "link": "https://www.sec.gov/Archives/edgar/data/822416/000088969797000038/0000889697-97-000038-index.html",
    "finalLink": "https://www.sec.gov/Archives/edgar/data/822416/"
  },
  {
    "date": "1996-12-31",
    "symbol": "PHM",
    "reportedCurrency": "USD",
    "cik": "0000822416",
    "fillingDate": "1997-03-06",
    "acceptedDate": "1997-03-06 00:00:00",
    "calendarYear": "1996",
    "period": "Q4",
    "revenue": 738300000,
    "costOfRevenue": 698100000,
    "grossProfit": 40200000,
    "grossProfitRatio": 0.0544494108,
    "researchAndDevelopmentExpenses": 0,
    "generalAndAdministrativeExpenses": 0,
    "sellingAndMarketingExpenses": 0,
    "sellingGeneralAndAdministrativeExpenses": 0,
    "otherExpenses": 1200000,
    "operatingExpenses": 1200000,
    "costAndExpenses": 699300000,
    "interestIncome": 0,
    "interestExpense": 0,
    "depreciationAndAmortization": 1200000,
    "ebitda": 40200000,
    "ebitdaratio": 0.0544494108,
    "operatingIncome": 39000000,
    "operatingIncomeRatio": 0.0528240553,
    "totalOtherIncomeExpensesNet": -100000,
    "incomeBeforeTax": 38900000,
    "incomeBeforeTaxRatio": 0.052688609,
    "incomeTaxExpense": 13600000,
    "netIncome": 26700000,
    "netIncomeRatio": 0.0361641609,
    "eps": 0.15,
    "epsdiluted": 0.15,
    "weightedAverageShsOut": 176000000,
    "weightedAverageShsOutDil": 176000000,
    "link": "https://www.sec.gov/Archives/edgar/data/822416/000095000997000127/0000950009-97-000127-index.html",
    "finalLink": "https://www.sec.gov/Archives/edgar/data/822416/"
  },
  {
    "date": "1996-09-30",
    "symbol": "PHM",
    "reportedCurrency": "USD",
    "cik": "0000822416",
    "fillingDate": "1996-11-13",
    "acceptedDate": "1996-11-13 00:00:00",
    "calendarYear": "1996",
    "period": "Q3",
    "revenue": 625200000,
    "costOfRevenue": 595600000,
    "grossProfit": 29600000,
    "grossProfitRatio": 0.0473448496,
    "researchAndDevelopmentExpenses": 0,
    "generalAndAdministrativeExpenses": 0,
    "sellingAndMarketingExpenses": 0,
    "sellingGeneralAndAdministrativeExpenses": 0,
    "otherExpenses": 2200000,
    "operatingExpenses": 2200000,
    "costAndExpenses": 597800000,
    "interestIncome": 0,
    "interestExpense": 0,
    "depreciationAndAmortization": 2200000,
    "ebitda": 29600000,
    "ebitdaratio": 0.0473448496,
    "operatingIncome": 27400000,
    "operatingIncomeRatio": 0.0438259757,
    "totalOtherIncomeExpensesNet": 0,
    "incomeBeforeTax": 27400000,
    "incomeBeforeTaxRatio": 0.0438259757,
    "incomeTaxExpense": 11000000,
    "netIncome": 127600000,
    "netIncomeRatio": 0.2040946897,
    "eps": 0.66,
    "epsdiluted": 0.66,
    "weightedAverageShsOut": 202857143,
    "weightedAverageShsOutDil": 202857143,
    "link": "https://www.sec.gov/Archives/edgar/data/822416/000095000996000508/0000950009-96-000508-index.html",
    "finalLink": "https://www.sec.gov/Archives/edgar/data/822416/"
  },
  {
    "date": "1996-06-30",
    "symbol": "PHM",
    "reportedCurrency": "USD",
    "cik": "0000822416",
    "fillingDate": "1996-08-13",
    "acceptedDate": "1996-08-13 00:00:00",
    "calendarYear": "1996",
    "period": "Q2",
    "revenue": 588400000,
    "costOfRevenue": 559100000,
    "grossProfit": 29300000,
    "grossProfitRatio": 0.0497960571,
    "researchAndDevelopmentExpenses": 0,
    "generalAndAdministrativeExpenses": 0,
    "sellingAndMarketingExpenses": 0,
    "sellingGeneralAndAdministrativeExpenses": 0,
    "otherExpenses": 1700000,
    "operatingExpenses": 1700000,
    "costAndExpenses": 560800000,
    "interestIncome": 0,
    "interestExpense": 0,
    "depreciationAndAmortization": 1700000,
    "ebitda": 29300000,
    "ebitdaratio": 0.0497960571,
    "operatingIncome": 27600000,
    "operatingIncomeRatio": 0.0469068661,
    "totalOtherIncomeExpensesNet": 0,
    "incomeBeforeTax": 27600000,
    "incomeBeforeTaxRatio": 0.0469068661,
    "incomeTaxExpense": 11200000,
    "netIncome": 18200000,
    "netIncomeRatio": 0.0309313392,
    "eps": 0.09,
    "epsdiluted": 0.09,
    "weightedAverageShsOut": 202857143,
    "weightedAverageShsOutDil": 202857143,
    "link": "https://www.sec.gov/Archives/edgar/data/822416/000095000996000376/0000950009-96-000376-index.html",
    "finalLink": "https://www.sec.gov/Archives/edgar/data/822416/"
  },
  {
    "date": "1996-03-31",
    "symbol": "PHM",
    "reportedCurrency": "USD",
    "cik": "0000822416",
    "fillingDate": "1996-05-14",
    "acceptedDate": "1996-05-14 00:00:00",
    "calendarYear": "1996",
    "period": "Q1",
    "revenue": 432500000,
    "costOfRevenue": 422300000,
    "grossProfit": 10200000,
    "grossProfitRatio": 0.023583815,
    "researchAndDevelopmentExpenses": 0,
    "generalAndAdministrativeExpenses": 0,
    "sellingAndMarketingExpenses": 0,
    "sellingGeneralAndAdministrativeExpenses": 0,
    "otherExpenses": 1600000,
    "operatingExpenses": 1600000,
    "costAndExpenses": 423900000,
    "interestIncome": 0,
    "interestExpense": 0,
    "depreciationAndAmortization": 1600000,
    "ebitda": 10200000,
    "ebitdaratio": 0.023583815,
    "operatingIncome": 8600000,
    "operatingIncomeRatio": 0.0198843931,
    "totalOtherIncomeExpensesNet": 0,
    "incomeBeforeTax": 8600000,
    "incomeBeforeTaxRatio": 0.0198843931,
    "incomeTaxExpense": 3500000,
    "netIncome": 7100000,
    "netIncomeRatio": 0.016416185,
    "eps": 0.035,
    "epsdiluted": 0.035,
    "weightedAverageShsOut": 202857143,
    "weightedAverageShsOutDil": 202857143,
    "link": "https://www.sec.gov/Archives/edgar/data/822416/000095000996000238/0000950009-96-000238-index.html",
    "finalLink": "https://www.sec.gov/Archives/edgar/data/822416/"
  },
  {
    "date": "1995-12-31",
    "symbol": "PHM",
    "reportedCurrency": "USD",
    "cik": "0000822416",
    "fillingDate": "1995-12-31",
    "acceptedDate": "1995-12-31 00:00:00",
    "calendarYear": "1995",
    "period": "Q4",
    "revenue": 667400000,
    "costOfRevenue": 627500000,
    "grossProfit": 39900000,
    "grossProfitRatio": 0.0597842373,
    "researchAndDevelopmentExpenses": 0,
    "generalAndAdministrativeExpenses": 0,
    "sellingAndMarketingExpenses": 0,
    "sellingGeneralAndAdministrativeExpenses": 0,
    "otherExpenses": 500000,
    "operatingExpenses": 500000,
    "costAndExpenses": 628000000,
    "interestIncome": 0,
    "interestExpense": 0,
    "depreciationAndAmortization": 500000,
    "ebitda": 39900000,
    "ebitdaratio": 0.0597842373,
    "operatingIncome": 39400000,
    "operatingIncomeRatio": 0.0590350614,
    "totalOtherIncomeExpensesNet": 100000,
    "incomeBeforeTax": 39500000,
    "incomeBeforeTaxRatio": 0.0591848966,
    "incomeTaxExpense": 16000000,
    "netIncome": 25400000,
    "netIncomeRatio": 0.0380581361,
    "eps": 0.12,
    "epsdiluted": 0.12,
    "weightedAverageShsOut": 214857143,
    "weightedAverageShsOutDil": 214857143,
    "link": null,
    "finalLink": null
  },
  {
    "date": "1995-09-30",
    "symbol": "PHM",
    "reportedCurrency": "USD",
    "cik": "0000822416",
    "fillingDate": "1995-09-30",
    "acceptedDate": "1995-09-30 00:00:00",
    "calendarYear": "1995",
    "period": "Q3",
    "revenue": 543300000,
    "costOfRevenue": 514000000,
    "grossProfit": 29300000,
    "grossProfitRatio": 0.0539296889,
    "researchAndDevelopmentExpenses": 0,
    "generalAndAdministrativeExpenses": 0,
    "sellingAndMarketingExpenses": 0,
    "sellingGeneralAndAdministrativeExpenses": 0,
    "otherExpenses": 2100000,
    "operatingExpenses": 2100000,
    "costAndExpenses": 516100000,
    "interestIncome": 0,
    "interestExpense": 0,
    "depreciationAndAmortization": 2300000,
    "ebitda": 29500000,
    "ebitdaratio": 0.0542978097,
    "operatingIncome": 27200000,
    "operatingIncomeRatio": 0.0500644211,
    "totalOtherIncomeExpensesNet": 100000,
    "incomeBeforeTax": 27300000,
    "incomeBeforeTaxRatio": 0.0502484815,
    "incomeTaxExpense": 11000000,
    "netIncome": 18800000,
    "netIncomeRatio": 0.0346033499,
    "eps": 0.0875,
    "epsdiluted": 0.0875,
    "weightedAverageShsOut": 214857143,
    "weightedAverageShsOutDil": 214857143,
    "link": null,
    "finalLink": null
  }
]