[
  {
    "date": "2025-06-30",
    "symbol": "PKG",
    "reportedCurrency": "USD",
    "cik": "0000075677",
    "fillingDate": "2025-08-07",
    "acceptedDate": "2025-08-07 10:14:49",
    "calendarYear": "2025",
    "period": "Q2",
    "revenue": 2171300000,
    "costOfRevenue": 1688300000,
    "grossProfit": 483000000,
    "grossProfitRatio": 0.2224473818,
    "researchAndDevelopmentExpenses": 0,
    "generalAndAdministrativeExpenses": 0,
    "sellingAndMarketingExpenses": 0,
    "sellingGeneralAndAdministrativeExpenses": 153200000,
    "otherExpenses": -3900000,
    "operatingExpenses": 149300000,
    "costAndExpenses": 1837600000,
    "interestIncome": 0,
    "interestExpense": 13100000,
    "depreciationAndAmortization": 140600000,
    "ebitda": 474300000,
    "ebitdaratio": 0.2184405656,
    "operatingIncome": 333700000,
    "operatingIncomeRatio": 0.1536867315,
    "totalOtherIncomeExpensesNet": -13100000,
    "incomeBeforeTax": 320600000,
    "incomeBeforeTaxRatio": 0.1476534795,
    "incomeTaxExpense": 79100000,
    "netIncome": 241500000,
    "netIncomeRatio": 0.1112236909,
    "eps": 2.68,
    "epsdiluted": 2.67,
    "weightedAverageShsOut": 89600000,
    "weightedAverageShsOutDil": 89700000,
    "link": "https://www.sec.gov/Archives/edgar/data/75677/000119312525175122/0001193125-25-175122-index.htm",
    "finalLink": "https://www.sec.gov/Archives/edgar/data/75677/000119312525175122/pkg-20250630.htm"
  },
  {
    "date": "2025-03-31",
    "symbol": "PKG",
    "reportedCurrency": "USD",
    "cik": "0000075677",
    "fillingDate": "2025-03-31",
    "acceptedDate": "2025-03-31 00:00:00",
    "calendarYear": "2025",
    "period": "Q1",
    "revenue": 2141000000,
    "costOfRevenue": 1686300000,
    "grossProfit": 454700000,
    "grossProfitRatio": 0.2123773937,
    "researchAndDevelopmentExpenses": 0,
    "generalAndAdministrativeExpenses": 161400000,
    "sellingAndMarketingExpenses": 0,
    "sellingGeneralAndAdministrativeExpenses": 161400000,
    "otherExpenses": 13000000,
    "operatingExpenses": 174400000,
    "costAndExpenses": 1860700000,
    "interestIncome": 0,
    "interestExpense": 12900000,
    "depreciationAndAmortization": 138000000,
    "ebitda": 418300000,
    "ebitdaratio": 0.1953759925,
    "operatingIncome": 280300000,
    "operatingIncomeRatio": 0.1309201308,
    "totalOtherIncomeExpensesNet": -12900000,
    "incomeBeforeTax": 267400000,
    "incomeBeforeTaxRatio": 0.1248949089,
    "incomeTaxExpense": 63600000,
    "netIncome": 203800000,
    "netIncomeRatio": 0.0951891639,
    "eps": 2.27,
    "epsdiluted": 2.26,
    "weightedAverageShsOut": 89600000,
    "weightedAverageShsOutDil": 89600000,
    "link": "https://www.sec.gov/Archives/edgar/data/75677/000095017025056867/0000950170-25-056867-index.html",
    "finalLink": "https://www.sec.gov/Archives/edgar/data/75677/000095017025056867/pkg-ex99_1.htm"
  },
  {
    "date": "2024-12-31",
    "symbol": "PKG",
    "reportedCurrency": "USD",
    "cik": "0000075677",
    "fillingDate": "2025-02-27",
    "acceptedDate": "2025-02-27 11:43:36",
    "calendarYear": "2024",
    "period": "Q4",
    "revenue": 2146100000,
    "costOfRevenue": 1676400000,
    "grossProfit": 469700000,
    "grossProfitRatio": 0.218862122,
    "researchAndDevelopmentExpenses": 0,
    "generalAndAdministrativeExpenses": 0,
    "sellingAndMarketingExpenses": 0,
    "sellingGeneralAndAdministrativeExpenses": 147000000,
    "otherExpenses": 20500000,
    "operatingExpenses": 167500000,
    "costAndExpenses": 1843900000,
    "interestIncome": 0,
    "interestExpense": 11700000,
    "depreciationAndAmortization": 136000000,
    "ebitda": 439300000,
    "ebitdaratio": 0.204696892,
    "operatingIncome": 302200000,
    "operatingIncomeRatio": 0.1408135688,
    "totalOtherIncomeExpensesNet": -10600000,
    "incomeBeforeTax": 291600000,
    "incomeBeforeTaxRatio": 0.1358743768,
    "incomeTaxExpense": 70500000,
    "netIncome": 221100000,
    "netIncomeRatio": 0.1030240902,
    "eps": 2.46,
    "epsdiluted": 2.45,
    "weightedAverageShsOut": 89100000,
    "weightedAverageShsOutDil": 89500000,
    "link": "https://www.sec.gov/Archives/edgar/data/75677/000095017025028533/0000950170-25-028533-index.htm",
    "finalLink": "https://www.sec.gov/Archives/edgar/data/75677/000095017025028533/pkg-20241231.htm"
  },
  {
    "date": "2024-09-30",
    "symbol": "PKG",
    "reportedCurrency": "USD",
    "cik": "0000075677",
    "fillingDate": "2024-11-07",
    "acceptedDate": "2024-11-07 11:05:34",
    "calendarYear": "2024",
    "period": "Q3",
    "revenue": 2182400000,
    "costOfRevenue": 1677200000,
    "grossProfit": 505200000,
    "grossProfitRatio": 0.2314882698,
    "researchAndDevelopmentExpenses": 0,
    "generalAndAdministrativeExpenses": 0,
    "sellingAndMarketingExpenses": 0,
    "sellingGeneralAndAdministrativeExpenses": 162000000,
    "otherExpenses": 16100000,
    "operatingExpenses": 178100000,
    "costAndExpenses": 1855300000,
    "interestIncome": 0,
    "interestExpense": 9700000,
    "depreciationAndAmortization": 132700000,
    "ebitda": 461000000,
    "ebitdaratio": 0.2112353372,
    "operatingIncome": 327100000,
    "operatingIncomeRatio": 0.1498808651,
    "totalOtherIncomeExpensesNet": -8500000,
    "incomeBeforeTax": 318600000,
    "incomeBeforeTaxRatio": 0.1459860704,
    "incomeTaxExpense": 80500000,
    "netIncome": 238100000,
    "netIncomeRatio": 0.1091000733,
    "eps": 2.65,
    "epsdiluted": 2.64,
    "weightedAverageShsOut": 89100000,
    "weightedAverageShsOutDil": 89500000,
    "link": "https://www.sec.gov/Archives/edgar/data/75677/000095017024122936/0000950170-24-122936-index.htm",
    "finalLink": "https://www.sec.gov/Archives/edgar/data/75677/000095017024122936/pkg-20240930.htm"
  },
  {
    "date": "2024-06-30",
    "symbol": "PKG",
    "reportedCurrency": "USD",
    "cik": "0000075677",
    "fillingDate": "2024-08-08",
    "acceptedDate": "2024-08-08 10:41:39",
    "calendarYear": "2024",
    "period": "Q2",
    "revenue": 2075300000,
    "costOfRevenue": 1637600000,
    "grossProfit": 437700000,
    "grossProfitRatio": 0.2109092661,
    "researchAndDevelopmentExpenses": 0,
    "generalAndAdministrativeExpenses": 149500000,
    "sellingAndMarketingExpenses": 0,
    "sellingGeneralAndAdministrativeExpenses": 149500000,
    "otherExpenses": 12200000,
    "operatingExpenses": 161700000,
    "costAndExpenses": 1799300000,
    "interestIncome": 0,
    "interestExpense": 10400000,
    "depreciationAndAmortization": 128500000,
    "ebitda": 405600000,
    "ebitdaratio": 0.1954416229,
    "operatingIncome": 276000000,
    "operatingIncomeRatio": 0.1329928203,
    "totalOtherIncomeExpensesNet": -9300000,
    "incomeBeforeTax": 266700000,
    "incomeBeforeTaxRatio": 0.1285115405,
    "incomeTaxExpense": 67800000,
    "netIncome": 198900000,
    "netIncomeRatio": 0.0958415651,
    "eps": 2.2,
    "epsdiluted": 2.2,
    "weightedAverageShsOut": 89573171,
    "weightedAverageShsOutDil": 89573171,
    "link": "https://www.sec.gov/Archives/edgar/data/75677/000095017024093466/0000950170-24-093466-index.htm",
    "finalLink": "https://www.sec.gov/Archives/edgar/data/75677/000095017024093466/pkg-20240630.htm"
  },
  {
    "date": "2024-03-31",
    "symbol": "PKG",
    "reportedCurrency": "USD",
    "cik": "0000075677",
    "fillingDate": "2024-05-08",
    "acceptedDate": "2024-05-08 10:09:52",
    "calendarYear": "2024",
    "period": "Q1",
    "revenue": 1979500000,
    "costOfRevenue": 1609100000,
    "grossProfit": 370400000,
    "grossProfitRatio": 0.1871179591,
    "researchAndDevelopmentExpenses": 0,
    "generalAndAdministrativeExpenses": 151900000,
    "sellingAndMarketingExpenses": 0,
    "sellingGeneralAndAdministrativeExpenses": 151900000,
    "otherExpenses": 22500000,
    "operatingExpenses": 174400000,
    "costAndExpenses": 1783500000,
    "interestIncome": 0,
    "interestExpense": 9600000,
    "depreciationAndAmortization": 128400000,
    "ebitda": 325500000,
    "ebitdaratio": 0.1644354635,
    "operatingIncome": 196000000,
    "operatingIncomeRatio": 0.0990149028,
    "totalOtherIncomeExpensesNet": -8500000,
    "incomeBeforeTax": 187500000,
    "incomeBeforeTaxRatio": 0.0947208891,
    "incomeTaxExpense": 40600000,
    "netIncome": 146900000,
    "netIncomeRatio": 0.0742106593,
    "eps": 1.63,
    "epsdiluted": 1.63,
    "weightedAverageShsOut": 89400000,
    "weightedAverageShsOutDil": 89400000,
    "link": "https://www.sec.gov/Archives/edgar/data/75677/000095017024055165/0000950170-24-055165-index.htm",
    "finalLink": "https://www.sec.gov/Archives/edgar/data/75677/000095017024055165/pkg-20240331.htm"
  },
  {
    "date": "2023-12-31",
    "symbol": "PKG",
    "reportedCurrency": "USD",
    "cik": "0000075677",
    "fillingDate": "2024-02-29",
    "acceptedDate": "2024-02-29 12:14:45",
    "calendarYear": "2023",
    "period": "Q4",
    "revenue": 1937900000,
    "costOfRevenue": 1527800000,
    "grossProfit": 410100000,
    "grossProfitRatio": 0.2116208267,
    "researchAndDevelopmentExpenses": 0,
    "generalAndAdministrativeExpenses": 0,
    "sellingAndMarketingExpenses": 0,
    "sellingGeneralAndAdministrativeExpenses": 142800000,
    "otherExpenses": 5800000,
    "operatingExpenses": 148600000,
    "costAndExpenses": 1676400000,
    "interestIncome": 0,
    "interestExpense": 11100000,
    "depreciationAndAmortization": 130900000,
    "ebitda": 390500000,
    "ebitdaratio": 0.2015067857,
    "operatingIncome": 261500000,
    "operatingIncomeRatio": 0.1349398834,
    "totalOtherIncomeExpensesNet": -13000000,
    "incomeBeforeTax": 248500000,
    "incomeBeforeTaxRatio": 0.1282315909,
    "incomeTaxExpense": 59300000,
    "netIncome": 189200000,
    "netIncomeRatio": 0.0976314567,
    "eps": 2.1,
    "epsdiluted": 2.1,
    "weightedAverageShsOut": 89625000,
    "weightedAverageShsOutDil": 89625000,
    "link": "https://www.sec.gov/Archives/edgar/data/75677/000095017024022794/0000950170-24-022794-index.htm",
    "finalLink": "https://www.sec.gov/Archives/edgar/data/75677/000095017024022794/pkg-20231231.htm"
  },
  {
    "date": "2023-09-30",
    "symbol": "PKG",
    "reportedCurrency": "USD",
    "cik": "0000075677",
    "fillingDate": "2023-11-03",
    "acceptedDate": "2023-11-03 10:57:50",
    "calendarYear": "2023",
    "period": "Q3",
    "revenue": 1936000000,
    "costOfRevenue": 1523300000,
    "grossProfit": 412700000,
    "grossProfitRatio": 0.2131714876,
    "researchAndDevelopmentExpenses": 0,
    "generalAndAdministrativeExpenses": 0,
    "sellingAndMarketingExpenses": 0,
    "sellingGeneralAndAdministrativeExpenses": 144200000,
    "otherExpenses": 9900000,
    "operatingExpenses": 154100000,
    "costAndExpenses": 1677400000,
    "interestIncome": 0,
    "interestExpense": 12300000,
    "depreciationAndAmortization": 129400000,
    "ebitda": 386200000,
    "ebitdaratio": 0.1994834711,
    "operatingIncome": 258600000,
    "operatingIncomeRatio": 0.1335743802,
    "totalOtherIncomeExpensesNet": -14100000,
    "incomeBeforeTax": 244500000,
    "incomeBeforeTaxRatio": 0.1262913223,
    "incomeTaxExpense": 61300000,
    "netIncome": 183200000,
    "netIncomeRatio": 0.0946280992,
    "eps": 2.04,
    "epsdiluted": 2.03,
    "weightedAverageShsOut": 89100000,
    "weightedAverageShsOutDil": 89500000,
    "link": "https://www.sec.gov/Archives/edgar/data/75677/000095017023058590/0000950170-23-058590-index.htm",
    "finalLink": "https://www.sec.gov/Archives/edgar/data/75677/000095017023058590/pkg-20230930.htm"
  },
  {
    "date": "2023-06-30",
    "symbol": "PKG",
    "reportedCurrency": "USD",
    "cik": "0000075677",
    "fillingDate": "2023-08-04",
    "acceptedDate": "2023-08-04 11:06:18",
    "calendarYear": "2023",
    "period": "Q2",
    "revenue": 1952100000,
    "costOfRevenue": 1507400000,
    "grossProfit": 444700000,
    "grossProfitRatio": 0.2278059526,
    "researchAndDevelopmentExpenses": 0,
    "generalAndAdministrativeExpenses": 147600000,
    "sellingAndMarketingExpenses": 0,
    "sellingGeneralAndAdministrativeExpenses": 147600000,
    "otherExpenses": 12700000,
    "operatingExpenses": 160300000,
    "costAndExpenses": 1667700000,
    "interestIncome": 0,
    "interestExpense": 14600000,
    "depreciationAndAmortization": 127900000,
    "ebitda": 410300000,
    "ebitdaratio": 0.2101839045,
    "operatingIncome": 284400000,
    "operatingIncomeRatio": 0.1456892577,
    "totalOtherIncomeExpensesNet": -16600000,
    "incomeBeforeTax": 267800000,
    "incomeBeforeTaxRatio": 0.137185595,
    "incomeTaxExpense": 65100000,
    "netIncome": 202700000,
    "netIncomeRatio": 0.1038368936,
    "eps": 2.25,
    "epsdiluted": 2.24,
    "weightedAverageShsOut": 89100000,
    "weightedAverageShsOutDil": 89500000,
    "link": "https://www.sec.gov/Archives/edgar/data/75677/000095017023038396/0000950170-23-038396-index.htm",
    "finalLink": "https://www.sec.gov/Archives/edgar/data/75677/000095017023038396/pkg-20230630.htm"
  },
  {
    "date": "2023-03-31",
    "symbol": "PKG",
    "reportedCurrency": "USD",
    "cik": "0000075677",
    "fillingDate": "2023-05-03",
    "acceptedDate": "2023-05-03 11:08:48",
    "calendarYear": "2023",
    "period": "Q1",
    "revenue": 1976300000,
    "costOfRevenue": 1544900000,
    "grossProfit": 431400000,
    "grossProfitRatio": 0.2182866974,
    "researchAndDevelopmentExpenses": 0,
    "generalAndAdministrativeExpenses": 150200000,
    "sellingAndMarketingExpenses": 0,
    "sellingGeneralAndAdministrativeExpenses": 150200000,
    "otherExpenses": 10500000,
    "operatingExpenses": 160700000,
    "costAndExpenses": 1705600000,
    "interestIncome": 0,
    "interestExpense": 15400000,
    "depreciationAndAmortization": 129500000,
    "ebitda": 398200000,
    "ebitdaratio": 0.2014876284,
    "operatingIncome": 270700000,
    "operatingIncomeRatio": 0.1369731316,
    "totalOtherIncomeExpensesNet": -17400000,
    "incomeBeforeTax": 253300000,
    "incomeBeforeTaxRatio": 0.1281688003,
    "incomeTaxExpense": 63200000,
    "netIncome": 190100000,
    "netIncomeRatio": 0.0961898497,
    "eps": 2.1,
    "epsdiluted": 2.11,
    "weightedAverageShsOut": 89400000,
    "weightedAverageShsOutDil": 89400000,
    "link": "https://www.sec.gov/Archives/edgar/data/75677/000095017023016955/0000950170-23-016955-index.htm",
    "finalLink": "https://www.sec.gov/Archives/edgar/data/75677/000095017023016955/pkg-20230331.htm"
  },
  {
    "date": "2022-12-31",
    "symbol": "PKG",
    "reportedCurrency": "USD",
    "cik": "0000075677",
    "fillingDate": "2023-02-23",
    "acceptedDate": "2023-02-23 11:46:16",
    "calendarYear": "2022",
    "period": "Q4",
    "revenue": 1978400000,
    "costOfRevenue": 1544700000,
    "grossProfit": 433700000,
    "grossProfitRatio": 0.2192175495,
    "researchAndDevelopmentExpenses": 0,
    "generalAndAdministrativeExpenses": 0,
    "sellingAndMarketingExpenses": 0,
    "sellingGeneralAndAdministrativeExpenses": 145700000,
    "otherExpenses": 0,
    "operatingExpenses": 145700000,
    "costAndExpenses": 1690400000,
    "interestIncome": 0,
    "interestExpense": 15100000,
    "depreciationAndAmortization": 118800000,
    "ebitda": 410400000,
    "ebitdaratio": 0.2074403558,
    "operatingIncome": 288000000,
    "operatingIncomeRatio": 0.1455721795,
    "totalOtherIncomeExpensesNet": -11500000,
    "incomeBeforeTax": 276500000,
    "incomeBeforeTaxRatio": 0.1397594015,
    "incomeTaxExpense": 64900000,
    "netIncome": 211600000,
    "netIncomeRatio": 0.1069551152,
    "eps": 2.34,
    "epsdiluted": 2.33,
    "weightedAverageShsOut": 90560344,
    "weightedAverageShsOutDil": 90900000,
    "link": "https://www.sec.gov/Archives/edgar/data/75677/000095017023003990/0000950170-23-003990-index.htm",
    "finalLink": "https://www.sec.gov/Archives/edgar/data/75677/000095017023003990/pkg-20221231.htm"
  },
  {
    "date": "2022-09-30",
    "symbol": "PKG",
    "reportedCurrency": "USD",
    "cik": "0000075677",
    "fillingDate": "2022-11-03",
    "acceptedDate": "2022-11-03 11:02:07",
    "calendarYear": "2022",
    "period": "Q3",
    "revenue": 2125900000,
    "costOfRevenue": 1607500000,
    "grossProfit": 518400000,
    "grossProfitRatio": 0.2438496637,
    "researchAndDevelopmentExpenses": 0,
    "generalAndAdministrativeExpenses": 0,
    "sellingAndMarketingExpenses": 0,
    "sellingGeneralAndAdministrativeExpenses": 145200000,
    "otherExpenses": 2900000,
    "operatingExpenses": 148100000,
    "costAndExpenses": 1755600000,
    "interestIncome": 0,
    "interestExpense": 16500000,
    "depreciationAndAmortization": 114000000,
    "ebitda": 477900000,
    "ebitdaratio": 0.2247989087,
    "operatingIncome": 370300000,
    "operatingIncomeRatio": 0.174185051,
    "totalOtherIncomeExpensesNet": -22900000,
    "incomeBeforeTax": 347400000,
    "incomeBeforeTaxRatio": 0.1634131427,
    "incomeTaxExpense": 84900000,
    "netIncome": 262500000,
    "netIncomeRatio": 0.1234771156,
    "eps": 2.81,
    "epsdiluted": 2.8,
    "weightedAverageShsOut": 92800000,
    "weightedAverageShsOutDil": 93200000,
    "link": "https://www.sec.gov/Archives/edgar/data/75677/000095017022021648/0000950170-22-021648-index.htm",
    "finalLink": "https://www.sec.gov/Archives/edgar/data/75677/000095017022021648/pkg-20220930.htm"
  },
  {
    "date": "2022-06-30",
    "symbol": "PKG",
    "reportedCurrency": "USD",
    "cik": "0000075677",
    "fillingDate": "2022-08-04",
    "acceptedDate": "2022-08-04 11:01:10",
    "calendarYear": "2022",
    "period": "Q2",
    "revenue": 2237300000,
    "costOfRevenue": 1648500000,
    "grossProfit": 588800000,
    "grossProfitRatio": 0.263174362,
    "researchAndDevelopmentExpenses": 0,
    "generalAndAdministrativeExpenses": 0,
    "sellingAndMarketingExpenses": 0,
    "sellingGeneralAndAdministrativeExpenses": 156700000,
    "otherExpenses": 1300000,
    "operatingExpenses": 158000000,
    "costAndExpenses": 1806500000,
    "interestIncome": 0,
    "interestExpense": 18800000,
    "depreciationAndAmortization": 114300000,
    "ebitda": 533700000,
    "ebitdaratio": 0.2385464623,
    "operatingIncome": 430800000,
    "operatingIncomeRatio": 0.1925535243,
    "totalOtherIncomeExpensesNet": -30200000,
    "incomeBeforeTax": 400600000,
    "incomeBeforeTaxRatio": 0.1790551111,
    "incomeTaxExpense": 99100000,
    "netIncome": 301500000,
    "netIncomeRatio": 0.134760649,
    "eps": 3.22,
    "epsdiluted": 3.2,
    "weightedAverageShsOut": 92900000,
    "weightedAverageShsOutDil": 93400000,
    "link": "https://www.sec.gov/Archives/edgar/data/75677/000095017022014562/0000950170-22-014562-index.htm",
    "finalLink": "https://www.sec.gov/Archives/edgar/data/75677/000095017022014562/pkg-20220630.htm"
  },
  {
    "date": "2022-03-31",
    "symbol": "PKG",
    "reportedCurrency": "USD",
    "cik": "0000075677",
    "fillingDate": "2022-05-05",
    "acceptedDate": "2022-05-05 12:38:09",
    "calendarYear": "2022",
    "period": "Q1",
    "revenue": 2136400000,
    "costOfRevenue": 1603200000,
    "grossProfit": 533200000,
    "grossProfitRatio": 0.2495787306,
    "researchAndDevelopmentExpenses": 0,
    "generalAndAdministrativeExpenses": 0,
    "sellingAndMarketingExpenses": 0,
    "sellingGeneralAndAdministrativeExpenses": 161100000,
    "otherExpenses": 2100000,
    "operatingExpenses": 163200000,
    "costAndExpenses": 1766400000,
    "interestIncome": 0,
    "interestExpense": 19800000,
    "depreciationAndAmortization": 109700000,
    "ebitda": 469800000,
    "ebitdaratio": 0.21990264,
    "operatingIncome": 370000000,
    "operatingIncomeRatio": 0.1731885415,
    "totalOtherIncomeExpensesNet": -29700000,
    "incomeBeforeTax": 340300000,
    "incomeBeforeTaxRatio": 0.1592866504,
    "incomeTaxExpense": 86100000,
    "netIncome": 254200000,
    "netIncomeRatio": 0.1189852088,
    "eps": 2.71,
    "epsdiluted": 2.7,
    "weightedAverageShsOut": 92900000,
    "weightedAverageShsOutDil": 93300000,
    "link": "https://www.sec.gov/Archives/edgar/data/75677/000095017022007673/0000950170-22-007673-index.htm",
    "finalLink": "https://www.sec.gov/Archives/edgar/data/75677/000095017022007673/pkg-20220331.htm"
  },
  {
    "date": "2021-12-31",
    "symbol": "PKG",
    "reportedCurrency": "USD",
    "cik": "0000075677",
    "fillingDate": "2022-02-24",
    "acceptedDate": "2022-02-24 13:45:34",
    "calendarYear": "2021",
    "period": "Q4",
    "revenue": 2043200000,
    "costOfRevenue": 1533300000,
    "grossProfit": 509900000,
    "grossProfitRatio": 0.2495595145,
    "researchAndDevelopmentExpenses": 0,
    "generalAndAdministrativeExpenses": 0,
    "sellingAndMarketingExpenses": 0,
    "sellingGeneralAndAdministrativeExpenses": 141100000,
    "otherExpenses": 1900000,
    "operatingExpenses": 143000000,
    "costAndExpenses": 1676200000,
    "interestIncome": 0,
    "interestExpense": 80200000,
    "depreciationAndAmortization": 106400000,
    "ebitda": 467000000,
    "ebitdaratio": 0.2285630384,
    "operatingIncome": 366900000,
    "operatingIncomeRatio": 0.1795712608,
    "totalOtherIncomeExpensesNet": -86400000,
    "incomeBeforeTax": 280400000,
    "incomeBeforeTaxRatio": 0.1372357087,
    "incomeTaxExpense": 64000000,
    "netIncome": 216500000,
    "netIncomeRatio": 0.1059612373,
    "eps": 2.29,
    "epsdiluted": 2.28,
    "weightedAverageShsOut": 93886462,
    "weightedAverageShsOutDil": 94541485,
    "link": "https://www.sec.gov/Archives/edgar/data/75677/000095017022001913/0000950170-22-001913-index.htm",
    "finalLink": "https://www.sec.gov/Archives/edgar/data/75677/000095017022001913/pkg-20211231.htm"
  },
  {
    "date": "2021-09-30",
    "symbol": "PKG",
    "reportedCurrency": "USD",
    "cik": "0000075677",
    "fillingDate": "2021-11-04",
    "acceptedDate": "2021-11-04 12:09:35",
    "calendarYear": "2021",
    "period": "Q3",
    "revenue": 2000100000,
    "costOfRevenue": 1489400000,
    "grossProfit": 510700000,
    "grossProfitRatio": 0.2553372331,
    "researchAndDevelopmentExpenses": 0,
    "generalAndAdministrativeExpenses": 0,
    "sellingAndMarketingExpenses": 0,
    "sellingGeneralAndAdministrativeExpenses": 144500000,
    "otherExpenses": 3100000,
    "operatingExpenses": 147600000,
    "costAndExpenses": 1637000000,
    "interestIncome": 0,
    "interestExpense": 23900000,
    "depreciationAndAmortization": 105600000,
    "ebitda": 463400000,
    "ebitdaratio": 0.2316884156,
    "operatingIncome": 363100000,
    "operatingIncomeRatio": 0.181540923,
    "totalOtherIncomeExpensesNet": -29200000,
    "incomeBeforeTax": 333900000,
    "incomeBeforeTaxRatio": 0.1669416529,
    "incomeTaxExpense": 83200000,
    "netIncome": 250700000,
    "netIncomeRatio": 0.1253437328,
    "eps": 2.64,
    "epsdiluted": 2.63,
    "weightedAverageShsOut": 94300000,
    "weightedAverageShsOutDil": 94962121,
    "link": "https://www.sec.gov/Archives/edgar/data/75677/000095017021002974/0000950170-21-002974-index.htm",
    "finalLink": "https://www.sec.gov/Archives/edgar/data/75677/000095017021002974/pkg-20210930.htm"
  },
  {
    "date": "2021-06-30",
    "symbol": "PKG",
    "reportedCurrency": "USD",
    "cik": "0000075677",
    "fillingDate": "2021-08-05",
    "acceptedDate": "2021-08-05 12:05:29",
    "calendarYear": "2021",
    "period": "Q2",
    "revenue": 1879900000,
    "costOfRevenue": 1431100000,
    "grossProfit": 448800000,
    "grossProfitRatio": 0.238736103,
    "researchAndDevelopmentExpenses": 0,
    "generalAndAdministrativeExpenses": 0,
    "sellingAndMarketingExpenses": 0,
    "sellingGeneralAndAdministrativeExpenses": 146300000,
    "otherExpenses": 2000000,
    "operatingExpenses": 148300000,
    "costAndExpenses": 1579400000,
    "interestIncome": 0,
    "interestExpense": 24900000,
    "depreciationAndAmortization": 104700000,
    "ebitda": 404300000,
    "ebitdaratio": 0.2150646311,
    "operatingIncome": 300500000,
    "operatingIncomeRatio": 0.1598489281,
    "totalOtherIncomeExpensesNet": -25800000,
    "incomeBeforeTax": 274700000,
    "incomeBeforeTaxRatio": 0.1461247939,
    "incomeTaxExpense": 67400000,
    "netIncome": 207300000,
    "netIncomeRatio": 0.110271823,
    "eps": 2.18,
    "epsdiluted": 2.17,
    "weightedAverageShsOut": 94266055,
    "weightedAverageShsOutDil": 94600000,
    "link": "https://www.sec.gov/Archives/edgar/data/75677/000095017021000886/0000950170-21-000886-index.htm",
    "finalLink": "https://www.sec.gov/Archives/edgar/data/75677/000095017021000886/pkg-20210630.htm"
  },
  {
    "date": "2021-03-31",
    "symbol": "PKG",
    "reportedCurrency": "USD",
    "cik": "0000075677",
    "fillingDate": "2021-05-05",
    "acceptedDate": "2021-05-05 09:58:48",
    "calendarYear": "2021",
    "period": "Q1",
    "revenue": 1807200000,
    "costOfRevenue": 1403500000,
    "grossProfit": 403700000,
    "grossProfitRatio": 0.2233842408,
    "researchAndDevelopmentExpenses": 0,
    "generalAndAdministrativeExpenses": 0,
    "sellingAndMarketingExpenses": 0,
    "sellingGeneralAndAdministrativeExpenses": 145000000,
    "otherExpenses": 3100000,
    "operatingExpenses": 148100000,
    "costAndExpenses": 1551600000,
    "interestIncome": 0,
    "interestExpense": 23500000,
    "depreciationAndAmortization": 100800000,
    "ebitda": 343900000,
    "ebitdaratio": 0.190294378,
    "operatingIncome": 255600000,
    "operatingIncomeRatio": 0.1414342629,
    "totalOtherIncomeExpensesNet": -36000000,
    "incomeBeforeTax": 219600000,
    "incomeBeforeTaxRatio": 0.1215139442,
    "incomeTaxExpense": 53100000,
    "netIncome": 166500000,
    "netIncomeRatio": 0.0921314741,
    "eps": 1.75,
    "epsdiluted": 1.75,
    "weightedAverageShsOut": 94400000,
    "weightedAverageShsOutDil": 95142857,
    "link": "https://www.sec.gov/Archives/edgar/data/75677/000156459021023700/0001564590-21-023700-index.htm",
    "finalLink": "https://www.sec.gov/Archives/edgar/data/75677/000156459021023700/pkg-10q_20210331.htm"
  },
  {
    "date": "2020-12-31",
    "symbol": "PKG",
    "reportedCurrency": "USD",
    "cik": "0000075677",
    "fillingDate": "2021-02-24",
    "acceptedDate": "2021-02-24 15:50:02",
    "calendarYear": "2020",
    "period": "Q4",
    "revenue": 1714200000,
    "costOfRevenue": 1380900000,
    "grossProfit": 333300000,
    "grossProfitRatio": 0.1944347217,
    "researchAndDevelopmentExpenses": 15500000,
    "generalAndAdministrativeExpenses": 0,
    "sellingAndMarketingExpenses": 0,
    "sellingGeneralAndAdministrativeExpenses": 130199999,
    "otherExpenses": -14199999,
    "operatingExpenses": 131500000,
    "costAndExpenses": 1512400000,
    "interestIncome": 0,
    "interestExpense": 24400000,
    "depreciationAndAmortization": 100900000,
    "ebitda": 290700000,
    "ebitdaratio": 0.1695834792,
    "operatingIncome": 201800000,
    "operatingIncomeRatio": 0.1177225528,
    "totalOtherIncomeExpensesNet": -36400000,
    "incomeBeforeTax": 165400000,
    "incomeBeforeTaxRatio": 0.0964881577,
    "incomeTaxExpense": 41900000,
    "netIncome": 123600000,
    "netIncomeRatio": 0.0721036052,
    "eps": 1.3,
    "epsdiluted": 1.3,
    "weightedAverageShsOut": 94484623,
    "weightedAverageShsOutDil": 95000000,
    "link": "https://www.sec.gov/Archives/edgar/data/75677/000156459021008051/0001564590-21-008051-index.htm",
    "finalLink": "https://www.sec.gov/Archives/edgar/data/75677/000156459021008051/pkg-10k_20201231.htm"
  },
  {
    "date": "2020-09-30",
    "symbol": "PKG",
    "reportedCurrency": "USD",
    "cik": "0000075677",
    "fillingDate": "2020-11-05",
    "acceptedDate": "2020-11-05 09:50:52",
    "calendarYear": "2020",
    "period": "Q3",
    "revenue": 1693700000,
    "costOfRevenue": 1348300000,
    "grossProfit": 345400000,
    "grossProfitRatio": 0.2039322194,
    "researchAndDevelopmentExpenses": 0,
    "generalAndAdministrativeExpenses": 0,
    "sellingAndMarketingExpenses": 0,
    "sellingGeneralAndAdministrativeExpenses": 127100000,
    "otherExpenses": 400000,
    "operatingExpenses": 127500000,
    "costAndExpenses": 1475800000,
    "interestIncome": 0,
    "interestExpense": 24400000,
    "depreciationAndAmortization": 100500000,
    "ebitda": 310600000,
    "ebitdaratio": 0.1833854874,
    "operatingIncome": 217900000,
    "operatingIncomeRatio": 0.1286532444,
    "totalOtherIncomeExpensesNet": -32200000,
    "incomeBeforeTax": 185700000,
    "incomeBeforeTaxRatio": 0.109641613,
    "incomeTaxExpense": 46600000,
    "netIncome": 139100000,
    "netIncomeRatio": 0.0821278857,
    "eps": 1.47,
    "epsdiluted": 1.46,
    "weightedAverageShsOut": 93945578,
    "weightedAverageShsOutDil": 94500000,
    "link": "https://www.sec.gov/Archives/edgar/data/75677/000156459020050944/0001564590-20-050944-index.htm",
    "finalLink": "https://www.sec.gov/Archives/edgar/data/75677/000156459020050944/pkg-10q_20200930.htm"
  },
  {
    "date": "2020-06-30",
    "symbol": "PKG",
    "reportedCurrency": "USD",
    "cik": "0000075677",
    "fillingDate": "2020-08-06",
    "acceptedDate": "2020-08-06 10:35:43",
    "calendarYear": "2020",
    "period": "Q2",
    "revenue": 1541600000,
    "costOfRevenue": 1209700000,
    "grossProfit": 331900000,
    "grossProfitRatio": 0.2152957966,
    "researchAndDevelopmentExpenses": 0,
    "generalAndAdministrativeExpenses": 0,
    "sellingAndMarketingExpenses": 0,
    "sellingGeneralAndAdministrativeExpenses": 136300000,
    "otherExpenses": -100000,
    "operatingExpenses": 136200000,
    "costAndExpenses": 1345900000,
    "interestIncome": 0,
    "interestExpense": 25100000,
    "depreciationAndAmortization": 108200000,
    "ebitda": 224900000,
    "ebitdaratio": 0.1458873897,
    "operatingIncome": 195700000,
    "operatingIncomeRatio": 0.1269460301,
    "totalOtherIncomeExpensesNet": -104100000,
    "incomeBeforeTax": 91600000,
    "incomeBeforeTaxRatio": 0.0594187857,
    "incomeTaxExpense": 34900000,
    "netIncome": 56700000,
    "netIncomeRatio": 0.0367799689,
    "eps": 0.6,
    "epsdiluted": 0.59,
    "weightedAverageShsOut": 93666667,
    "weightedAverageShsOutDil": 94400000,
    "link": "https://www.sec.gov/Archives/edgar/data/75677/000156459020037372/0001564590-20-037372-index.htm",
    "finalLink": "https://www.sec.gov/Archives/edgar/data/75677/000156459020037372/pkg-10q_20200630.htm"
  },
  {
    "date": "2020-03-31",
    "symbol": "PKG",
    "reportedCurrency": "USD",
    "cik": "0000075677",
    "fillingDate": "2020-05-06",
    "acceptedDate": "2020-05-06 09:59:30",
    "calendarYear": "2020",
    "period": "Q1",
    "revenue": 1708700000,
    "costOfRevenue": 1342900000,
    "grossProfit": 365800000,
    "grossProfitRatio": 0.2140808802,
    "researchAndDevelopmentExpenses": 0,
    "generalAndAdministrativeExpenses": 0,
    "sellingAndMarketingExpenses": 0,
    "sellingGeneralAndAdministrativeExpenses": 145900000,
    "otherExpenses": 3600000,
    "operatingExpenses": 149500000,
    "costAndExpenses": 1492400000,
    "interestIncome": 0,
    "interestExpense": 19600000,
    "depreciationAndAmortization": 100300000,
    "ebitda": 310000000,
    "ebitdaratio": 0.1814244747,
    "operatingIncome": 216300000,
    "operatingIncomeRatio": 0.1265874642,
    "totalOtherIncomeExpensesNet": -26200000,
    "incomeBeforeTax": 190100000,
    "incomeBeforeTaxRatio": 0.1112541698,
    "incomeTaxExpense": 48400000,
    "netIncome": 141700000,
    "netIncomeRatio": 0.0829285422,
    "eps": 1.5,
    "epsdiluted": 1.49,
    "weightedAverageShsOut": 94295302,
    "weightedAverageShsOutDil": 94466667,
    "link": "https://www.sec.gov/Archives/edgar/data/75677/000156459020021593/0001564590-20-021593-index.htm",
    "finalLink": "https://www.sec.gov/Archives/edgar/data/75677/000156459020021593/pkg-10q_20200331.htm"
  },
  {
    "date": "2019-12-31",
    "symbol": "PKG",
    "reportedCurrency": "USD",
    "cik": "0000075677",
    "fillingDate": "2020-02-26",
    "acceptedDate": "2020-02-26 16:07:14",
    "calendarYear": "2019",
    "period": "Q4",
    "revenue": 1720000000,
    "costOfRevenue": 1336700000,
    "grossProfit": 383300000,
    "grossProfitRatio": 0.2228488372,
    "researchAndDevelopmentExpenses": 0,
    "generalAndAdministrativeExpenses": 0,
    "sellingAndMarketingExpenses": 0,
    "sellingGeneralAndAdministrativeExpenses": 137000000,
    "otherExpenses": -16000000,
    "operatingExpenses": 137000000,
    "costAndExpenses": 1473700000,
    "interestIncome": 0,
    "interestExpense": 60700000,
    "depreciationAndAmortization": 98900000,
    "ebitda": 332100000,
    "ebitdaratio": 0.1930813953,
    "operatingIncome": 235100000,
    "operatingIncomeRatio": 0.1366860465,
    "totalOtherIncomeExpensesNet": -62700000,
    "incomeBeforeTax": 172400000,
    "incomeBeforeTaxRatio": 0.1002325581,
    "incomeTaxExpense": 36200000,
    "netIncome": 136200000,
    "netIncomeRatio": 0.0791860465,
    "eps": 1.44,
    "epsdiluted": 1.43,
    "weightedAverageShsOut": 94583333,
    "weightedAverageShsOutDil": 94583333,
    "link": "https://www.sec.gov/Archives/edgar/data/75677/000156459020006774/0001564590-20-006774-index.htm",
    "finalLink": "https://www.sec.gov/Archives/edgar/data/75677/000156459020006774/pkg-10k_20191231.htm"
  },
  {
    "date": "2019-09-30",
    "symbol": "PKG",
    "reportedCurrency": "USD",
    "cik": "0000075677",
    "fillingDate": "2019-11-01",
    "acceptedDate": "2019-11-01 10:09:15",
    "calendarYear": "2019",
    "period": "Q3",
    "revenue": 1750700000,
    "costOfRevenue": 1339300000,
    "grossProfit": 411400000,
    "grossProfitRatio": 0.2349917176,
    "researchAndDevelopmentExpenses": 0,
    "generalAndAdministrativeExpenses": 0,
    "sellingAndMarketingExpenses": 0,
    "sellingGeneralAndAdministrativeExpenses": 136900000,
    "otherExpenses": 0,
    "operatingExpenses": 136900000,
    "costAndExpenses": 1476200000,
    "interestIncome": 0,
    "interestExpense": 21600000,
    "depreciationAndAmortization": 97900000,
    "ebitda": 358800000,
    "ebitdaratio": 0.2049465928,
    "operatingIncome": 262800000,
    "operatingIncomeRatio": 0.150111384,
    "totalOtherIncomeExpensesNet": -23500000,
    "incomeBeforeTax": 239300000,
    "incomeBeforeTaxRatio": 0.1366881819,
    "incomeTaxExpense": 59500000,
    "netIncome": 179800000,
    "netIncomeRatio": 0.1027017764,
    "eps": 1.9,
    "epsdiluted": 1.89,
    "weightedAverageShsOut": 94444444,
    "weightedAverageShsOutDil": 94631579,
    "link": "https://www.sec.gov/Archives/edgar/data/75677/000156459019039297/0001564590-19-039297-index.htm",
    "finalLink": "https://www.sec.gov/Archives/edgar/data/75677/000156459019039297/pkg-10q_20190930.htm"
  },
  {
    "date": "2019-06-30",
    "symbol": "PKG",
    "reportedCurrency": "USD",
    "cik": "0000075677",
    "fillingDate": "2019-08-02",
    "acceptedDate": "2019-08-02 10:07:35",
    "calendarYear": "2019",
    "period": "Q2",
    "revenue": 1759900000,
    "costOfRevenue": 1332000000,
    "grossProfit": 427900000,
    "grossProfitRatio": 0.2431388147,
    "researchAndDevelopmentExpenses": 0,
    "generalAndAdministrativeExpenses": 0,
    "sellingAndMarketingExpenses": 0,
    "sellingGeneralAndAdministrativeExpenses": 143700000,
    "otherExpenses": 0,
    "operatingExpenses": 143700000,
    "costAndExpenses": 1475700000,
    "interestIncome": 0,
    "interestExpense": 22400000,
    "depreciationAndAmortization": 95900000,
    "ebitda": 374300000,
    "ebitdaratio": 0.2126825388,
    "operatingIncome": 280400000,
    "operatingIncomeRatio": 0.1593272345,
    "totalOtherIncomeExpensesNet": -24400000,
    "incomeBeforeTax": 256000000,
    "incomeBeforeTaxRatio": 0.1454628104,
    "incomeTaxExpense": 62400000,
    "netIncome": 193600000,
    "netIncomeRatio": 0.1100062504,
    "eps": 2.05,
    "epsdiluted": 2.04,
    "weightedAverageShsOut": 94166666,
    "weightedAverageShsOutDil": 94439024,
    "link": "https://www.sec.gov/Archives/edgar/data/75677/000156459019028172/0001564590-19-028172-index.htm",
    "finalLink": "https://www.sec.gov/Archives/edgar/data/75677/000156459019028172/pkg-10q_20190630.htm"
  },
  {
    "date": "2019-03-31",
    "symbol": "PKG",
    "reportedCurrency": "USD",
    "cik": "0000075677",
    "fillingDate": "2019-05-08",
    "acceptedDate": "2019-05-08 10:46:42",
    "calendarYear": "2019",
    "period": "Q1",
    "revenue": 1733700000,
    "costOfRevenue": 1312300000,
    "grossProfit": 421400000,
    "grossProfitRatio": 0.2430639672,
    "researchAndDevelopmentExpenses": 0,
    "generalAndAdministrativeExpenses": 0,
    "sellingAndMarketingExpenses": 0,
    "sellingGeneralAndAdministrativeExpenses": 140000000,
    "otherExpenses": 0,
    "operatingExpenses": 140000000,
    "costAndExpenses": 1452300000,
    "interestIncome": 0,
    "interestExpense": 24100000,
    "depreciationAndAmortization": 94800000,
    "ebitda": 368200000,
    "ebitdaratio": 0.2123781508,
    "operatingIncome": 275400000,
    "operatingIncomeRatio": 0.1588510123,
    "totalOtherIncomeExpensesNet": -26100000,
    "incomeBeforeTax": 249300000,
    "incomeBeforeTaxRatio": 0.1437965046,
    "incomeTaxExpense": 62500000,
    "netIncome": 186800000,
    "netIncomeRatio": 0.1077464383,
    "eps": 1.98,
    "epsdiluted": 1.97,
    "weightedAverageShsOut": 93636364,
    "weightedAverageShsOutDil": 94000000,
    "link": "https://www.sec.gov/Archives/edgar/data/75677/000156459019016920/0001564590-19-016920-index.htm",
    "finalLink": "https://www.sec.gov/Archives/edgar/data/75677/000156459019016920/pkg-10q_20190331.htm"
  },
  {
    "date": "2018-12-31",
    "symbol": "PKG",
    "reportedCurrency": "USD",
    "cik": "0000075677",
    "fillingDate": "2019-02-28",
    "acceptedDate": "2019-02-28 11:53:23",
    "calendarYear": "2018",
    "period": "Q4",
    "revenue": 1746500000,
    "costOfRevenue": 1321100000,
    "grossProfit": 425400000,
    "grossProfitRatio": 0.24357286,
    "researchAndDevelopmentExpenses": 0,
    "generalAndAdministrativeExpenses": 0,
    "sellingAndMarketingExpenses": 0,
    "sellingGeneralAndAdministrativeExpenses": 129700000,
    "otherExpenses": -14400000,
    "operatingExpenses": 129700000,
    "costAndExpenses": 1450800000,
    "interestIncome": 0,
    "interestExpense": 22200000,
    "depreciationAndAmortization": 97300000,
    "ebitda": 384000000,
    "ebitdaratio": 0.219868308,
    "operatingIncome": 286700000,
    "operatingIncomeRatio": 0.1641568852,
    "totalOtherIncomeExpensesNet": -22200000,
    "incomeBeforeTax": 264500000,
    "incomeBeforeTaxRatio": 0.1514457486,
    "incomeTaxExpense": 59900000,
    "netIncome": 204600000,
    "netIncomeRatio": 0.1171485829,
    "eps": 2.17,
    "epsdiluted": 2.16,
    "weightedAverageShsOut": 93548387,
    "weightedAverageShsOutDil": 94000000,
    "link": "https://www.sec.gov/Archives/edgar/data/75677/000156459019005284/0001564590-19-005284-index.htm",
    "finalLink": "https://www.sec.gov/Archives/edgar/data/75677/000156459019005284/pkg-10k_20181231.htm"
  },
  {
    "date": "2018-09-30",
    "symbol": "PKG",
    "reportedCurrency": "USD",
    "cik": "0000075677",
    "fillingDate": "2018-11-07",
    "acceptedDate": "2018-11-07 12:18:34",
    "calendarYear": "2018",
    "period": "Q3",
    "revenue": 1809900000,
    "costOfRevenue": 1366700000,
    "grossProfit": 443200000,
    "grossProfitRatio": 0.2448754075,
    "researchAndDevelopmentExpenses": 0,
    "generalAndAdministrativeExpenses": 0,
    "sellingAndMarketingExpenses": 0,
    "sellingGeneralAndAdministrativeExpenses": 134200000,
    "otherExpenses": 0,
    "operatingExpenses": 134200000,
    "costAndExpenses": 1500900000,
    "interestIncome": 0,
    "interestExpense": 23900000,
    "depreciationAndAmortization": 101400000,
    "ebitda": 399400000,
    "ebitdaratio": 0.2206751754,
    "operatingIncome": 298500000,
    "operatingIncomeRatio": 0.164926239,
    "totalOtherIncomeExpensesNet": -24400000,
    "incomeBeforeTax": 274100000,
    "incomeBeforeTaxRatio": 0.1514448312,
    "incomeTaxExpense": 67400000,
    "netIncome": 206700000,
    "netIncomeRatio": 0.1142052047,
    "eps": 2.19,
    "epsdiluted": 2.18,
    "weightedAverageShsOut": 93652968,
    "weightedAverageShsOutDil": 94000000,
    "link": "https://www.sec.gov/Archives/edgar/data/75677/000156459018027821/0001564590-18-027821-index.htm",
    "finalLink": "https://www.sec.gov/Archives/edgar/data/75677/000156459018027821/pkg-10q_20180930.htm"
  },
  {
    "date": "2018-06-30",
    "symbol": "PKG",
    "reportedCurrency": "USD",
    "cik": "0000075677",
    "fillingDate": "2018-08-08",
    "acceptedDate": "2018-08-08 10:50:57",
    "calendarYear": "2018",
    "period": "Q2",
    "revenue": 1767500000,
    "costOfRevenue": 1346900000,
    "grossProfit": 420600000,
    "grossProfitRatio": 0.2379632249,
    "researchAndDevelopmentExpenses": 0,
    "generalAndAdministrativeExpenses": 0,
    "sellingAndMarketingExpenses": 0,
    "sellingGeneralAndAdministrativeExpenses": 137700000,
    "otherExpenses": 0,
    "operatingExpenses": 137700000,
    "costAndExpenses": 1484600000,
    "interestIncome": 0,
    "interestExpense": 23800000,
    "depreciationAndAmortization": 104100000,
    "ebitda": 373200000,
    "ebitdaratio": 0.211145686,
    "operatingIncome": 269600000,
    "operatingIncomeRatio": 0.1525318246,
    "totalOtherIncomeExpensesNet": -24300000,
    "incomeBeforeTax": 245300000,
    "incomeBeforeTaxRatio": 0.1387835926,
    "incomeTaxExpense": 58700000,
    "netIncome": 186600000,
    "netIncomeRatio": 0.105572843,
    "eps": 1.98,
    "epsdiluted": 1.97,
    "weightedAverageShsOut": 93535354,
    "weightedAverageShsOutDil": 93800000,
    "link": "https://www.sec.gov/Archives/edgar/data/75677/000156459018020254/0001564590-18-020254-index.htm",
    "finalLink": "https://www.sec.gov/Archives/edgar/data/75677/000156459018020254/pkg-10q_20180630.htm"
  },
  {
    "date": "2018-03-31",
    "symbol": "PKG",
    "reportedCurrency": "USD",
    "cik": "0000075677",
    "fillingDate": "2018-05-09",
    "acceptedDate": "2018-05-09 10:29:19",
    "calendarYear": "2018",
    "period": "Q1",
    "revenue": 1690600000,
    "costOfRevenue": 1334500000,
    "grossProfit": 356100000,
    "grossProfitRatio": 0.2106352774,
    "researchAndDevelopmentExpenses": 0,
    "generalAndAdministrativeExpenses": 0,
    "sellingAndMarketingExpenses": 0,
    "sellingGeneralAndAdministrativeExpenses": 134900000,
    "otherExpenses": 0,
    "operatingExpenses": 134900000,
    "costAndExpenses": 1469400000,
    "interestIncome": 0,
    "interestExpense": 25800000,
    "depreciationAndAmortization": 108100000,
    "ebitda": 320500000,
    "ebitdaratio": 0.1895776647,
    "operatingIncome": 212900000,
    "operatingIncomeRatio": 0.1259316219,
    "totalOtherIncomeExpensesNet": -26300000,
    "incomeBeforeTax": 186600000,
    "incomeBeforeTaxRatio": 0.1103750148,
    "incomeTaxExpense": 46500000,
    "netIncome": 140100000,
    "netIncomeRatio": 0.082869987,
    "eps": 1.48,
    "epsdiluted": 1.48,
    "weightedAverageShsOut": 93918918,
    "weightedAverageShsOutDil": 93918919,
    "link": "https://www.sec.gov/Archives/edgar/data/75677/000156459018012154/0001564590-18-012154-index.htm",
    "finalLink": "https://www.sec.gov/Archives/edgar/data/75677/000156459018012154/pkg-10q_20180331.htm"
  },
  {
    "date": "2017-12-31",
    "symbol": "PKG",
    "reportedCurrency": "USD",
    "cik": "0000075677",
    "fillingDate": "2018-02-28",
    "acceptedDate": "2018-02-28 10:17:01",
    "calendarYear": "2017",
    "period": "Q4",
    "revenue": 1684300000,
    "costOfRevenue": 1312600000,
    "grossProfit": 371700000,
    "grossProfitRatio": 0.2206851511,
    "researchAndDevelopmentExpenses": 0,
    "generalAndAdministrativeExpenses": 0,
    "sellingAndMarketingExpenses": 0,
    "sellingGeneralAndAdministrativeExpenses": 133700000,
    "otherExpenses": -12800000,
    "operatingExpenses": 133700000,
    "costAndExpenses": 1446300000,
    "interestIncome": 0,
    "interestExpense": 28000000,
    "depreciationAndAmortization": 107700000,
    "ebitda": 359700000,
    "ebitdaratio": 0.2135605296,
    "operatingIncome": 252000000,
    "operatingIncomeRatio": 0.1496170516,
    "totalOtherIncomeExpensesNet": -28000000,
    "incomeBeforeTax": 224000000,
    "incomeBeforeTaxRatio": 0.1329929348,
    "incomeTaxExpense": -44900000,
    "netIncome": 268900000,
    "netIncomeRatio": 0.1596508935,
    "eps": 2.85,
    "epsdiluted": 2.84,
    "weightedAverageShsOut": 93614035,
    "weightedAverageShsOutDil": 93800000,
    "link": "https://www.sec.gov/Archives/edgar/data/75677/000156459018003690/0001564590-18-003690-index.htm",
    "finalLink": "https://www.sec.gov/Archives/edgar/data/75677/000156459018003690/pkg-10k_20171231.htm"
  },
  {
    "date": "2017-09-30",
    "symbol": "PKG",
    "reportedCurrency": "USD",
    "cik": "0000075677",
    "fillingDate": "2017-11-03",
    "acceptedDate": "2017-11-03 11:15:16",
    "calendarYear": "2017",
    "period": "Q3",
    "revenue": 1640100000,
    "costOfRevenue": 1243100000,
    "grossProfit": 397000000,
    "grossProfitRatio": 0.2420584111,
    "researchAndDevelopmentExpenses": 0,
    "generalAndAdministrativeExpenses": 0,
    "sellingAndMarketingExpenses": 0,
    "sellingGeneralAndAdministrativeExpenses": 129600000,
    "otherExpenses": 0,
    "operatingExpenses": 129600000,
    "costAndExpenses": 1372700000,
    "interestIncome": 0,
    "interestExpense": 25400000,
    "depreciationAndAmortization": 97500000,
    "ebitda": 340100000,
    "ebitdaratio": 0.2073654045,
    "operatingIncome": 242600000,
    "operatingIncomeRatio": 0.1479178099,
    "totalOtherIncomeExpensesNet": -25700000,
    "incomeBeforeTax": 216900000,
    "incomeBeforeTaxRatio": 0.1322480337,
    "incomeTaxExpense": 77800000,
    "netIncome": 139100000,
    "netIncomeRatio": 0.0848119017,
    "eps": 1.47,
    "epsdiluted": 1.47,
    "weightedAverageShsOut": 93877551,
    "weightedAverageShsOutDil": 93877551,
    "link": "https://www.sec.gov/Archives/edgar/data/75677/000156459017021412/0001564590-17-021412-index.htm",
    "finalLink": "https://www.sec.gov/Archives/edgar/data/75677/000156459017021412/pkg-10q_20170930.htm"
  },
  {
    "date": "2017-06-30",
    "symbol": "PKG",
    "reportedCurrency": "USD",
    "cik": "0000075677",
    "fillingDate": "2017-08-04",
    "acceptedDate": "2017-08-04 11:55:19",
    "calendarYear": "2017",
    "period": "Q2",
    "revenue": 1584000000,
    "costOfRevenue": 1219700000,
    "grossProfit": 364300000,
    "grossProfitRatio": 0.2299873737,
    "researchAndDevelopmentExpenses": 0,
    "generalAndAdministrativeExpenses": 0,
    "sellingAndMarketingExpenses": 0,
    "sellingGeneralAndAdministrativeExpenses": 129600000,
    "otherExpenses": 0,
    "operatingExpenses": 129600000,
    "costAndExpenses": 1349300000,
    "interestIncome": 0,
    "interestExpense": 25200000,
    "depreciationAndAmortization": 93700000,
    "ebitda": 327800000,
    "ebitdaratio": 0.2069444444,
    "operatingIncome": 234100000,
    "operatingIncomeRatio": 0.147790404,
    "totalOtherIncomeExpensesNet": -25500000,
    "incomeBeforeTax": 208600000,
    "incomeBeforeTaxRatio": 0.1316919192,
    "incomeTaxExpense": 65400000,
    "netIncome": 143200000,
    "netIncomeRatio": 0.0904040404,
    "eps": 1.52,
    "epsdiluted": 1.52,
    "weightedAverageShsOut": 93421053,
    "weightedAverageShsOutDil": 93600000,
    "link": "https://www.sec.gov/Archives/edgar/data/75677/000156459017015560/0001564590-17-015560-index.htm",
    "finalLink": "https://www.sec.gov/Archives/edgar/data/75677/000156459017015560/pkg-10q_20170630.htm"
  },
  {
    "date": "2017-03-31",
    "symbol": "PKG",
    "reportedCurrency": "USD",
    "cik": "0000075677",
    "fillingDate": "2017-05-05",
    "acceptedDate": "2017-05-05 11:12:08",
    "calendarYear": "2017",
    "period": "Q1",
    "revenue": 1536500000,
    "costOfRevenue": 1198300000,
    "grossProfit": 338200000,
    "grossProfitRatio": 0.2201106411,
    "researchAndDevelopmentExpenses": 0,
    "generalAndAdministrativeExpenses": 0,
    "sellingAndMarketingExpenses": 0,
    "sellingGeneralAndAdministrativeExpenses": 127800000,
    "otherExpenses": 0,
    "operatingExpenses": 127800000,
    "costAndExpenses": 1326100000,
    "interestIncome": 0,
    "interestExpense": 24000000,
    "depreciationAndAmortization": 92500000,
    "ebitda": 295900000,
    "ebitdaratio": 0.1925805402,
    "operatingIncome": 203400000,
    "operatingIncomeRatio": 0.1323787829,
    "totalOtherIncomeExpensesNet": -24300000,
    "incomeBeforeTax": 179100000,
    "incomeBeforeTaxRatio": 0.1165636186,
    "incomeTaxExpense": 61700000,
    "netIncome": 117400000,
    "netIncomeRatio": 0.0764074195,
    "eps": 1.25,
    "epsdiluted": 1.24,
    "weightedAverageShsOut": 93120000,
    "weightedAverageShsOutDil": 93600000,
    "link": "https://www.sec.gov/Archives/edgar/data/75677/000007567717000011/0000075677-17-000011-index.htm",
    "finalLink": "https://www.sec.gov/Archives/edgar/data/75677/000007567717000011/pkg0331201710q.htm"
  },
  {
    "date": "2016-12-31",
    "symbol": "PKG",
    "reportedCurrency": "USD",
    "cik": "0000075677",
    "fillingDate": "2017-02-28",
    "acceptedDate": "2017-02-28 15:25:18",
    "calendarYear": "2016",
    "period": "Q4",
    "revenue": 1476600000,
    "costOfRevenue": 1149500000,
    "grossProfit": 327100000,
    "grossProfitRatio": 0.2215224164,
    "researchAndDevelopmentExpenses": 0,
    "generalAndAdministrativeExpenses": 0,
    "sellingAndMarketingExpenses": 0,
    "sellingGeneralAndAdministrativeExpenses": 125100000,
    "otherExpenses": -13300000,
    "operatingExpenses": 125100000,
    "costAndExpenses": 1274600000,
    "interestIncome": 0,
    "interestExpense": 24400000,
    "depreciationAndAmortization": 93700000,
    "ebitda": 286600000,
    "ebitdaratio": 0.1940945415,
    "operatingIncome": 192900000,
    "operatingIncomeRatio": 0.1306379521,
    "totalOtherIncomeExpensesNet": -24300000,
    "incomeBeforeTax": 168600000,
    "incomeBeforeTaxRatio": 0.1141812271,
    "incomeTaxExpense": 57900000,
    "netIncome": 110700000,
    "netIncomeRatio": 0.0749695246,
    "eps": 1.17,
    "epsdiluted": 1.17,
    "weightedAverageShsOut": 93675214,
    "weightedAverageShsOutDil": 93675214,
    "link": "https://www.sec.gov/Archives/edgar/data/75677/000007567717000004/0000075677-17-000004-index.html",
    "finalLink": "https://www.sec.gov/Archives/edgar/data/75677/000007567717000004/pkg1231201610k.htm"
  },
  {
    "date": "2016-09-30",
    "symbol": "PKG",
    "reportedCurrency": "USD",
    "cik": "0000075677",
    "fillingDate": "2016-11-04",
    "acceptedDate": "2016-11-04 10:32:35",
    "calendarYear": "2016",
    "period": "Q3",
    "revenue": 1484000000,
    "costOfRevenue": 1154500000,
    "grossProfit": 329500000,
    "grossProfitRatio": 0.2220350404,
    "researchAndDevelopmentExpenses": 0,
    "generalAndAdministrativeExpenses": 0,
    "sellingAndMarketingExpenses": 0,
    "sellingGeneralAndAdministrativeExpenses": 116900000,
    "otherExpenses": 0,
    "operatingExpenses": 116900000,
    "costAndExpenses": 1271400000,
    "interestIncome": 0,
    "interestExpense": 23400000,
    "depreciationAndAmortization": 88000000,
    "ebitda": 294400000,
    "ebitdaratio": 0.1983827493,
    "operatingIncome": 206400000,
    "operatingIncomeRatio": 0.139083558,
    "totalOtherIncomeExpensesNet": -23400000,
    "incomeBeforeTax": 183000000,
    "incomeBeforeTaxRatio": 0.1233153639,
    "incomeTaxExpense": 63700000,
    "netIncome": 119300000,
    "netIncomeRatio": 0.0803908356,
    "eps": 1.27,
    "epsdiluted": 1.26,
    "weightedAverageShsOut": 93070866,
    "weightedAverageShsOutDil": 93600000,
    "link": "https://www.sec.gov/Archives/edgar/data/75677/000007567716000043/0000075677-16-000043-index.htm",
    "finalLink": "https://www.sec.gov/Archives/edgar/data/75677/000007567716000043/pkg0930201610q.htm"
  },
  {
    "date": "2016-06-30",
    "symbol": "PKG",
    "reportedCurrency": "USD",
    "cik": "0000075677",
    "fillingDate": "2016-08-05",
    "acceptedDate": "2016-08-05 12:09:30",
    "calendarYear": "2016",
    "period": "Q2",
    "revenue": 1417400000,
    "costOfRevenue": 1097300000,
    "grossProfit": 320100000,
    "grossProfitRatio": 0.2258360378,
    "researchAndDevelopmentExpenses": 0,
    "generalAndAdministrativeExpenses": 0,
    "sellingAndMarketingExpenses": 0,
    "sellingGeneralAndAdministrativeExpenses": 114800000,
    "otherExpenses": 0,
    "operatingExpenses": 114800000,
    "costAndExpenses": 1212100000,
    "interestIncome": 0,
    "interestExpense": 22500000,
    "depreciationAndAmortization": 87600000,
    "ebitda": 287800000,
    "ebitdaratio": 0.2030478341,
    "operatingIncome": 200200000,
    "operatingIncomeRatio": 0.1412445322,
    "totalOtherIncomeExpensesNet": -22500000,
    "incomeBeforeTax": 177700000,
    "incomeBeforeTaxRatio": 0.1253703965,
    "incomeTaxExpense": 61800000,
    "netIncome": 115900000,
    "netIncomeRatio": 0.081769437,
    "eps": 1.23,
    "epsdiluted": 1.23,
    "weightedAverageShsOut": 93252033,
    "weightedAverageShsOutDil": 93300000,
    "link": "https://www.sec.gov/Archives/edgar/data/75677/000007567716000039/0000075677-16-000039-index.htm",
    "finalLink": "https://www.sec.gov/Archives/edgar/data/75677/000007567716000039/pkg0630201610q.htm"
  },
  {
    "date": "2016-03-31",
    "symbol": "PKG",
    "reportedCurrency": "USD",
    "cik": "0000075677",
    "fillingDate": "2016-05-06",
    "acceptedDate": "2016-05-06 16:24:52",
    "calendarYear": "2016",
    "period": "Q1",
    "revenue": 1401000000,
    "costOfRevenue": 1102000000,
    "grossProfit": 299000000,
    "grossProfitRatio": 0.2134189864,
    "researchAndDevelopmentExpenses": 0,
    "generalAndAdministrativeExpenses": 0,
    "sellingAndMarketingExpenses": 0,
    "sellingGeneralAndAdministrativeExpenses": 114300000,
    "otherExpenses": 0,
    "operatingExpenses": 114300000,
    "costAndExpenses": 1216300000,
    "interestIncome": 0,
    "interestExpense": 21600000,
    "depreciationAndAmortization": 88700000,
    "ebitda": 269500000,
    "ebitdaratio": 0.1923625981,
    "operatingIncome": 180800000,
    "operatingIncomeRatio": 0.1290506781,
    "totalOtherIncomeExpensesNet": -21600000,
    "incomeBeforeTax": 159200000,
    "incomeBeforeTaxRatio": 0.1136331192,
    "incomeTaxExpense": 55500000,
    "netIncome": 103700000,
    "netIncomeRatio": 0.0740185582,
    "eps": 1.09,
    "epsdiluted": 1.09,
    "weightedAverageShsOut": 94128440,
    "weightedAverageShsOutDil": 94200000,
    "link": "https://www.sec.gov/Archives/edgar/data/75677/000007567716000034/0000075677-16-000034-index.htm",
    "finalLink": "https://www.sec.gov/Archives/edgar/data/75677/000007567716000034/pkg0331201610q.htm"
  },
  {
    "date": "2015-12-31",
    "symbol": "PKG",
    "reportedCurrency": "USD",
    "cik": "0000075677",
    "fillingDate": "2016-02-26",
    "acceptedDate": "2016-02-26 11:39:06",
    "calendarYear": "2015",
    "period": "Q4",
    "revenue": 1390900000,
    "costOfRevenue": 1105800000,
    "grossProfit": 285100000,
    "grossProfitRatio": 0.2049751959,
    "researchAndDevelopmentExpenses": 0,
    "generalAndAdministrativeExpenses": 0,
    "sellingAndMarketingExpenses": 0,
    "sellingGeneralAndAdministrativeExpenses": 105400000,
    "otherExpenses": -9300000,
    "operatingExpenses": 105400000,
    "costAndExpenses": 1211200000,
    "interestIncome": 0,
    "interestExpense": 22300000,
    "depreciationAndAmortization": 90600000,
    "ebitda": 266500000,
    "ebitdaratio": 0.1916025595,
    "operatingIncome": 175900000,
    "operatingIncomeRatio": 0.1264648789,
    "totalOtherIncomeExpensesNet": -22300000,
    "incomeBeforeTax": 153600000,
    "incomeBeforeTaxRatio": 0.1104320943,
    "incomeTaxExpense": 49300000,
    "netIncome": 104200000,
    "netIncomeRatio": 0.0749155223,
    "eps": 1.07,
    "epsdiluted": 1.07,
    "weightedAverageShsOut": 97476636,
    "weightedAverageShsOutDil": 97476636,
    "link": "https://www.sec.gov/Archives/edgar/data/75677/000007567716000030/0000075677-16-000030-index.htm",
    "finalLink": "https://www.sec.gov/Archives/edgar/data/75677/000007567716000030/pkg1231201510k.htm"
  },
  {
    "date": "2015-09-30",
    "symbol": "PKG",
    "reportedCurrency": "USD",
    "cik": "0000075677",
    "fillingDate": "2015-11-06",
    "acceptedDate": "2015-11-06 12:31:11",
    "calendarYear": "2015",
    "period": "Q3",
    "revenue": 1470800000,
    "costOfRevenue": 1142500000,
    "grossProfit": 328300000,
    "grossProfitRatio": 0.2232118575,
    "researchAndDevelopmentExpenses": 0,
    "generalAndAdministrativeExpenses": 0,
    "sellingAndMarketingExpenses": 0,
    "sellingGeneralAndAdministrativeExpenses": 112700000,
    "otherExpenses": 0,
    "operatingExpenses": 112700000,
    "costAndExpenses": 1255200000,
    "interestIncome": 0,
    "interestExpense": 21700000,
    "depreciationAndAmortization": 87700000,
    "ebitda": 307100000,
    "ebitdaratio": 0.2087979331,
    "operatingIncome": 219400000,
    "operatingIncomeRatio": 0.1491705194,
    "totalOtherIncomeExpensesNet": -21700000,
    "incomeBeforeTax": 197700000,
    "incomeBeforeTaxRatio": 0.134416644,
    "incomeTaxExpense": 69900000,
    "netIncome": 127800000,
    "netIncomeRatio": 0.0868914876,
    "eps": 1.31,
    "epsdiluted": 1.31,
    "weightedAverageShsOut": 96500021,
    "weightedAverageShsOutDil": 97557252,
    "link": "https://www.sec.gov/Archives/edgar/data/75677/000007567715000024/0000075677-15-000024-index.htm",
    "finalLink": "https://www.sec.gov/Archives/edgar/data/75677/000007567715000024/pkg0930201510q.htm"
  },
  {
    "date": "2015-06-30",
    "symbol": "PKG",
    "reportedCurrency": "USD",
    "cik": "0000075677",
    "fillingDate": "2015-08-07",
    "acceptedDate": "2015-08-07 09:56:21",
    "calendarYear": "2015",
    "period": "Q2",
    "revenue": 1454300000,
    "costOfRevenue": 1136600000,
    "grossProfit": 317700000,
    "grossProfitRatio": 0.2184556144,
    "researchAndDevelopmentExpenses": 0,
    "generalAndAdministrativeExpenses": 0,
    "sellingAndMarketingExpenses": 0,
    "sellingGeneralAndAdministrativeExpenses": 115900000,
    "otherExpenses": 0,
    "operatingExpenses": 115900000,
    "costAndExpenses": 1252500000,
    "interestIncome": 0,
    "interestExpense": 22200000,
    "depreciationAndAmortization": 86800000,
    "ebitda": 284400000,
    "ebitdaratio": 0.1955580004,
    "operatingIncome": 197600000,
    "operatingIncomeRatio": 0.1358729286,
    "totalOtherIncomeExpensesNet": -22200000,
    "incomeBeforeTax": 175400000,
    "incomeBeforeTaxRatio": 0.1206078526,
    "incomeTaxExpense": 61400000,
    "netIncome": 114000000,
    "netIncomeRatio": 0.078388228,
    "eps": 1.16,
    "epsdiluted": 1.16,
    "weightedAverageShsOut": 97068965,
    "weightedAverageShsOutDil": 98275862,
    "link": "https://www.sec.gov/Archives/edgar/data/75677/000007567715000018/0000075677-15-000018-index.htm",
    "finalLink": "https://www.sec.gov/Archives/edgar/data/75677/000007567715000018/pkg0630201510q.htm"
  },
  {
    "date": "2015-03-31",
    "symbol": "PKG",
    "reportedCurrency": "USD",
    "cik": "0000075677",
    "fillingDate": "2015-05-08",
    "acceptedDate": "2015-05-08 12:45:56",
    "calendarYear": "2015",
    "period": "Q1",
    "revenue": 1425700000,
    "costOfRevenue": 1148700000,
    "grossProfit": 277000000,
    "grossProfitRatio": 0.194290524,
    "researchAndDevelopmentExpenses": 0,
    "generalAndAdministrativeExpenses": 0,
    "sellingAndMarketingExpenses": 0,
    "sellingGeneralAndAdministrativeExpenses": 117300000,
    "otherExpenses": -3600000,
    "operatingExpenses": 113700000,
    "costAndExpenses": 1262400000,
    "interestIncome": 0,
    "interestExpense": 19200000,
    "depreciationAndAmortization": 93400000,
    "ebitda": 250500000,
    "ebitdaratio": 0.1757031634,
    "operatingIncome": 157100000,
    "operatingIncomeRatio": 0.1101914849,
    "totalOtherIncomeExpensesNet": -19200000,
    "incomeBeforeTax": 137900000,
    "incomeBeforeTaxRatio": 0.0967244161,
    "incomeTaxExpense": 47100000,
    "netIncome": 90800000,
    "netIncomeRatio": 0.0636880129,
    "eps": 0.92,
    "epsdiluted": 0.92,
    "weightedAverageShsOut": 97391304,
    "weightedAverageShsOutDil": 98695652,
    "link": "https://www.sec.gov/Archives/edgar/data/75677/000007567715000011/0000075677-15-000011-index.htm",
    "finalLink": "https://www.sec.gov/Archives/edgar/data/75677/000007567715000011/pkg0331201510q.htm"
  },
  {
    "date": "2014-12-31",
    "symbol": "PKG",
    "reportedCurrency": "USD",
    "cik": "0000075677",
    "fillingDate": "2015-02-27",
    "acceptedDate": "2015-02-27 16:04:08",
    "calendarYear": "2014",
    "period": "Q4",
    "revenue": 1433947000,
    "costOfRevenue": 1136992000,
    "grossProfit": 296955000,
    "grossProfitRatio": 0.2070892439,
    "researchAndDevelopmentExpenses": 0,
    "generalAndAdministrativeExpenses": 0,
    "sellingAndMarketingExpenses": 0,
    "sellingGeneralAndAdministrativeExpenses": 110493000,
    "otherExpenses": -12300000,
    "operatingExpenses": 110493000,
    "costAndExpenses": 1247485000,
    "interestIncome": 0,
    "interestExpense": 23200000,
    "depreciationAndAmortization": 94314000,
    "ebitda": 267480000,
    "ebitdaratio": 0.1865340909,
    "operatingIncome": 173166000,
    "operatingIncomeRatio": 0.1207617855,
    "totalOtherIncomeExpensesNet": -23089000,
    "incomeBeforeTax": 150077000,
    "incomeBeforeTaxRatio": 0.1046600746,
    "incomeTaxExpense": 51500000,
    "netIncome": 98512000,
    "netIncomeRatio": 0.0686998892,
    "eps": 1,
    "epsdiluted": 1,
    "weightedAverageShsOut": 98500000,
    "weightedAverageShsOutDil": 98500000,
    "link": "https://www.sec.gov/Archives/edgar/data/75677/000007567715000007/0000075677-15-000007-index.htm",
    "finalLink": "https://www.sec.gov/Archives/edgar/data/75677/000007567715000007/pkg1231201410k.htm"
  },
  {
    "date": "2014-09-30",
    "symbol": "PKG",
    "reportedCurrency": "USD",
    "cik": "0000075677",
    "fillingDate": "2014-11-07",
    "acceptedDate": "2014-11-06 19:34:21",
    "calendarYear": "2014",
    "period": "Q3",
    "revenue": 1518900000,
    "costOfRevenue": 1198600000,
    "grossProfit": 320300000,
    "grossProfitRatio": 0.2108762921,
    "researchAndDevelopmentExpenses": 0,
    "generalAndAdministrativeExpenses": 0,
    "sellingAndMarketingExpenses": 0,
    "sellingGeneralAndAdministrativeExpenses": 119600000,
    "otherExpenses": 0,
    "operatingExpenses": 119600000,
    "costAndExpenses": 1318200000,
    "interestIncome": 0,
    "interestExpense": 23100000,
    "depreciationAndAmortization": 107400000,
    "ebitda": 295800000,
    "ebitdaratio": 0.1947461979,
    "operatingIncome": 188400000,
    "operatingIncomeRatio": 0.1240371321,
    "totalOtherIncomeExpensesNet": -23100000,
    "incomeBeforeTax": 165300000,
    "incomeBeforeTaxRatio": 0.1088287577,
    "incomeTaxExpense": 60900000,
    "netIncome": 104400000,
    "netIncomeRatio": 0.0687339522,
    "eps": 1.06,
    "epsdiluted": 1.06,
    "weightedAverageShsOut": 97169811,
    "weightedAverageShsOutDil": 98490566,
    "link": "https://www.sec.gov/Archives/edgar/data/75677/000007567714000040/0000075677-14-000040-index.htm",
    "finalLink": "https://www.sec.gov/Archives/edgar/data/75677/000007567714000040/pkg0930201410q.htm"
  },
  {
    "date": "2014-06-30",
    "symbol": "PKG",
    "reportedCurrency": "USD",
    "cik": "0000075677",
    "fillingDate": "2014-08-08",
    "acceptedDate": "2014-08-08 09:43:42",
    "calendarYear": "2014",
    "period": "Q2",
    "revenue": 1468400000,
    "costOfRevenue": 1157600000,
    "grossProfit": 310800000,
    "grossProfitRatio": 0.2116589485,
    "researchAndDevelopmentExpenses": 0,
    "generalAndAdministrativeExpenses": 0,
    "sellingAndMarketingExpenses": 0,
    "sellingGeneralAndAdministrativeExpenses": 122900000,
    "otherExpenses": 0,
    "operatingExpenses": 122900000,
    "costAndExpenses": 1280500000,
    "interestIncome": 0,
    "interestExpense": 21400000,
    "depreciationAndAmortization": 103100000,
    "ebitda": 283300000,
    "ebitdaratio": 0.1929310814,
    "operatingIncome": 180200000,
    "operatingIncomeRatio": 0.1227186053,
    "totalOtherIncomeExpensesNet": -21400000,
    "incomeBeforeTax": 158800000,
    "incomeBeforeTaxRatio": 0.1081449196,
    "incomeTaxExpense": 59200000,
    "netIncome": 99600000,
    "netIncomeRatio": 0.0678289294,
    "eps": 1.01,
    "epsdiluted": 1.01,
    "weightedAverageShsOut": 97029702,
    "weightedAverageShsOutDil": 98613861,
    "link": "https://www.sec.gov/Archives/edgar/data/75677/000007567714000033/0000075677-14-000033-index.htm",
    "finalLink": "https://www.sec.gov/Archives/edgar/data/75677/000007567714000033/pkg0630201410q.htm"
  },
  {
    "date": "2014-03-31",
    "symbol": "PKG",
    "reportedCurrency": "USD",
    "cik": "0000075677",
    "fillingDate": "2014-05-08",
    "acceptedDate": "2014-05-08 15:22:45",
    "calendarYear": "2014",
    "period": "Q1",
    "revenue": 1431300000,
    "costOfRevenue": 1129900000,
    "grossProfit": 301400000,
    "grossProfitRatio": 0.2105777964,
    "researchAndDevelopmentExpenses": 0,
    "generalAndAdministrativeExpenses": 0,
    "sellingAndMarketingExpenses": 0,
    "sellingGeneralAndAdministrativeExpenses": 116500000,
    "otherExpenses": 0,
    "operatingExpenses": 116500000,
    "costAndExpenses": 1246400000,
    "interestIncome": 0,
    "interestExpense": 20800000,
    "depreciationAndAmortization": 86000000,
    "ebitda": 246900000,
    "ebitdaratio": 0.172500524,
    "operatingIncome": 160900000,
    "operatingIncomeRatio": 0.1124152868,
    "totalOtherIncomeExpensesNet": -20800000,
    "incomeBeforeTax": 140100000,
    "incomeBeforeTaxRatio": 0.0978830434,
    "incomeTaxExpense": 50000000,
    "netIncome": 90100000,
    "netIncomeRatio": 0.0629497659,
    "eps": 0.92,
    "epsdiluted": 0.92,
    "weightedAverageShsOut": 96800033,
    "weightedAverageShsOutDil": 97934783,
    "link": "https://www.sec.gov/Archives/edgar/data/75677/000007567714000023/0000075677-14-000023-index.htm",
    "finalLink": "https://www.sec.gov/Archives/edgar/data/75677/000007567714000023/pkg0331201410q.htm"
  },
  {
    "date": "2013-12-31",
    "symbol": "PKG",
    "reportedCurrency": "USD",
    "cik": "0000075677",
    "fillingDate": "2014-02-28",
    "acceptedDate": "2014-02-28 15:15:12",
    "calendarYear": "2013",
    "period": "Q4",
    "revenue": 1264431000,
    "costOfRevenue": 1005612000,
    "grossProfit": 258819000,
    "grossProfitRatio": 0.204692071,
    "researchAndDevelopmentExpenses": 0,
    "generalAndAdministrativeExpenses": 0,
    "sellingAndMarketingExpenses": 0,
    "sellingGeneralAndAdministrativeExpenses": 99741000,
    "otherExpenses": 46743000,
    "operatingExpenses": 99741000,
    "costAndExpenses": 1105353000,
    "interestIncome": 0,
    "interestExpense": 27900000,
    "depreciationAndAmortization": 88080000,
    "ebitda": 209211000,
    "ebitdaratio": 0.1654586134,
    "operatingIncome": 121131000,
    "operatingIncomeRatio": 0.0957988218,
    "totalOtherIncomeExpensesNet": -27942000,
    "incomeBeforeTax": 93189000,
    "incomeBeforeTaxRatio": 0.0737003443,
    "incomeTaxExpense": -133800000,
    "netIncome": 227025000,
    "netIncomeRatio": 0.1795471639,
    "eps": 2.35,
    "epsdiluted": 2.33,
    "weightedAverageShsOut": 96700000,
    "weightedAverageShsOutDil": 97600000,
    "link": "https://www.sec.gov/Archives/edgar/data/75677/000007567714000009/0000075677-14-000009-index.htm",
    "finalLink": "https://www.sec.gov/Archives/edgar/data/75677/000007567714000009/pkg1231201310k.htm"
  },
  {
    "date": "2013-09-30",
    "symbol": "PKG",
    "reportedCurrency": "USD",
    "cik": "0000075677",
    "fillingDate": "2013-11-08",
    "acceptedDate": "2013-11-08 12:10:53",
    "calendarYear": "2013",
    "period": "Q3",
    "revenue": 845440000,
    "costOfRevenue": 617841000,
    "grossProfit": 227599000,
    "grossProfitRatio": 0.2692077498,
    "researchAndDevelopmentExpenses": 0,
    "generalAndAdministrativeExpenses": 77612000,
    "sellingAndMarketingExpenses": -516000,
    "sellingGeneralAndAdministrativeExpenses": 77096000,
    "otherExpenses": 7721000,
    "operatingExpenses": 77096000,
    "costAndExpenses": 694937000,
    "interestIncome": 0,
    "interestExpense": 11900000,
    "depreciationAndAmortization": 48433000,
    "ebitda": 191215000,
    "ebitdaratio": 0.2261721707,
    "operatingIncome": 142782000,
    "operatingIncomeRatio": 0.168884841,
    "totalOtherIncomeExpensesNet": -11850000,
    "incomeBeforeTax": 130932000,
    "incomeBeforeTaxRatio": 0.1548684709,
    "incomeTaxExpense": 45900000,
    "netIncome": 84682000,
    "netIncomeRatio": 0.1001632286,
    "eps": 0.87,
    "epsdiluted": 0.86,
    "weightedAverageShsOut": 96800000,
    "weightedAverageShsOutDil": 97600000,
    "link": "https://www.sec.gov/Archives/edgar/data/75677/000119312513434620/0001193125-13-434620-index.htm",
    "finalLink": "https://www.sec.gov/Archives/edgar/data/75677/000119312513434620/d594667d10q.htm"
  },
  {
    "date": "2013-06-30",
    "symbol": "PKG",
    "reportedCurrency": "USD",
    "cik": "0000075677",
    "fillingDate": "2013-08-06",
    "acceptedDate": "2013-08-06 16:31:55",
    "calendarYear": "2013",
    "period": "Q2",
    "revenue": 800230000,
    "costOfRevenue": 604980000,
    "grossProfit": 195250000,
    "grossProfitRatio": 0.2439923522,
    "researchAndDevelopmentExpenses": 0,
    "generalAndAdministrativeExpenses": 74025000,
    "sellingAndMarketingExpenses": 200000,
    "sellingGeneralAndAdministrativeExpenses": 74225000,
    "otherExpenses": 10828000,
    "operatingExpenses": 74225000,
    "costAndExpenses": 679205000,
    "interestIncome": 0,
    "interestExpense": 9200000,
    "depreciationAndAmortization": 44683000,
    "ebitda": 154880000,
    "ebitdaratio": 0.193544356,
    "operatingIncome": 110197000,
    "operatingIncomeRatio": 0.1377066593,
    "totalOtherIncomeExpensesNet": -9232000,
    "incomeBeforeTax": 100965000,
    "incomeBeforeTaxRatio": 0.1261699761,
    "incomeTaxExpense": 33600000,
    "netIncome": 66252000,
    "netIncomeRatio": 0.0827911975,
    "eps": 0.67,
    "epsdiluted": 0.66,
    "weightedAverageShsOut": 96400000,
    "weightedAverageShsOutDil": 97500000,
    "link": "https://www.sec.gov/Archives/edgar/data/75677/000119312513321685/0001193125-13-321685-index.htm",
    "finalLink": "https://www.sec.gov/Archives/edgar/data/75677/000119312513321685/d563703d10q.htm"
  },
  {
    "date": "2013-03-31",
    "symbol": "PKG",
    "reportedCurrency": "USD",
    "cik": "0000075677",
    "fillingDate": "2013-05-01",
    "acceptedDate": "2013-05-01 14:28:57",
    "calendarYear": "2013",
    "period": "Q1",
    "revenue": 755207000,
    "costOfRevenue": 569961000,
    "grossProfit": 185246000,
    "grossProfitRatio": 0.2452916882,
    "researchAndDevelopmentExpenses": 0,
    "generalAndAdministrativeExpenses": 75224000,
    "sellingAndMarketingExpenses": 61000,
    "sellingGeneralAndAdministrativeExpenses": 75285000,
    "otherExpenses": 5361000,
    "operatingExpenses": 75285000,
    "costAndExpenses": 645246000,
    "interestIncome": 0,
    "interestExpense": 9200000,
    "depreciationAndAmortization": 44296000,
    "ebitda": 150296000,
    "ebitdaratio": 0.1990129858,
    "operatingIncome": 106000000,
    "operatingIncomeRatio": 0.1403588685,
    "totalOtherIncomeExpensesNet": -9251000,
    "incomeBeforeTax": 96749000,
    "incomeBeforeTaxRatio": 0.1281092469,
    "incomeTaxExpense": 33400000,
    "netIncome": 62294000,
    "netIncomeRatio": 0.0824859939,
    "eps": 0.63,
    "epsdiluted": 0.62,
    "weightedAverageShsOut": 96400000,
    "weightedAverageShsOutDil": 97400000,
    "link": "https://www.sec.gov/Archives/edgar/data/75677/000119312513191856/0001193125-13-191856-index.htm",
    "finalLink": "https://www.sec.gov/Archives/edgar/data/75677/000119312513191856/d501838d10q.htm"
  },
  {
    "date": "2012-12-31",
    "symbol": "PKG",
    "reportedCurrency": "USD",
    "cik": "0000075677",
    "fillingDate": "2013-02-28",
    "acceptedDate": "2013-02-28 14:19:09",
    "calendarYear": "2012",
    "period": "Q4",
    "revenue": 736579000,
    "costOfRevenue": 562629000,
    "grossProfit": 173950000,
    "grossProfitRatio": 0.2361593257,
    "researchAndDevelopmentExpenses": 0,
    "generalAndAdministrativeExpenses": 0,
    "sellingAndMarketingExpenses": 0,
    "sellingGeneralAndAdministrativeExpenses": 71928000,
    "otherExpenses": -80408000,
    "operatingExpenses": -31758000,
    "costAndExpenses": 530871000,
    "interestIncome": 0,
    "interestExpense": 9400000,
    "depreciationAndAmortization": 43286000,
    "ebitda": 141705000,
    "ebitdaratio": 0.1923826229,
    "operatingIncome": 98419000,
    "operatingIncomeRatio": 0.1336163534,
    "totalOtherIncomeExpensesNet": -9371000,
    "incomeBeforeTax": 89048000,
    "incomeBeforeTaxRatio": 0.1208940249,
    "incomeTaxExpense": 28000000,
    "netIncome": 61031000,
    "netIncomeRatio": 0.0828573717,
    "eps": 0.63,
    "epsdiluted": 0.63,
    "weightedAverageShsOut": 96300000,
    "weightedAverageShsOutDil": 97400000,
    "link": "https://www.sec.gov/Archives/edgar/data/75677/000119312513083569/0001193125-13-083569-index.htm",
    "finalLink": "https://www.sec.gov/Archives/edgar/data/75677/000119312513083569/d450554d10k.htm"
  },
  {
    "date": "2012-09-30",
    "symbol": "PKG",
    "reportedCurrency": "USD",
    "cik": "0000075677",
    "fillingDate": "2012-11-06",
    "acceptedDate": "2012-11-06 15:56:55",
    "calendarYear": "2012",
    "period": "Q3",
    "revenue": 723473000,
    "costOfRevenue": 560921000,
    "grossProfit": 162552000,
    "grossProfitRatio": 0.2246828838,
    "researchAndDevelopmentExpenses": 0,
    "generalAndAdministrativeExpenses": 68519000,
    "sellingAndMarketingExpenses": 0,
    "sellingGeneralAndAdministrativeExpenses": 68519000,
    "otherExpenses": -16990000,
    "operatingExpenses": 68519000,
    "costAndExpenses": 629440000,
    "interestIncome": 0,
    "interestExpense": 30590000,
    "depreciationAndAmortization": 42912000,
    "ebitda": 134984000,
    "ebitdaratio": 0.186577799,
    "operatingIncome": 92072000,
    "operatingIncomeRatio": 0.1272639062,
    "totalOtherIncomeExpensesNet": -30590000,
    "incomeBeforeTax": 61482000,
    "incomeBeforeTaxRatio": 0.0849817478,
    "incomeTaxExpense": 21700000,
    "netIncome": 39791000,
    "netIncomeRatio": 0.0549999793,
    "eps": 0.41,
    "epsdiluted": 0.41,
    "weightedAverageShsOut": 96400000,
    "weightedAverageShsOutDil": 97300000,
    "link": "https://www.sec.gov/Archives/edgar/data/75677/000119312512454441/0001193125-12-454441-index.htm",
    "finalLink": "https://www.sec.gov/Archives/edgar/data/75677/000119312512454441/d404242d10q.htm"
  },
  {
    "date": "2012-06-30",
    "symbol": "PKG",
    "reportedCurrency": "USD",
    "cik": "0000075677",
    "fillingDate": "2012-08-07",
    "acceptedDate": "2012-08-07 15:41:43",
    "calendarYear": "2012",
    "period": "Q2",
    "revenue": 712468000,
    "costOfRevenue": 554360000,
    "grossProfit": 158108000,
    "grossProfitRatio": 0.2219159317,
    "researchAndDevelopmentExpenses": 0,
    "generalAndAdministrativeExpenses": 70604000,
    "sellingAndMarketingExpenses": 0,
    "sellingGeneralAndAdministrativeExpenses": 70604000,
    "otherExpenses": -17736000,
    "operatingExpenses": 70604000,
    "costAndExpenses": 624964000,
    "interestIncome": 0,
    "interestExpense": 13256000,
    "depreciationAndAmortization": 42444000,
    "ebitda": 126302000,
    "ebitdaratio": 0.1772739267,
    "operatingIncome": 83858000,
    "operatingIncomeRatio": 0.1177007248,
    "totalOtherIncomeExpensesNet": -13256000,
    "incomeBeforeTax": 70602000,
    "incomeBeforeTaxRatio": 0.0990949769,
    "incomeTaxExpense": 25400000,
    "netIncome": 45154000,
    "netIncomeRatio": 0.0633768815,
    "eps": 0.47,
    "epsdiluted": 0.46,
    "weightedAverageShsOut": 96300000,
    "weightedAverageShsOutDil": 97400000,
    "link": "https://www.sec.gov/Archives/edgar/data/75677/000119312512340742/0001193125-12-340742-index.htm",
    "finalLink": "https://www.sec.gov/Archives/edgar/data/75677/000119312512340742/d364073d10q.htm"
  },
  {
    "date": "2012-03-31",
    "symbol": "PKG",
    "reportedCurrency": "USD",
    "cik": "0000075677",
    "fillingDate": "2012-05-08",
    "acceptedDate": "2012-05-08 15:36:06",
    "calendarYear": "2012",
    "period": "Q1",
    "revenue": 671357000,
    "costOfRevenue": 526338000,
    "grossProfit": 145019000,
    "grossProfitRatio": 0.2160087703,
    "researchAndDevelopmentExpenses": 0,
    "generalAndAdministrativeExpenses": 68830000,
    "sellingAndMarketingExpenses": 0,
    "sellingGeneralAndAdministrativeExpenses": 68830000,
    "otherExpenses": -16888000,
    "operatingExpenses": -26670000,
    "costAndExpenses": 499668000,
    "interestIncome": 0,
    "interestExpense": 9683000,
    "depreciationAndAmortization": 42638000,
    "ebitda": 211748000,
    "ebitdaratio": 0.3154029823,
    "operatingIncome": 169110000,
    "operatingIncomeRatio": 0.2518928081,
    "totalOtherIncomeExpensesNet": -9683000,
    "incomeBeforeTax": 159427000,
    "incomeBeforeTaxRatio": 0.2374697814,
    "incomeTaxExpense": 141600000,
    "netIncome": 17844000,
    "netIncomeRatio": 0.0265790034,
    "eps": 0.18,
    "epsdiluted": 0.18,
    "weightedAverageShsOut": 96600000,
    "weightedAverageShsOutDil": 97700000,
    "link": "https://www.sec.gov/Archives/edgar/data/75677/000119312512218241/0001193125-12-218241-index.htm",
    "finalLink": "https://www.sec.gov/Archives/edgar/data/75677/000119312512218241/d309031d10q.htm"
  },
  {
    "date": "2011-12-31",
    "symbol": "PKG",
    "reportedCurrency": "USD",
    "cik": "0000075677",
    "fillingDate": "2012-02-21",
    "acceptedDate": "2012-02-21 15:25:52",
    "calendarYear": "2011",
    "period": "Q4",
    "revenue": 654306000,
    "costOfRevenue": 520149000,
    "grossProfit": 134157000,
    "grossProfitRatio": 0.2050370927,
    "researchAndDevelopmentExpenses": 0,
    "generalAndAdministrativeExpenses": 0,
    "sellingAndMarketingExpenses": 0,
    "sellingGeneralAndAdministrativeExpenses": 65087000,
    "otherExpenses": 1263000,
    "operatingExpenses": 66350000,
    "costAndExpenses": 586499000,
    "interestIncome": 0,
    "interestExpense": 0,
    "depreciationAndAmortization": 42940000,
    "ebitda": 110747000,
    "ebitdaratio": 0.169258726,
    "operatingIncome": 67807000,
    "operatingIncomeRatio": 0.1036319398,
    "totalOtherIncomeExpensesNet": -9294000,
    "incomeBeforeTax": 58513000,
    "incomeBeforeTaxRatio": 0.0894275767,
    "incomeTaxExpense": 19048000,
    "netIncome": 39465000,
    "netIncomeRatio": 0.0603158155,
    "eps": 0.41,
    "epsdiluted": 0.41,
    "weightedAverageShsOut": 96600000,
    "weightedAverageShsOutDil": 96600000,
    "link": "https://www.sec.gov/Archives/edgar/data/75677/000119312512070269/0001193125-12-070269-index.htm",
    "finalLink": "https://www.sec.gov/Archives/edgar/data/75677/000119312512070269/d262559d10k.htm"
  },
  {
    "date": "2011-09-30",
    "symbol": "PKG",
    "reportedCurrency": "USD",
    "cik": "0000075677",
    "fillingDate": "2011-11-03",
    "acceptedDate": "2011-11-03 15:48:02",
    "calendarYear": "2011",
    "period": "Q3",
    "revenue": 670824000,
    "costOfRevenue": 533077000,
    "grossProfit": 137747000,
    "grossProfitRatio": 0.2053399998,
    "researchAndDevelopmentExpenses": 0,
    "generalAndAdministrativeExpenses": 0,
    "sellingAndMarketingExpenses": 0,
    "sellingGeneralAndAdministrativeExpenses": 65338000,
    "otherExpenses": 1229000,
    "operatingExpenses": 66567000,
    "costAndExpenses": 599644000,
    "interestIncome": 0,
    "interestExpense": 6727000,
    "depreciationAndAmortization": 41099000,
    "ebitda": 112279000,
    "ebitdaratio": 0.1673747511,
    "operatingIncome": 71180000,
    "operatingIncomeRatio": 0.1061083086,
    "totalOtherIncomeExpensesNet": -6727000,
    "incomeBeforeTax": 64453000,
    "incomeBeforeTaxRatio": 0.096080343,
    "incomeTaxExpense": 22700000,
    "netIncome": 41777000,
    "netIncomeRatio": 0.0622771398,
    "eps": 0.42,
    "epsdiluted": 0.42,
    "weightedAverageShsOut": 99000000,
    "weightedAverageShsOutDil": 100000000,
    "link": "https://www.sec.gov/Archives/edgar/data/75677/000119312511295010/0001193125-11-295010-index.htm",
    "finalLink": "https://www.sec.gov/Archives/edgar/data/75677/000119312511295010/d231357d10q.htm"
  },
  {
    "date": "2011-06-30",
    "symbol": "PKG",
    "reportedCurrency": "USD",
    "cik": "0000075677",
    "fillingDate": "2011-08-04",
    "acceptedDate": "2011-08-04 15:36:21",
    "calendarYear": "2011",
    "period": "Q2",
    "revenue": 665481000,
    "costOfRevenue": 528580000,
    "grossProfit": 136901000,
    "grossProfitRatio": 0.2057173683,
    "researchAndDevelopmentExpenses": 0,
    "generalAndAdministrativeExpenses": 0,
    "sellingAndMarketingExpenses": 0,
    "sellingGeneralAndAdministrativeExpenses": 64544000,
    "otherExpenses": 4498000,
    "operatingExpenses": 69042000,
    "costAndExpenses": 597622000,
    "interestIncome": 0,
    "interestExpense": 6321000,
    "depreciationAndAmortization": 40638000,
    "ebitda": 108497000,
    "ebitdaratio": 0.1630354586,
    "operatingIncome": 67859000,
    "operatingIncomeRatio": 0.1019698534,
    "totalOtherIncomeExpensesNet": -6321000,
    "incomeBeforeTax": 61538000,
    "incomeBeforeTaxRatio": 0.0924714605,
    "incomeTaxExpense": 22100000,
    "netIncome": 39368000,
    "netIncomeRatio": 0.0591572111,
    "eps": 0.39,
    "epsdiluted": 0.39,
    "weightedAverageShsOut": 100100000,
    "weightedAverageShsOutDil": 101100000,
    "link": "https://www.sec.gov/Archives/edgar/data/75677/000095012311072871/0000950123-11-072871-index.htm",
    "finalLink": "https://www.sec.gov/Archives/edgar/data/75677/000095012311072871/c65014e10vq.htm"
  },
  {
    "date": "2011-03-31",
    "symbol": "PKG",
    "reportedCurrency": "USD",
    "cik": "0000075677",
    "fillingDate": "2011-05-10",
    "acceptedDate": "2011-05-10 16:04:52",
    "calendarYear": "2011",
    "period": "Q1",
    "revenue": 629500000,
    "costOfRevenue": 496359000,
    "grossProfit": 133141000,
    "grossProfitRatio": 0.21150278,
    "researchAndDevelopmentExpenses": 0,
    "generalAndAdministrativeExpenses": 0,
    "sellingAndMarketingExpenses": 0,
    "sellingGeneralAndAdministrativeExpenses": 63505000,
    "otherExpenses": 3733000,
    "operatingExpenses": 67238000,
    "costAndExpenses": 563597000,
    "interestIncome": 0,
    "interestExpense": 0,
    "depreciationAndAmortization": 39296000,
    "ebitda": 105199000,
    "ebitdaratio": 0.1671151708,
    "operatingIncome": 65903000,
    "operatingIncomeRatio": 0.1046910246,
    "totalOtherIncomeExpensesNet": -6903000,
    "incomeBeforeTax": 59000000,
    "incomeBeforeTaxRatio": 0.0937251787,
    "incomeTaxExpense": 21600000,
    "netIncome": 37417000,
    "netIncomeRatio": 0.0594392375,
    "eps": 0.37,
    "epsdiluted": 0.37,
    "weightedAverageShsOut": 100700000,
    "weightedAverageShsOutDil": 101900000,
    "link": "https://www.sec.gov/Archives/edgar/data/75677/000095012311048298/0000950123-11-048298-index.htm",
    "finalLink": "https://www.sec.gov/Archives/edgar/data/75677/000095012311048298/c63918e10vq.htm"
  },
  {
    "date": "2010-12-31",
    "symbol": "PKG",
    "reportedCurrency": "USD",
    "cik": "0000075677",
    "fillingDate": "2011-02-22",
    "acceptedDate": "2011-02-22 16:30:27",
    "calendarYear": "2010",
    "period": "Q4",
    "revenue": 626651000,
    "costOfRevenue": 479367000,
    "grossProfit": 147284000,
    "grossProfitRatio": 0.2350335354,
    "researchAndDevelopmentExpenses": 0,
    "generalAndAdministrativeExpenses": 0,
    "sellingAndMarketingExpenses": 0,
    "sellingGeneralAndAdministrativeExpenses": 60897000,
    "otherExpenses": -19210000,
    "operatingExpenses": 67291000,
    "costAndExpenses": 546658000,
    "interestIncome": 0,
    "interestExpense": 0,
    "depreciationAndAmortization": 39528000,
    "ebitda": 119521000,
    "ebitdaratio": 0.1907297682,
    "operatingIncome": 96362000,
    "operatingIncomeRatio": 0.1537729933,
    "totalOtherIncomeExpensesNet": -7559000,
    "incomeBeforeTax": 88803000,
    "incomeBeforeTaxRatio": 0.1417104577,
    "incomeTaxExpense": 33912000,
    "netIncome": 54891000,
    "netIncomeRatio": 0.0875942111,
    "eps": 0.55,
    "epsdiluted": 0.55,
    "weightedAverageShsOut": 100700000,
    "weightedAverageShsOutDil": 100700000,
    "link": "https://www.sec.gov/Archives/edgar/data/75677/000095012311016543/0000950123-11-016543-index.htm",
    "finalLink": "https://www.sec.gov/Archives/edgar/data/75677/000095012311016543/c61761e10vk.htm"
  },
  {
    "date": "2010-09-30",
    "symbol": "PKG",
    "reportedCurrency": "USD",
    "cik": "0000075677",
    "fillingDate": "2010-11-03",
    "acceptedDate": "2010-11-03 16:36:23",
    "calendarYear": "2010",
    "period": "Q3",
    "revenue": 642764000,
    "costOfRevenue": 476312000,
    "grossProfit": 166452000,
    "grossProfitRatio": 0.2589628542,
    "researchAndDevelopmentExpenses": 0,
    "generalAndAdministrativeExpenses": 0,
    "sellingAndMarketingExpenses": 0,
    "sellingGeneralAndAdministrativeExpenses": 62746000,
    "otherExpenses": 116048000,
    "operatingExpenses": 178794000,
    "costAndExpenses": 655106000,
    "interestIncome": 0,
    "interestExpense": 0,
    "depreciationAndAmortization": 39042000,
    "ebitda": 26700000,
    "ebitdaratio": 0.0415393519,
    "operatingIncome": -12342000,
    "operatingIncomeRatio": -0.0192014487,
    "totalOtherIncomeExpensesNet": -7903000,
    "incomeBeforeTax": -20245000,
    "incomeBeforeTaxRatio": -0.0314967858,
    "incomeTaxExpense": -113500000,
    "netIncome": 93320000,
    "netIncomeRatio": 0.1451854802,
    "eps": 0.92,
    "epsdiluted": 0.91,
    "weightedAverageShsOut": 101800000,
    "weightedAverageShsOutDil": 102700000,
    "link": "https://www.sec.gov/Archives/edgar/data/75677/000095012310100144/0000950123-10-100144-index.htm",
    "finalLink": "https://www.sec.gov/Archives/edgar/data/75677/000095012310100144/c60357e10vq.htm"
  },
  {
    "date": "2010-06-30",
    "symbol": "PKG",
    "reportedCurrency": "USD",
    "cik": "0000075677",
    "fillingDate": "2010-08-04",
    "acceptedDate": "2010-08-04 14:33:27",
    "calendarYear": "2010",
    "period": "Q2",
    "revenue": 615459000,
    "costOfRevenue": 483794000,
    "grossProfit": 131665000,
    "grossProfitRatio": 0.2139297662,
    "researchAndDevelopmentExpenses": 0,
    "generalAndAdministrativeExpenses": 0,
    "sellingAndMarketingExpenses": 0,
    "sellingGeneralAndAdministrativeExpenses": 60039000,
    "otherExpenses": 3880000,
    "operatingExpenses": 63919000,
    "costAndExpenses": 547713000,
    "interestIncome": 0,
    "interestExpense": 0,
    "depreciationAndAmortization": 39087000,
    "ebitda": 106833000,
    "ebitdaratio": 0.1735826432,
    "operatingIncome": 67746000,
    "operatingIncomeRatio": 0.1100739448,
    "totalOtherIncomeExpensesNet": -8093000,
    "incomeBeforeTax": 59653000,
    "incomeBeforeTaxRatio": 0.0969244093,
    "incomeTaxExpense": 21600000,
    "netIncome": 38030000,
    "netIncomeRatio": 0.061791281,
    "eps": 0.37,
    "epsdiluted": 0.37,
    "weightedAverageShsOut": 102000000,
    "weightedAverageShsOutDil": 102900000,
    "link": "https://www.sec.gov/Archives/edgar/data/75677/000095012310072404/0000950123-10-072404-index.htm",
    "finalLink": "https://www.sec.gov/Archives/edgar/data/75677/000095012310072404/c58674e10vq.htm"
  },
  {
    "date": "2010-03-31",
    "symbol": "PKG",
    "reportedCurrency": "USD",
    "cik": "0000075677",
    "fillingDate": "2010-05-05",
    "acceptedDate": "2010-05-05 16:24:24",
    "calendarYear": "2010",
    "period": "Q1",
    "revenue": 550732000,
    "costOfRevenue": 463933000,
    "grossProfit": 86799000,
    "grossProfitRatio": 0.1576066036,
    "researchAndDevelopmentExpenses": 0,
    "generalAndAdministrativeExpenses": 0,
    "sellingAndMarketingExpenses": 0,
    "sellingGeneralAndAdministrativeExpenses": 56907000,
    "otherExpenses": -20093000,
    "operatingExpenses": 62418000,
    "costAndExpenses": 526351000,
    "interestIncome": 0,
    "interestExpense": 0,
    "depreciationAndAmortization": 38641000,
    "ebitda": 63022000,
    "ebitdaratio": 0.1144331544,
    "operatingIncome": 33616000,
    "operatingIncomeRatio": 0.061038763,
    "totalOtherIncomeExpensesNet": -8723000,
    "incomeBeforeTax": 24893000,
    "incomeBeforeTaxRatio": 0.0451998431,
    "incomeTaxExpense": 5699000,
    "netIncome": 19194000,
    "netIncomeRatio": 0.0348517972,
    "eps": 0.19,
    "epsdiluted": 0.19,
    "weightedAverageShsOut": 101928000,
    "weightedAverageShsOutDil": 102876000,
    "link": "https://www.sec.gov/Archives/edgar/data/75677/000095012310044527/0000950123-10-044527-index.htm",
    "finalLink": "https://www.sec.gov/Archives/edgar/data/75677/000095012310044527/c57749e10vq.htm"
  },
  {
    "date": "2009-12-31",
    "symbol": "PKG",
    "reportedCurrency": "USD",
    "cik": "0000075677",
    "fillingDate": "2010-02-17",
    "acceptedDate": "2010-02-17 16:46:50",
    "calendarYear": "2009",
    "period": "Q4",
    "revenue": 532257000,
    "costOfRevenue": 444719000,
    "grossProfit": 87538000,
    "grossProfitRatio": 0.1644656623,
    "researchAndDevelopmentExpenses": 0,
    "generalAndAdministrativeExpenses": 0,
    "sellingAndMarketingExpenses": 0,
    "sellingGeneralAndAdministrativeExpenses": 55624000,
    "otherExpenses": -165717000,
    "operatingExpenses": 58344000,
    "costAndExpenses": 503063000,
    "interestIncome": 0,
    "interestExpense": 0,
    "depreciationAndAmortization": 39317000,
    "ebitda": 68511000,
    "ebitdaratio": 0.1287178938,
    "operatingIncome": 70799000,
    "operatingIncomeRatio": 0.1330165691,
    "totalOtherIncomeExpensesNet": -8954000,
    "incomeBeforeTax": 61845000,
    "incomeBeforeTaxRatio": 0.1161938688,
    "incomeTaxExpense": 3162000,
    "netIncome": 58683000,
    "netIncomeRatio": 0.1102531296,
    "eps": 0.58,
    "epsdiluted": 0.58,
    "weightedAverageShsOut": 101760000,
    "weightedAverageShsOutDil": 101928000,
    "link": "https://www.sec.gov/Archives/edgar/data/75677/000095012310013747/0000950123-10-013747-index.htm",
    "finalLink": "https://www.sec.gov/Archives/edgar/data/75677/000095012310013747/c55853e10vk.htm"
  },
  {
    "date": "2009-09-30",
    "symbol": "PKG",
    "reportedCurrency": "USD",
    "cik": "0000075677",
    "fillingDate": "2009-11-04",
    "acceptedDate": "2009-11-04 17:10:59",
    "calendarYear": "2009",
    "period": "Q3",
    "revenue": 553573000,
    "costOfRevenue": 443041000,
    "grossProfit": 110532000,
    "grossProfitRatio": 0.1996701429,
    "researchAndDevelopmentExpenses": 0,
    "generalAndAdministrativeExpenses": 0,
    "sellingAndMarketingExpenses": 0,
    "sellingGeneralAndAdministrativeExpenses": 57446000,
    "otherExpenses": -164545000,
    "operatingExpenses": 61338000,
    "costAndExpenses": 504379000,
    "interestIncome": 0,
    "interestExpense": 0,
    "depreciationAndAmortization": 37621000,
    "ebitda": 86815000,
    "ebitdaratio": 0.1568266516,
    "operatingIncome": 96331000,
    "operatingIncomeRatio": 0.1740167963,
    "totalOtherIncomeExpensesNet": -8961000,
    "incomeBeforeTax": 87370000,
    "incomeBeforeTaxRatio": 0.1578292294,
    "incomeTaxExpense": 14715000,
    "netIncome": 72655000,
    "netIncomeRatio": 0.1312473694,
    "eps": 0.71,
    "epsdiluted": 0.71,
    "weightedAverageShsOut": 101713000,
    "weightedAverageShsOutDil": 102536000,
    "link": "https://www.sec.gov/Archives/edgar/data/75677/000095012309057683/0000950123-09-057683-index.htm",
    "finalLink": "https://www.sec.gov/Archives/edgar/data/75677/000095012309057683/c54402e10vq.htm"
  },
  {
    "date": "2009-06-30",
    "symbol": "PKG",
    "reportedCurrency": "USD",
    "cik": "0000075677",
    "fillingDate": "2009-08-07",
    "acceptedDate": "2009-08-07 15:49:38",
    "calendarYear": "2009",
    "period": "Q2",
    "revenue": 549381000,
    "costOfRevenue": 430882000,
    "grossProfit": 118499000,
    "grossProfitRatio": 0.2156954827,
    "researchAndDevelopmentExpenses": 0,
    "generalAndAdministrativeExpenses": 0,
    "sellingAndMarketingExpenses": 0,
    "sellingGeneralAndAdministrativeExpenses": 58212000,
    "otherExpenses": -164172000,
    "operatingExpenses": 62477000,
    "costAndExpenses": 493359000,
    "interestIncome": -30000,
    "interestExpense": 8800000,
    "depreciationAndAmortization": 37612000,
    "ebitda": 93634000,
    "ebitdaratio": 0.1704354537,
    "operatingIncome": 135717000,
    "operatingIncomeRatio": 0.2470362098,
    "totalOtherIncomeExpensesNet": -8830000,
    "incomeBeforeTax": 126887000,
    "incomeBeforeTaxRatio": 0.2309635754,
    "incomeTaxExpense": 18000000,
    "netIncome": 108881000,
    "netIncomeRatio": 0.1981885067,
    "eps": 1.07,
    "epsdiluted": 1.07,
    "weightedAverageShsOut": 101500000,
    "weightedAverageShsOutDil": 102200000,
    "link": "https://www.sec.gov/Archives/edgar/data/75677/000095012309032063/0000950123-09-032063-index.htm",
    "finalLink": "https://www.sec.gov/Archives/edgar/data/75677/000095012309032063/c52762e10vq.htm"
  },
  {
    "date": "2009-03-31",
    "symbol": "PKG",
    "reportedCurrency": "USD",
    "cik": "0000075677",
    "fillingDate": "2009-05-08",
    "acceptedDate": "2009-05-08 14:57:18",
    "calendarYear": "2009",
    "period": "Q1",
    "revenue": 512378000,
    "costOfRevenue": 402370000,
    "grossProfit": 110008000,
    "grossProfitRatio": 0.2147008654,
    "researchAndDevelopmentExpenses": 0,
    "generalAndAdministrativeExpenses": 0,
    "sellingAndMarketingExpenses": 0,
    "sellingGeneralAndAdministrativeExpenses": 56743000,
    "otherExpenses": 3658000,
    "operatingExpenses": 60401000,
    "costAndExpenses": 462771000,
    "interestIncome": 0,
    "interestExpense": 0,
    "depreciationAndAmortization": 36667000,
    "ebitda": 86274000,
    "ebitdaratio": 0.1683795948,
    "operatingIncome": 49607000,
    "operatingIncomeRatio": 0.0968171936,
    "totalOtherIncomeExpensesNet": -8738000,
    "incomeBeforeTax": 40869000,
    "incomeBeforeTaxRatio": 0.0797633778,
    "incomeTaxExpense": 15193000,
    "netIncome": 25676000,
    "netIncomeRatio": 0.0501114412,
    "eps": 0.25,
    "epsdiluted": 0.25,
    "weightedAverageShsOut": 101362000,
    "weightedAverageShsOutDil": 102143000,
    "link": "https://www.sec.gov/Archives/edgar/data/75677/000095013709003753/0000950137-09-003753-index.htm",
    "finalLink": "https://www.sec.gov/Archives/edgar/data/75677/000095013709003753/c50970e10vq.htm"
  },
  {
    "date": "2008-12-31",
    "symbol": "PKG",
    "reportedCurrency": "USD",
    "cik": "0000075677",
    "fillingDate": "2009-02-27",
    "acceptedDate": "2009-02-27 17:07:41",
    "calendarYear": "2008",
    "period": "Q4",
    "revenue": 546051000,
    "costOfRevenue": 431890000,
    "grossProfit": 114161000,
    "grossProfitRatio": 0.2090665524,
    "researchAndDevelopmentExpenses": 0,
    "generalAndAdministrativeExpenses": 0,
    "sellingAndMarketingExpenses": 0,
    "sellingGeneralAndAdministrativeExpenses": 58988000,
    "otherExpenses": 3385000,
    "operatingExpenses": 62373000,
    "costAndExpenses": 494263000,
    "interestIncome": 0,
    "interestExpense": 0,
    "depreciationAndAmortization": 40398000,
    "ebitda": 92186000,
    "ebitdaratio": 0.1688230587,
    "operatingIncome": 51788000,
    "operatingIncomeRatio": 0.0948409581,
    "totalOtherIncomeExpensesNet": -9098000,
    "incomeBeforeTax": 42690000,
    "incomeBeforeTaxRatio": 0.0781795107,
    "incomeTaxExpense": 12448000,
    "netIncome": 30242000,
    "netIncomeRatio": 0.0553831052,
    "eps": 0.3,
    "epsdiluted": 0.3,
    "weightedAverageShsOut": 101362000,
    "weightedAverageShsOutDil": 101362000,
    "link": "https://www.sec.gov/Archives/edgar/data/75677/000095013709001376/0000950137-09-001376-index.htm",
    "finalLink": "https://www.sec.gov/Archives/edgar/data/75677/000095013709001376/c49472e10vk.htm"
  },
  {
    "date": "2008-09-30",
    "symbol": "PKG",
    "reportedCurrency": "USD",
    "cik": "0000075677",
    "fillingDate": "2008-11-10",
    "acceptedDate": "2008-11-10 15:42:41",
    "calendarYear": "2008",
    "period": "Q3",
    "revenue": 620785000,
    "costOfRevenue": 488734000,
    "grossProfit": 132051000,
    "grossProfitRatio": 0.2127161578,
    "researchAndDevelopmentExpenses": 0,
    "generalAndAdministrativeExpenses": 0,
    "sellingAndMarketingExpenses": 0,
    "sellingGeneralAndAdministrativeExpenses": 60877000,
    "otherExpenses": 2469000,
    "operatingExpenses": 63346000,
    "costAndExpenses": 552080000,
    "interestIncome": 0,
    "interestExpense": 0,
    "depreciationAndAmortization": 37741000,
    "ebitda": 106446000,
    "ebitdaratio": 0.1714699936,
    "operatingIncome": 68705000,
    "operatingIncomeRatio": 0.1106743881,
    "totalOtherIncomeExpensesNet": -8071000,
    "incomeBeforeTax": 60634000,
    "incomeBeforeTaxRatio": 0.0976731074,
    "incomeTaxExpense": 22532000,
    "netIncome": 38102000,
    "netIncomeRatio": 0.0613771273,
    "eps": 0.37,
    "epsdiluted": 0.37,
    "weightedAverageShsOut": 102562000,
    "weightedAverageShsOutDil": 103590000,
    "link": "https://www.sec.gov/Archives/edgar/data/75677/000095013708013592/0000950137-08-013592-index.htm",
    "finalLink": "https://www.sec.gov/Archives/edgar/data/75677/000095013708013592/c47375e10vq.htm"
  },
  {
    "date": "2008-06-30",
    "symbol": "PKG",
    "reportedCurrency": "USD",
    "cik": "0000075677",
    "fillingDate": "2008-08-08",
    "acceptedDate": "2008-08-08 14:30:44",
    "calendarYear": "2008",
    "period": "Q2",
    "revenue": 616183000,
    "costOfRevenue": 488987000,
    "grossProfit": 127196000,
    "grossProfitRatio": 0.2064256885,
    "researchAndDevelopmentExpenses": 0,
    "generalAndAdministrativeExpenses": 0,
    "sellingAndMarketingExpenses": 0,
    "sellingGeneralAndAdministrativeExpenses": 57857000,
    "otherExpenses": 5166000,
    "operatingExpenses": 63023000,
    "costAndExpenses": 552010000,
    "interestIncome": 0,
    "interestExpense": 0,
    "depreciationAndAmortization": 35712000,
    "ebitda": 99885000,
    "ebitdaratio": 0.1621028169,
    "operatingIncome": 64173000,
    "operatingIncomeRatio": 0.1041460086,
    "totalOtherIncomeExpensesNet": -8197000,
    "incomeBeforeTax": 55976000,
    "incomeBeforeTaxRatio": 0.0908431424,
    "incomeTaxExpense": 20784000,
    "netIncome": 35192000,
    "netIncomeRatio": 0.0571129031,
    "eps": 0.34,
    "epsdiluted": 0.34,
    "weightedAverageShsOut": 103100000,
    "weightedAverageShsOutDil": 103890000,
    "link": "https://www.sec.gov/Archives/edgar/data/75677/000095013708010471/0000950137-08-010471-index.htm",
    "finalLink": "https://www.sec.gov/Archives/edgar/data/75677/000095013708010471/c33836e10vq.htm"
  },
  {
    "date": "2008-03-31",
    "symbol": "PKG",
    "reportedCurrency": "USD",
    "cik": "0000075677",
    "fillingDate": "2008-05-09",
    "acceptedDate": "2008-05-09 12:27:33",
    "calendarYear": "2008",
    "period": "Q1",
    "revenue": 577474000,
    "costOfRevenue": 459313000,
    "grossProfit": 118161000,
    "grossProfitRatio": 0.2046170044,
    "researchAndDevelopmentExpenses": 0,
    "generalAndAdministrativeExpenses": 0,
    "sellingAndMarketingExpenses": 0,
    "sellingGeneralAndAdministrativeExpenses": 57639000,
    "otherExpenses": 3376000,
    "operatingExpenses": 61015000,
    "costAndExpenses": 520328000,
    "interestIncome": 0,
    "interestExpense": 0,
    "depreciationAndAmortization": 36512000,
    "ebitda": 93658000,
    "ebitdaratio": 0.1621856568,
    "operatingIncome": 57146000,
    "operatingIncomeRatio": 0.0989585678,
    "totalOtherIncomeExpensesNet": -6303000,
    "incomeBeforeTax": 50843000,
    "incomeBeforeTaxRatio": 0.0880437907,
    "incomeTaxExpense": 18770000,
    "netIncome": 32073000,
    "netIncomeRatio": 0.0555401628,
    "eps": 0.31,
    "epsdiluted": 0.31,
    "weightedAverageShsOut": 103787000,
    "weightedAverageShsOutDil": 104654000,
    "link": "https://www.sec.gov/Archives/edgar/data/75677/000104746908006277/0001047469-08-006277-index.htm",
    "finalLink": "https://www.sec.gov/Archives/edgar/data/75677/000104746908006277/a2185009z10-q.htm"
  },
  {
    "date": "2007-12-31",
    "symbol": "PKG",
    "reportedCurrency": "USD",
    "cik": "0000075677",
    "fillingDate": "2008-02-20",
    "acceptedDate": "2008-02-20 16:17:43",
    "calendarYear": "2007",
    "period": "Q4",
    "revenue": 580178000,
    "costOfRevenue": 447862000,
    "grossProfit": 132316000,
    "grossProfitRatio": 0.2280610433,
    "researchAndDevelopmentExpenses": 0,
    "generalAndAdministrativeExpenses": 0,
    "sellingAndMarketingExpenses": 0,
    "sellingGeneralAndAdministrativeExpenses": 56049000,
    "otherExpenses": 1225000,
    "operatingExpenses": 57274000,
    "costAndExpenses": 505136000,
    "interestIncome": 0,
    "interestExpense": 0,
    "depreciationAndAmortization": 36068000,
    "ebitda": 111110000,
    "ebitdaratio": 0.1915101917,
    "operatingIncome": 75042000,
    "operatingIncomeRatio": 0.1293430637,
    "totalOtherIncomeExpensesNet": -5777000,
    "incomeBeforeTax": 69265000,
    "incomeBeforeTaxRatio": 0.1193857747,
    "incomeTaxExpense": 25273000,
    "netIncome": 43992000,
    "netIncomeRatio": 0.0758250054,
    "eps": 0.42,
    "epsdiluted": 0.42,
    "weightedAverageShsOut": 103787000,
    "weightedAverageShsOutDil": 103787000,
    "link": "https://www.sec.gov/Archives/edgar/data/75677/000104746908001511/0001047469-08-001511-index.htm",
    "finalLink": "https://www.sec.gov/Archives/edgar/data/75677/000104746908001511/a2182363z10-k.htm"
  },
  {
    "date": "2007-09-30",
    "symbol": "PKG",
    "reportedCurrency": "USD",
    "cik": "0000075677",
    "fillingDate": "2007-11-08",
    "acceptedDate": "2007-11-08 10:48:05",
    "calendarYear": "2007",
    "period": "Q3",
    "revenue": 591041000,
    "costOfRevenue": 451483000,
    "grossProfit": 139558000,
    "grossProfitRatio": 0.2361223671,
    "researchAndDevelopmentExpenses": 0,
    "generalAndAdministrativeExpenses": 0,
    "sellingAndMarketingExpenses": 0,
    "sellingGeneralAndAdministrativeExpenses": 55991000,
    "otherExpenses": 2077000,
    "operatingExpenses": 58068000,
    "costAndExpenses": 509551000,
    "interestIncome": 0,
    "interestExpense": 0,
    "depreciationAndAmortization": 36330000,
    "ebitda": 117820000,
    "ebitdaratio": 0.1993431928,
    "operatingIncome": 81490000,
    "operatingIncomeRatio": 0.1378753758,
    "totalOtherIncomeExpensesNet": -5747000,
    "incomeBeforeTax": 75743000,
    "incomeBeforeTaxRatio": 0.1281518541,
    "incomeTaxExpense": 27087000,
    "netIncome": 48656000,
    "netIncomeRatio": 0.0823225462,
    "eps": 0.46,
    "epsdiluted": 0.46,
    "weightedAverageShsOut": 104648000,
    "weightedAverageShsOutDil": 105604000,
    "link": "https://www.sec.gov/Archives/edgar/data/75677/000104746907008677/0001047469-07-008677-index.htm",
    "finalLink": "https://www.sec.gov/Archives/edgar/data/75677/000104746907008677/a2180234z10-q.htm"
  },
  {
    "date": "2007-06-30",
    "symbol": "PKG",
    "reportedCurrency": "USD",
    "cik": "0000075677",
    "fillingDate": "2007-08-08",
    "acceptedDate": "2007-08-08 09:49:32",
    "calendarYear": "2007",
    "period": "Q2",
    "revenue": 585628000,
    "costOfRevenue": 445518000,
    "grossProfit": 140110000,
    "grossProfitRatio": 0.2392474404,
    "researchAndDevelopmentExpenses": 0,
    "generalAndAdministrativeExpenses": 0,
    "sellingAndMarketingExpenses": 0,
    "sellingGeneralAndAdministrativeExpenses": 57569000,
    "otherExpenses": 2297000,
    "operatingExpenses": 59866000,
    "costAndExpenses": 505384000,
    "interestIncome": 0,
    "interestExpense": 0,
    "depreciationAndAmortization": 36282000,
    "ebitda": 116526000,
    "ebitdaratio": 0.1989761419,
    "operatingIncome": 80244000,
    "operatingIncomeRatio": 0.1370221369,
    "totalOtherIncomeExpensesNet": -6948000,
    "incomeBeforeTax": 73296000,
    "incomeBeforeTaxRatio": 0.1251579501,
    "incomeTaxExpense": 27069000,
    "netIncome": 46227000,
    "netIncomeRatio": 0.0789357749,
    "eps": 0.44,
    "epsdiluted": 0.44,
    "weightedAverageShsOut": 104567000,
    "weightedAverageShsOutDil": 105518000,
    "link": "https://www.sec.gov/Archives/edgar/data/75677/000110465907059986/0001104659-07-059986-index.htm",
    "finalLink": "https://www.sec.gov/Archives/edgar/data/75677/000110465907059986/a07-18732_110q.htm"
  },
  {
    "date": "2007-03-31",
    "symbol": "PKG",
    "reportedCurrency": "USD",
    "cik": "0000075677",
    "fillingDate": "2007-05-09",
    "acceptedDate": "2007-05-09 16:33:00",
    "calendarYear": "2007",
    "period": "Q1",
    "revenue": 559159000,
    "costOfRevenue": 446172000,
    "grossProfit": 112987000,
    "grossProfitRatio": 0.2020659598,
    "researchAndDevelopmentExpenses": 0,
    "generalAndAdministrativeExpenses": 0,
    "sellingAndMarketingExpenses": 0,
    "sellingGeneralAndAdministrativeExpenses": 54847000,
    "otherExpenses": 1444000,
    "operatingExpenses": 56291000,
    "costAndExpenses": 502463000,
    "interestIncome": 0,
    "interestExpense": 0,
    "depreciationAndAmortization": 36990000,
    "ebitda": 93686000,
    "ebitdaratio": 0.1675480498,
    "operatingIncome": 56696000,
    "operatingIncomeRatio": 0.1013951309,
    "totalOtherIncomeExpensesNet": -7132000,
    "incomeBeforeTax": 49564000,
    "incomeBeforeTaxRatio": 0.0886402615,
    "incomeTaxExpense": 18373000,
    "netIncome": 31191000,
    "netIncomeRatio": 0.0557819869,
    "eps": 0.3,
    "epsdiluted": 0.3,
    "weightedAverageShsOut": 104166000,
    "weightedAverageShsOutDil": 105065000,
    "link": "https://www.sec.gov/Archives/edgar/data/75677/000110465907037579/0001104659-07-037579-index.htm",
    "finalLink": "https://www.sec.gov/Archives/edgar/data/75677/000110465907037579/a07-10666_110q.htm"
  },
  {
    "date": "2006-12-31",
    "symbol": "PKG",
    "reportedCurrency": "USD",
    "cik": "0000075677",
    "fillingDate": "2007-03-01",
    "acceptedDate": "2007-03-01 16:01:02",
    "calendarYear": "2006",
    "period": "Q4",
    "revenue": 553054000,
    "costOfRevenue": 429581000,
    "grossProfit": 123473000,
    "grossProfitRatio": 0.2232566802,
    "researchAndDevelopmentExpenses": 0,
    "generalAndAdministrativeExpenses": 0,
    "sellingAndMarketingExpenses": 0,
    "sellingGeneralAndAdministrativeExpenses": 53683000,
    "otherExpenses": 943000,
    "operatingExpenses": 54626000,
    "costAndExpenses": 484207000,
    "interestIncome": 0,
    "interestExpense": 0,
    "depreciationAndAmortization": 38225000,
    "ebitda": 107072000,
    "ebitdaratio": 0.1936013482,
    "operatingIncome": 68847000,
    "operatingIncomeRatio": 0.1244851317,
    "totalOtherIncomeExpensesNet": -7098000,
    "incomeBeforeTax": 61749000,
    "incomeBeforeTaxRatio": 0.1116509419,
    "incomeTaxExpense": 21697000,
    "netIncome": 40052000,
    "netIncomeRatio": 0.0724196914,
    "eps": 0.38,
    "epsdiluted": 0.38,
    "weightedAverageShsOut": 103944000,
    "weightedAverageShsOutDil": 104166000,
    "link": "https://www.sec.gov/Archives/edgar/data/75677/000110465907015513/0001104659-07-015513-index.htm",
    "finalLink": "https://www.sec.gov/Archives/edgar/data/75677/000110465907015513/a07-3305_110k.htm"
  },
  {
    "date": "2006-09-30",
    "symbol": "PKG",
    "reportedCurrency": "USD",
    "cik": "0000075677",
    "fillingDate": "2006-11-09",
    "acceptedDate": "2006-11-09 11:39:04",
    "calendarYear": "2006",
    "period": "Q3",
    "revenue": 575041000,
    "costOfRevenue": 440558000,
    "grossProfit": 134483000,
    "grossProfitRatio": 0.2338668025,
    "researchAndDevelopmentExpenses": 0,
    "generalAndAdministrativeExpenses": 0,
    "sellingAndMarketingExpenses": 0,
    "sellingGeneralAndAdministrativeExpenses": 54975000,
    "otherExpenses": 2922000,
    "operatingExpenses": 57897000,
    "costAndExpenses": 498455000,
    "interestIncome": 0,
    "interestExpense": 0,
    "depreciationAndAmortization": 38092000,
    "ebitda": 114678000,
    "ebitdaratio": 0.1994257801,
    "operatingIncome": 76586000,
    "operatingIncomeRatio": 0.1331835469,
    "totalOtherIncomeExpensesNet": -7845000,
    "incomeBeforeTax": 68741000,
    "incomeBeforeTaxRatio": 0.1195410414,
    "incomeTaxExpense": 25198000,
    "netIncome": 43616000,
    "netIncomeRatio": 0.0758485047,
    "eps": 0.42,
    "epsdiluted": 0.42,
    "weightedAverageShsOut": 103672000,
    "weightedAverageShsOutDil": 104583000,
    "link": "https://www.sec.gov/Archives/edgar/data/75677/000110465906073325/0001104659-06-073325-index.htm",
    "finalLink": "https://www.sec.gov/Archives/edgar/data/75677/000110465906073325/a06-21513_110q.htm"
  },
  {
    "date": "2006-06-30",
    "symbol": "PKG",
    "reportedCurrency": "USD",
    "cik": "0000075677",
    "fillingDate": "2006-07-28",
    "acceptedDate": "2006-07-28 14:49:25",
    "calendarYear": "2006",
    "period": "Q2",
    "revenue": 551095000,
    "costOfRevenue": 439212000,
    "grossProfit": 111883000,
    "grossProfitRatio": 0.2030194431,
    "researchAndDevelopmentExpenses": 0,
    "generalAndAdministrativeExpenses": 0,
    "sellingAndMarketingExpenses": 0,
    "sellingGeneralAndAdministrativeExpenses": 51883000,
    "otherExpenses": 2449000,
    "operatingExpenses": 54332000,
    "costAndExpenses": 493544000,
    "interestIncome": 0,
    "interestExpense": 0,
    "depreciationAndAmortization": 38339000,
    "ebitda": 95890000,
    "ebitdaratio": 0.1739990383,
    "operatingIncome": 57551000,
    "operatingIncomeRatio": 0.1044302706,
    "totalOtherIncomeExpensesNet": -8210000,
    "incomeBeforeTax": 49341000,
    "incomeBeforeTaxRatio": 0.0895326577,
    "incomeTaxExpense": 17351000,
    "netIncome": 32081000,
    "netIncomeRatio": 0.0582131937,
    "eps": 0.31,
    "epsdiluted": 0.31,
    "weightedAverageShsOut": 103421000,
    "weightedAverageShsOutDil": 104334000,
    "link": "https://www.sec.gov/Archives/edgar/data/75677/000110465906049568/0001104659-06-049568-index.htm",
    "finalLink": "https://www.sec.gov/Archives/edgar/data/75677/000110465906049568/a06-15158_110q.htm"
  },
  {
    "date": "2006-03-31",
    "symbol": "PKG",
    "reportedCurrency": "USD",
    "cik": "0000075677",
    "fillingDate": "2006-05-10",
    "acceptedDate": "2006-05-10 15:02:58",
    "calendarYear": "2006",
    "period": "Q1",
    "revenue": 507856000,
    "costOfRevenue": 431245000,
    "grossProfit": 76611000,
    "grossProfitRatio": 0.1508518163,
    "researchAndDevelopmentExpenses": 0,
    "generalAndAdministrativeExpenses": 0,
    "sellingAndMarketingExpenses": 0,
    "sellingGeneralAndAdministrativeExpenses": 48880000,
    "otherExpenses": 2215000,
    "operatingExpenses": 51095000,
    "costAndExpenses": 482340000,
    "interestIncome": 0,
    "interestExpense": 0,
    "depreciationAndAmortization": 37755000,
    "ebitda": 63271000,
    "ebitdaratio": 0.1245845279,
    "operatingIncome": 25516000,
    "operatingIncomeRatio": 0.0502425885,
    "totalOtherIncomeExpensesNet": -8050000,
    "incomeBeforeTax": 17466000,
    "incomeBeforeTaxRatio": 0.0343916386,
    "incomeTaxExpense": 5446000,
    "netIncome": 10935000,
    "netIncomeRatio": 0.021531694,
    "eps": 0.11,
    "epsdiluted": 0.1,
    "weightedAverageShsOut": 103355000,
    "weightedAverageShsOutDil": 104238000,
    "link": "https://www.sec.gov/Archives/edgar/data/75677/000110465906033191/0001104659-06-033191-index.htm",
    "finalLink": "https://www.sec.gov/Archives/edgar/data/75677/000110465906033191/a06-9212_110q.htm"
  },
  {
    "date": "2005-12-31",
    "symbol": "PKG",
    "reportedCurrency": "USD",
    "cik": "0000075677",
    "fillingDate": "2006-02-21",
    "acceptedDate": "2006-02-21 14:32:07",
    "calendarYear": "2005",
    "period": "Q4",
    "revenue": 472651000,
    "costOfRevenue": 415533000,
    "grossProfit": 57118000,
    "grossProfitRatio": 0.1208460365,
    "researchAndDevelopmentExpenses": 0,
    "generalAndAdministrativeExpenses": 0,
    "sellingAndMarketingExpenses": 0,
    "sellingGeneralAndAdministrativeExpenses": 46531000,
    "otherExpenses": -3326000,
    "operatingExpenses": 43205000,
    "costAndExpenses": 458738000,
    "interestIncome": 0,
    "interestExpense": 0,
    "depreciationAndAmortization": 39080000,
    "ebitda": 52993000,
    "ebitdaratio": 0.1121186668,
    "operatingIncome": 13913000,
    "operatingIncomeRatio": 0.0294360956,
    "totalOtherIncomeExpensesNet": -12875000,
    "incomeBeforeTax": 1038000,
    "incomeBeforeTaxRatio": 0.0021961236,
    "incomeTaxExpense": -617000,
    "netIncome": 1655000,
    "netIncomeRatio": 0.0035015265,
    "eps": 0.016,
    "epsdiluted": 0.016,
    "weightedAverageShsOut": 103355000,
    "weightedAverageShsOutDil": 103355000,
    "link": "https://www.sec.gov/Archives/edgar/data/75677/000110465906010794/0001104659-06-010794-index.htm",
    "finalLink": "https://www.sec.gov/Archives/edgar/data/75677/000110465906010794/a06-1847_110k.htm"
  },
  {
    "date": "2005-09-30",
    "symbol": "PKG",
    "reportedCurrency": "USD",
    "cik": "0000075677",
    "fillingDate": "2005-11-08",
    "acceptedDate": "2005-11-08 16:58:25",
    "calendarYear": "2005",
    "period": "Q3",
    "revenue": 512187000,
    "costOfRevenue": 431686000,
    "grossProfit": 80501000,
    "grossProfitRatio": 0.1571711113,
    "researchAndDevelopmentExpenses": 0,
    "generalAndAdministrativeExpenses": 0,
    "sellingAndMarketingExpenses": 0,
    "sellingGeneralAndAdministrativeExpenses": 50371000,
    "otherExpenses": 3828000,
    "operatingExpenses": 54199000,
    "costAndExpenses": 485885000,
    "interestIncome": 0,
    "interestExpense": 0,
    "depreciationAndAmortization": 41749000,
    "ebitda": 68051000,
    "ebitdaratio": 0.132863583,
    "operatingIncome": 26302000,
    "operatingIncomeRatio": 0.0513523381,
    "totalOtherIncomeExpensesNet": -7082000,
    "incomeBeforeTax": 19220000,
    "incomeBeforeTaxRatio": 0.0375253569,
    "incomeTaxExpense": 8654000,
    "netIncome": 10566000,
    "netIncomeRatio": 0.0206291843,
    "eps": 0.1,
    "epsdiluted": 0.1,
    "weightedAverageShsOut": 107672000,
    "weightedAverageShsOutDil": 108311000,
    "link": "https://www.sec.gov/Archives/edgar/data/75677/000110465905053567/0001104659-05-053567-index.htm",
    "finalLink": "https://www.sec.gov/Archives/edgar/data/75677/000110465905053567/a05-17905_110q.htm"
  },
  {
    "date": "2005-06-30",
    "symbol": "PKG",
    "reportedCurrency": "USD",
    "cik": "0000075677",
    "fillingDate": "2005-08-08",
    "acceptedDate": "2005-08-08 14:51:07",
    "calendarYear": "2005",
    "period": "Q2",
    "revenue": 519325000,
    "costOfRevenue": 423410000,
    "grossProfit": 95915000,
    "grossProfitRatio": 0.1846916671,
    "researchAndDevelopmentExpenses": 0,
    "generalAndAdministrativeExpenses": 0,
    "sellingAndMarketingExpenses": 0,
    "sellingGeneralAndAdministrativeExpenses": 50275000,
    "otherExpenses": -8640000,
    "operatingExpenses": 41635000,
    "costAndExpenses": 465045000,
    "interestIncome": 0,
    "interestExpense": 0,
    "depreciationAndAmortization": 39651000,
    "ebitda": 93931000,
    "ebitdaratio": 0.1808713234,
    "operatingIncome": 54280000,
    "operatingIncomeRatio": 0.1045202908,
    "totalOtherIncomeExpensesNet": -7076000,
    "incomeBeforeTax": 47204000,
    "incomeBeforeTaxRatio": 0.0908949117,
    "incomeTaxExpense": 19444000,
    "netIncome": 27760000,
    "netIncomeRatio": 0.0534540028,
    "eps": 0.26,
    "epsdiluted": 0.26,
    "weightedAverageShsOut": 107418000,
    "weightedAverageShsOutDil": 108225000,
    "link": "https://www.sec.gov/Archives/edgar/data/75677/000110465905037210/0001104659-05-037210-index.htm",
    "finalLink": "https://www.sec.gov/Archives/edgar/data/75677/000110465905037210/a05-12513_110q.htm"
  },
  {
    "date": "2005-03-31",
    "symbol": "PKG",
    "reportedCurrency": "USD",
    "cik": "0000075677",
    "fillingDate": "2005-05-04",
    "acceptedDate": "2005-05-04 14:27:35",
    "calendarYear": "2005",
    "period": "Q1",
    "revenue": 489437000,
    "costOfRevenue": 416171000,
    "grossProfit": 73266000,
    "grossProfitRatio": 0.1496944448,
    "researchAndDevelopmentExpenses": 0,
    "generalAndAdministrativeExpenses": 0,
    "sellingAndMarketingExpenses": 0,
    "sellingGeneralAndAdministrativeExpenses": 46823000,
    "otherExpenses": 0,
    "operatingExpenses": 46823000,
    "costAndExpenses": 462994000,
    "interestIncome": 0,
    "interestExpense": 0,
    "depreciationAndAmortization": 37872000,
    "ebitda": 64315000,
    "ebitdaratio": 0.131406085,
    "operatingIncome": 26443000,
    "operatingIncomeRatio": 0.0540273825,
    "totalOtherIncomeExpensesNet": -5905000,
    "incomeBeforeTax": 20538000,
    "incomeBeforeTaxRatio": 0.0419624998,
    "incomeTaxExpense": 7919000,
    "netIncome": 12619000,
    "netIncomeRatio": 0.025782685,
    "eps": 0.12,
    "epsdiluted": 0.12,
    "weightedAverageShsOut": 107019000,
    "weightedAverageShsOutDil": 108053000,
    "link": "https://www.sec.gov/Archives/edgar/data/75677/000110465905020321/0001104659-05-020321-index.htm",
    "finalLink": "https://www.sec.gov/Archives/edgar/data/75677/000110465905020321/a05-7235_110q.htm"
  },
  {
    "date": "2004-12-31",
    "symbol": "PKG",
    "reportedCurrency": "USD",
    "cik": "0000075677",
    "fillingDate": "2005-03-09",
    "acceptedDate": "2005-03-09 16:08:48",
    "calendarYear": "2004",
    "period": "Q4",
    "revenue": 492650000,
    "costOfRevenue": 407707000,
    "grossProfit": 84943000,
    "grossProfitRatio": 0.1724205826,
    "researchAndDevelopmentExpenses": 0,
    "generalAndAdministrativeExpenses": 0,
    "sellingAndMarketingExpenses": 0,
    "sellingGeneralAndAdministrativeExpenses": 47840000,
    "otherExpenses": -23601000,
    "operatingExpenses": 24239000,
    "costAndExpenses": 431946000,
    "interestIncome": 0,
    "interestExpense": 0,
    "depreciationAndAmortization": 40811000,
    "ebitda": 101515000,
    "ebitdaratio": 0.2060590683,
    "operatingIncome": 60704000,
    "operatingIncomeRatio": 0.1232193241,
    "totalOtherIncomeExpensesNet": -3824000,
    "incomeBeforeTax": 56880000,
    "incomeBeforeTaxRatio": 0.1154572212,
    "incomeTaxExpense": 20613000,
    "netIncome": 36267000,
    "netIncomeRatio": 0.0736161575,
    "eps": 0.34,
    "epsdiluted": 0.34,
    "weightedAverageShsOut": 106823000,
    "weightedAverageShsOutDil": 107019000,
    "link": "https://www.sec.gov/Archives/edgar/data/75677/000110465905010147/0001104659-05-010147-index.htm",
    "finalLink": "https://www.sec.gov/Archives/edgar/data/75677/000110465905010147/a05-2046_110k.htm"
  },
  {
    "date": "2004-09-30",
    "symbol": "PKG",
    "reportedCurrency": "USD",
    "cik": "0000075677",
    "fillingDate": "2004-11-02",
    "acceptedDate": "2004-11-02 14:40:40",
    "calendarYear": "2004",
    "period": "Q3",
    "revenue": 498753000,
    "costOfRevenue": 400774000,
    "grossProfit": 97979000,
    "grossProfitRatio": 0.1964479412,
    "researchAndDevelopmentExpenses": 0,
    "generalAndAdministrativeExpenses": 0,
    "sellingAndMarketingExpenses": 0,
    "sellingGeneralAndAdministrativeExpenses": 47531000,
    "otherExpenses": 0,
    "operatingExpenses": 47531000,
    "costAndExpenses": 448305000,
    "interestIncome": 0,
    "interestExpense": 0,
    "depreciationAndAmortization": 40197000,
    "ebitda": 90645000,
    "ebitdaratio": 0.1817432677,
    "operatingIncome": 50448000,
    "operatingIncomeRatio": 0.1011482638,
    "totalOtherIncomeExpensesNet": -9775000,
    "incomeBeforeTax": 40673000,
    "incomeBeforeTaxRatio": 0.0815493842,
    "incomeTaxExpense": 16752000,
    "netIncome": 24607000,
    "netIncomeRatio": 0.0493370466,
    "eps": 0.23,
    "epsdiluted": 0.23,
    "weightedAverageShsOut": 106602000,
    "weightedAverageShsOutDil": 107765000,
    "link": "https://www.sec.gov/Archives/edgar/data/75677/000110465904033046/0001104659-04-033046-index.htm",
    "finalLink": "https://www.sec.gov/Archives/edgar/data/75677/000110465904033046/a04-11987_110q.htm"
  },
  {
    "date": "2004-06-30",
    "symbol": "PKG",
    "reportedCurrency": "USD",
    "cik": "0000075677",
    "fillingDate": "2004-08-04",
    "acceptedDate": "2004-08-04 12:37:18",
    "calendarYear": "2004",
    "period": "Q2",
    "revenue": 467415000,
    "costOfRevenue": 396715000,
    "grossProfit": 70700000,
    "grossProfitRatio": 0.1512574479,
    "researchAndDevelopmentExpenses": 0,
    "generalAndAdministrativeExpenses": 0,
    "sellingAndMarketingExpenses": 0,
    "sellingGeneralAndAdministrativeExpenses": 42912000,
    "otherExpenses": 0,
    "operatingExpenses": 42912000,
    "costAndExpenses": 439627000,
    "interestIncome": 0,
    "interestExpense": 0,
    "depreciationAndAmortization": 39638000,
    "ebitda": 67426000,
    "ebitdaratio": 0.1442529658,
    "operatingIncome": 27788000,
    "operatingIncomeRatio": 0.0594503814,
    "totalOtherIncomeExpensesNet": -7288000,
    "incomeBeforeTax": 20500000,
    "incomeBeforeTaxRatio": 0.0438582416,
    "incomeTaxExpense": 8998000,
    "netIncome": 12334000,
    "netIncomeRatio": 0.0263876855,
    "eps": 0.12,
    "epsdiluted": 0.11,
    "weightedAverageShsOut": 106157000,
    "weightedAverageShsOutDil": 107454000,
    "link": "https://www.sec.gov/Archives/edgar/data/75677/000110465904022204/0001104659-04-022204-index.htm",
    "finalLink": "https://www.sec.gov/Archives/edgar/data/75677/000110465904022204/a04-7945_110q.htm"
  },
  {
    "date": "2004-03-31",
    "symbol": "PKG",
    "reportedCurrency": "USD",
    "cik": "0000075677",
    "fillingDate": "2004-05-06",
    "acceptedDate": "2004-05-06 12:43:08",
    "calendarYear": "2004",
    "period": "Q1",
    "revenue": 431267000,
    "costOfRevenue": 390638000,
    "grossProfit": 40629000,
    "grossProfitRatio": 0.0942084602,
    "researchAndDevelopmentExpenses": 0,
    "generalAndAdministrativeExpenses": 0,
    "sellingAndMarketingExpenses": 0,
    "sellingGeneralAndAdministrativeExpenses": 42541000,
    "otherExpenses": 0,
    "operatingExpenses": 42541000,
    "costAndExpenses": 433179000,
    "interestIncome": 0,
    "interestExpense": 0,
    "depreciationAndAmortization": 38946000,
    "ebitda": 37034000,
    "ebitdaratio": 0.0858725569,
    "operatingIncome": -1912000,
    "operatingIncomeRatio": -0.0044334484,
    "totalOtherIncomeExpensesNet": -8689000,
    "incomeBeforeTax": -10601000,
    "incomeBeforeTaxRatio": -0.02458106,
    "incomeTaxExpense": -4178000,
    "netIncome": -6585000,
    "netIncomeRatio": -0.0152689633,
    "eps": -0.0646,
    "epsdiluted": -0.0646,
    "weightedAverageShsOut": 105845000,
    "weightedAverageShsOutDil": 105845000,
    "link": "https://www.sec.gov/Archives/edgar/data/75677/000110465904012877/0001104659-04-012877-index.htm",
    "finalLink": "https://www.sec.gov/Archives/edgar/data/75677/000110465904012877/a04-4777_110q.htm"
  },
  {
    "date": "2003-12-31",
    "symbol": "PKG",
    "reportedCurrency": "USD",
    "cik": "0000075677",
    "fillingDate": "2004-03-12",
    "acceptedDate": "2004-03-12 17:27:57",
    "calendarYear": "2003",
    "period": "Q4",
    "revenue": 431197000,
    "costOfRevenue": 363746000,
    "grossProfit": 67451000,
    "grossProfitRatio": 0.1564273406,
    "researchAndDevelopmentExpenses": 0,
    "generalAndAdministrativeExpenses": 0,
    "sellingAndMarketingExpenses": 0,
    "sellingGeneralAndAdministrativeExpenses": 42188000,
    "otherExpenses": -8419000,
    "operatingExpenses": 33769000,
    "costAndExpenses": 397515000,
    "interestIncome": 0,
    "interestExpense": 0,
    "depreciationAndAmortization": 40313000,
    "ebitda": 73995000,
    "ebitdaratio": 0.1716036985,
    "operatingIncome": 33682000,
    "operatingIncomeRatio": 0.0781127884,
    "totalOtherIncomeExpensesNet": -34803000,
    "incomeBeforeTax": -1121000,
    "incomeBeforeTaxRatio": -0.0025997398,
    "incomeTaxExpense": -1298000,
    "netIncome": 177000,
    "netIncomeRatio": 0.0004104852,
    "eps": 0.0017,
    "epsdiluted": 0.0017,
    "weightedAverageShsOut": 105213000,
    "weightedAverageShsOutDil": 105845000,
    "link": "https://www.sec.gov/Archives/edgar/data/75677/000110465904007269/0001104659-04-007269-index.htm",
    "finalLink": "https://www.sec.gov/Archives/edgar/data/75677/000110465904007269/a04-2873_110k.htm"
  },
  {
    "date": "2003-09-30",
    "symbol": "PKG",
    "reportedCurrency": "USD",
    "cik": "0000075677",
    "fillingDate": "2003-11-14",
    "acceptedDate": "2003-11-14 14:37:04",
    "calendarYear": "2003",
    "period": "Q3",
    "revenue": 444599000,
    "costOfRevenue": 366192000,
    "grossProfit": 78407000,
    "grossProfitRatio": 0.1763544227,
    "researchAndDevelopmentExpenses": 0,
    "generalAndAdministrativeExpenses": 0,
    "sellingAndMarketingExpenses": 0,
    "sellingGeneralAndAdministrativeExpenses": 46236000,
    "otherExpenses": 0,
    "operatingExpenses": 46236000,
    "costAndExpenses": 412428000,
    "interestIncome": 0,
    "interestExpense": 0,
    "depreciationAndAmortization": 39988000,
    "ebitda": 72159000,
    "ebitdaratio": 0.1623013097,
    "operatingIncome": 32171000,
    "operatingIncomeRatio": 0.072359587,
    "totalOtherIncomeExpensesNet": -85237000,
    "incomeBeforeTax": -53066000,
    "incomeBeforeTaxRatio": -0.1193569936,
    "incomeTaxExpense": -20730000,
    "netIncome": -32336000,
    "netIncomeRatio": -0.0727307079,
    "eps": -0.31,
    "epsdiluted": -0.31,
    "weightedAverageShsOut": 104303000,
    "weightedAverageShsOutDil": 104303000,
    "link": "https://www.sec.gov/Archives/edgar/data/75677/000104746903037465/0001047469-03-037465-index.htm",
    "finalLink": "https://www.sec.gov/Archives/edgar/data/75677/000104746903037465/a2121943z10-q.htm"
  },
  {
    "date": "2003-06-30",
    "symbol": "PKG",
    "reportedCurrency": "USD",
    "cik": "0000075677",
    "fillingDate": "2003-08-13",
    "acceptedDate": "2003-08-13 13:09:50",
    "calendarYear": "2003",
    "period": "Q2",
    "revenue": 436470000,
    "costOfRevenue": 357544000,
    "grossProfit": 78926000,
    "grossProfitRatio": 0.1808280065,
    "researchAndDevelopmentExpenses": 0,
    "generalAndAdministrativeExpenses": 0,
    "sellingAndMarketingExpenses": 0,
    "sellingGeneralAndAdministrativeExpenses": 42507000,
    "otherExpenses": 3104000,
    "operatingExpenses": 45611000,
    "costAndExpenses": 403155000,
    "interestIncome": 0,
    "interestExpense": 0,
    "depreciationAndAmortization": 39561000,
    "ebitda": 72876000,
    "ebitdaratio": 0.1669668018,
    "operatingIncome": 33315000,
    "operatingIncomeRatio": 0.07632827,
    "totalOtherIncomeExpensesNet": -15716000,
    "incomeBeforeTax": 17599000,
    "incomeBeforeTaxRatio": 0.0403212134,
    "incomeTaxExpense": 6925000,
    "netIncome": 10674000,
    "netIncomeRatio": 0.024455289,
    "eps": 0.1,
    "epsdiluted": 0.1,
    "weightedAverageShsOut": 104419000,
    "weightedAverageShsOutDil": 106221000,
    "link": "https://www.sec.gov/Archives/edgar/data/75677/000104746903027375/0001047469-03-027375-index.htm",
    "finalLink": "https://www.sec.gov/Archives/edgar/data/75677/000104746903027375/a2115637z10-q.htm"
  },
  {
    "date": "2003-03-31",
    "symbol": "PKG",
    "reportedCurrency": "USD",
    "cik": "0000075677",
    "fillingDate": "2003-05-14",
    "acceptedDate": "2003-05-14 17:08:08",
    "calendarYear": "2003",
    "period": "Q1",
    "revenue": 423268000,
    "costOfRevenue": 351103000,
    "grossProfit": 72165000,
    "grossProfitRatio": 0.1704948165,
    "researchAndDevelopmentExpenses": 0,
    "generalAndAdministrativeExpenses": 0,
    "sellingAndMarketingExpenses": 0,
    "sellingGeneralAndAdministrativeExpenses": 42012000,
    "otherExpenses": 0,
    "operatingExpenses": 42012000,
    "costAndExpenses": 393115000,
    "interestIncome": 0,
    "interestExpense": 0,
    "depreciationAndAmortization": 38960000,
    "ebitda": 69113000,
    "ebitdaratio": 0.1632842549,
    "operatingIncome": 30626000,
    "operatingIncomeRatio": 0.0723560487,
    "totalOtherIncomeExpensesNet": -18912000,
    "incomeBeforeTax": 11714000,
    "incomeBeforeTaxRatio": 0.0276751373,
    "incomeTaxExpense": 4587000,
    "netIncome": 7127000,
    "netIncomeRatio": 0.0168380317,
    "eps": 0.07,
    "epsdiluted": 0.07,
    "weightedAverageShsOut": 104580000,
    "weightedAverageShsOutDil": 106427000,
    "link": "https://www.sec.gov/Archives/edgar/data/75677/000104746903018495/0001047469-03-018495-index.htm",
    "finalLink": "https://www.sec.gov/Archives/edgar/data/75677/000104746903018495/a2110537z10-q.htm"
  },
  {
    "date": "2002-12-31",
    "symbol": "PKG",
    "reportedCurrency": "USD",
    "cik": "0000075677",
    "fillingDate": "2003-03-19",
    "acceptedDate": "2003-03-19 12:43:48",
    "calendarYear": "2002",
    "period": "Q4",
    "revenue": 418192000,
    "costOfRevenue": 336347000,
    "grossProfit": 81845000,
    "grossProfitRatio": 0.1957115392,
    "researchAndDevelopmentExpenses": 0,
    "generalAndAdministrativeExpenses": 0,
    "sellingAndMarketingExpenses": 0,
    "sellingGeneralAndAdministrativeExpenses": 43601000,
    "otherExpenses": 0,
    "operatingExpenses": 43601000,
    "costAndExpenses": 379948000,
    "interestIncome": 0,
    "interestExpense": 0,
    "depreciationAndAmortization": 39117000,
    "ebitda": 77361000,
    "ebitdaratio": 0.1849891916,
    "operatingIncome": 38244000,
    "operatingIncomeRatio": 0.0914508168,
    "totalOtherIncomeExpensesNet": -19164000,
    "incomeBeforeTax": 19080000,
    "incomeBeforeTaxRatio": 0.0456249761,
    "incomeTaxExpense": 6720000,
    "netIncome": 12360000,
    "netIncomeRatio": 0.0295558021,
    "eps": 0.12,
    "epsdiluted": 0.12,
    "weightedAverageShsOut": 104441000,
    "weightedAverageShsOutDil": 104580000,
    "link": "https://www.sec.gov/Archives/edgar/data/75677/000104746903009199/0001047469-03-009199-index.htm",
    "finalLink": "https://www.sec.gov/Archives/edgar/data/75677/000104746903009199/a2104290z10-k.htm"
  },
  {
    "date": "2002-09-30",
    "symbol": "PKG",
    "reportedCurrency": "USD",
    "cik": "0000075677",
    "fillingDate": "2002-11-14",
    "acceptedDate": "2002-11-14 16:56:44",
    "calendarYear": "2002",
    "period": "Q3",
    "revenue": 455570000,
    "costOfRevenue": 368953000,
    "grossProfit": 86617000,
    "grossProfitRatio": 0.1901288496,
    "researchAndDevelopmentExpenses": 0,
    "generalAndAdministrativeExpenses": 0,
    "sellingAndMarketingExpenses": 0,
    "sellingGeneralAndAdministrativeExpenses": 42973000,
    "otherExpenses": 0,
    "operatingExpenses": 42973000,
    "costAndExpenses": 411926000,
    "interestIncome": 0,
    "interestExpense": 0,
    "depreciationAndAmortization": 37878000,
    "ebitda": 81522000,
    "ebitdaratio": 0.1789450578,
    "operatingIncome": 43644000,
    "operatingIncomeRatio": 0.0958008649,
    "totalOtherIncomeExpensesNet": -20358000,
    "incomeBeforeTax": 23286000,
    "incomeBeforeTaxRatio": 0.0511139891,
    "incomeTaxExpense": 8688000,
    "netIncome": 14598000,
    "netIncomeRatio": 0.0320433742,
    "eps": 0.14,
    "epsdiluted": 0.14,
    "weightedAverageShsOut": 104775000,
    "weightedAverageShsOutDil": 106863000,
    "link": "https://www.sec.gov/Archives/edgar/data/75677/000104746902003099/0001047469-02-003099-index.htm",
    "finalLink": "https://www.sec.gov/Archives/edgar/data/75677/000104746902003099/a2092798z10-q.htm"
  },
  {
    "date": "2002-06-30",
    "symbol": "PKG",
    "reportedCurrency": "USD",
    "cik": "0000075677",
    "fillingDate": "2002-08-13",
    "acceptedDate": "2002-08-13 11:54:42",
    "calendarYear": "2002",
    "period": "Q2",
    "revenue": 447390000,
    "costOfRevenue": 363700000,
    "grossProfit": 83690000,
    "grossProfitRatio": 0.1870627417,
    "researchAndDevelopmentExpenses": 0,
    "generalAndAdministrativeExpenses": 0,
    "sellingAndMarketingExpenses": 0,
    "sellingGeneralAndAdministrativeExpenses": 44929000,
    "otherExpenses": 2201000,
    "operatingExpenses": 47130000,
    "costAndExpenses": 410830000,
    "interestIncome": 0,
    "interestExpense": 0,
    "depreciationAndAmortization": 38403000,
    "ebitda": 74963000,
    "ebitdaratio": 0.1675562708,
    "operatingIncome": 36560000,
    "operatingIncomeRatio": 0.0817184112,
    "totalOtherIncomeExpensesNet": -17296000,
    "incomeBeforeTax": 19264000,
    "incomeBeforeTaxRatio": 0.0430586289,
    "incomeTaxExpense": 7669000,
    "netIncome": 11595000,
    "netIncomeRatio": 0.0259169852,
    "eps": 0.11,
    "epsdiluted": 0.11,
    "weightedAverageShsOut": 105527000,
    "weightedAverageShsOutDil": 107810000,
    "link": "https://www.sec.gov/Archives/edgar/data/75677/000091205702031405/0000912057-02-031405-index.htm",
    "finalLink": "https://www.sec.gov/Archives/edgar/data/75677/000091205702031405/a2085399z10-q.htm"
  },
  {
    "date": "2002-03-31",
    "symbol": "PKG",
    "reportedCurrency": "USD",
    "cik": "0000075677",
    "fillingDate": "2002-05-15",
    "acceptedDate": "2002-05-15 10:52:28",
    "calendarYear": "2002",
    "period": "Q1",
    "revenue": 414706000,
    "costOfRevenue": 340294000,
    "grossProfit": 74412000,
    "grossProfitRatio": 0.1794331406,
    "researchAndDevelopmentExpenses": 0,
    "generalAndAdministrativeExpenses": 0,
    "sellingAndMarketingExpenses": 0,
    "sellingGeneralAndAdministrativeExpenses": 41712000,
    "otherExpenses": -470000,
    "operatingExpenses": 41242000,
    "costAndExpenses": 381536000,
    "interestIncome": 0,
    "interestExpense": 0,
    "depreciationAndAmortization": 38015000,
    "ebitda": 71185000,
    "ebitdaratio": 0.1716517244,
    "operatingIncome": 33170000,
    "operatingIncomeRatio": 0.0799843745,
    "totalOtherIncomeExpensesNet": -17186000,
    "incomeBeforeTax": 15984000,
    "incomeBeforeTaxRatio": 0.0385429678,
    "incomeTaxExpense": 6358000,
    "netIncome": 9626000,
    "netIncomeRatio": 0.0232116246,
    "eps": 0.09,
    "epsdiluted": 0.09,
    "weightedAverageShsOut": 105476000,
    "weightedAverageShsOutDil": 107760000,
    "link": "https://www.sec.gov/Archives/edgar/data/75677/000091205702020482/0000912057-02-020482-index.htm",
    "finalLink": "https://www.sec.gov/Archives/edgar/data/75677/000091205702020482/a2078391z10-q.htm"
  },
  {
    "date": "2001-12-31",
    "symbol": "PKG",
    "reportedCurrency": "USD",
    "cik": "0000075677",
    "fillingDate": "2002-03-20",
    "acceptedDate": "2002-03-20 00:00:00",
    "calendarYear": "2001",
    "period": "Q4",
    "revenue": 413112000,
    "costOfRevenue": 323376000,
    "grossProfit": 89736000,
    "grossProfitRatio": 0.2172195434,
    "researchAndDevelopmentExpenses": 0,
    "generalAndAdministrativeExpenses": 0,
    "sellingAndMarketingExpenses": 0,
    "sellingGeneralAndAdministrativeExpenses": 40100000,
    "otherExpenses": -260362000,
    "operatingExpenses": -220262000,
    "costAndExpenses": 103114000,
    "interestIncome": 0,
    "interestExpense": 0,
    "depreciationAndAmortization": 37475000,
    "ebitda": 347473000,
    "ebitdaratio": 0.8411108852,
    "operatingIncome": 309998000,
    "operatingIncomeRatio": 0.7503969868,
    "totalOtherIncomeExpensesNet": -335442000,
    "incomeBeforeTax": -25444000,
    "incomeBeforeTaxRatio": -0.0615910455,
    "incomeTaxExpense": 11798000,
    "netIncome": 18386000,
    "netIncomeRatio": 0.0445060904,
    "eps": 0.17,
    "epsdiluted": 0.17,
    "weightedAverageShsOut": 105476000,
    "weightedAverageShsOutDil": 105476000,
    "link": "https://www.sec.gov/Archives/edgar/data/75677/000091205702010616/0000912057-02-010616-index.htm",
    "finalLink": "https://www.sec.gov/Archives/edgar/data/75677/000091205702010616/a2072847z10-k.htm"
  },
  {
    "date": "2001-09-30",
    "symbol": "PKG",
    "reportedCurrency": "USD",
    "cik": "0000075677",
    "fillingDate": "2001-11-13",
    "acceptedDate": "2001-11-13 00:00:00",
    "calendarYear": "2001",
    "period": "Q3",
    "revenue": 455214000,
    "costOfRevenue": 346372000,
    "grossProfit": 108842000,
    "grossProfitRatio": 0.2391007306,
    "researchAndDevelopmentExpenses": 0,
    "generalAndAdministrativeExpenses": 0,
    "sellingAndMarketingExpenses": 0,
    "sellingGeneralAndAdministrativeExpenses": 40942000,
    "otherExpenses": 2536000,
    "operatingExpenses": 43478000,
    "costAndExpenses": 389850000,
    "interestIncome": 0,
    "interestExpense": 0,
    "depreciationAndAmortization": 36799000,
    "ebitda": 102163000,
    "ebitdaratio": 0.2244285105,
    "operatingIncome": 65364000,
    "operatingIncomeRatio": 0.1435896084,
    "totalOtherIncomeExpensesNet": -17819000,
    "incomeBeforeTax": 47545000,
    "incomeBeforeTaxRatio": 0.1044453817,
    "incomeTaxExpense": 18391000,
    "netIncome": 29154000,
    "netIncomeRatio": 0.0640446032,
    "eps": 0.27,
    "epsdiluted": 0.27,
    "weightedAverageShsOut": 106628000,
    "weightedAverageShsOutDil": 109315000,
    "link": "https://www.sec.gov/Archives/edgar/data/75677/000091205701539204/0000912057-01-539204-index.htm",
    "finalLink": "https://www.sec.gov/Archives/edgar/data/75677/000091205701539204/a2062422z10-q.txt"
  },
  {
    "date": "2001-06-30",
    "symbol": "PKG",
    "reportedCurrency": "USD",
    "cik": "0000075677",
    "fillingDate": "2001-08-10",
    "acceptedDate": "2001-08-10 00:00:00",
    "calendarYear": "2001",
    "period": "Q2",
    "revenue": 466964000,
    "costOfRevenue": 354783000,
    "grossProfit": 112181000,
    "grossProfitRatio": 0.2402347933,
    "researchAndDevelopmentExpenses": 0,
    "generalAndAdministrativeExpenses": 0,
    "sellingAndMarketingExpenses": 0,
    "sellingGeneralAndAdministrativeExpenses": 42135000,
    "otherExpenses": 492000,
    "operatingExpenses": 42627000,
    "costAndExpenses": 397410000,
    "interestIncome": 0,
    "interestExpense": 0,
    "depreciationAndAmortization": 36650000,
    "ebitda": 106204000,
    "ebitdaratio": 0.2274350914,
    "operatingIncome": 69554000,
    "operatingIncomeRatio": 0.1489493837,
    "totalOtherIncomeExpensesNet": -18856000,
    "incomeBeforeTax": 50698000,
    "incomeBeforeTaxRatio": 0.1085693972,
    "incomeTaxExpense": 19439000,
    "netIncome": 31259000,
    "netIncomeRatio": 0.0669409205,
    "eps": 0.29,
    "epsdiluted": 0.29,
    "weightedAverageShsOut": 106583000,
    "weightedAverageShsOutDil": 109117000,
    "link": "https://www.sec.gov/Archives/edgar/data/75677/000091205701527725/0000912057-01-527725-index.htm",
    "finalLink": "https://www.sec.gov/Archives/edgar/data/75677/000091205701527725/a2055494z10-q.txt"
  },
  {
    "date": "2001-03-31",
    "symbol": "PKG",
    "reportedCurrency": "USD",
    "cik": "0000075677",
    "fillingDate": "2001-05-15",
    "acceptedDate": "2001-05-15 00:00:00",
    "calendarYear": "2001",
    "period": "Q1",
    "revenue": 454666000,
    "costOfRevenue": 347488000,
    "grossProfit": 107178000,
    "grossProfitRatio": 0.2357290846,
    "researchAndDevelopmentExpenses": 0,
    "generalAndAdministrativeExpenses": 0,
    "sellingAndMarketingExpenses": 0,
    "sellingGeneralAndAdministrativeExpenses": 40999000,
    "otherExpenses": 219000,
    "operatingExpenses": 41218000,
    "costAndExpenses": 388706000,
    "interestIncome": 0,
    "interestExpense": 0,
    "depreciationAndAmortization": 35443000,
    "ebitda": 101403000,
    "ebitdaratio": 0.2230274531,
    "operatingIncome": 65960000,
    "operatingIncomeRatio": 0.1450735265,
    "totalOtherIncomeExpensesNet": -19562000,
    "incomeBeforeTax": 46398000,
    "incomeBeforeTaxRatio": 0.1020485367,
    "incomeTaxExpense": 18284000,
    "netIncome": 27619000,
    "netIncomeRatio": 0.0607456902,
    "eps": 0.26,
    "epsdiluted": 0.25,
    "weightedAverageShsOut": 106414000,
    "weightedAverageShsOutDil": 108959000,
    "link": "https://www.sec.gov/Archives/edgar/data/75677/000091205701516086/0000912057-01-516086-index.htm",
    "finalLink": "https://www.sec.gov/Archives/edgar/data/75677/000091205701516086/a2048536z10-q.txt"
  },
  {
    "date": "2000-12-31",
    "symbol": "PKG",
    "reportedCurrency": "USD",
    "cik": "0000075677",
    "fillingDate": "2001-03-27",
    "acceptedDate": "2001-03-27 00:00:00",
    "calendarYear": "2000",
    "period": "Q4",
    "revenue": 524865000,
    "costOfRevenue": 359243000,
    "grossProfit": 165622000,
    "grossProfitRatio": 0.315551618,
    "researchAndDevelopmentExpenses": 0,
    "generalAndAdministrativeExpenses": 0,
    "sellingAndMarketingExpenses": 0,
    "sellingGeneralAndAdministrativeExpenses": 42054000,
    "otherExpenses": 36673000,
    "operatingExpenses": 78727000,
    "costAndExpenses": 437970000,
    "interestIncome": 0,
    "interestExpense": 0,
    "depreciationAndAmortization": 36673000,
    "ebitda": 123568000,
    "ebitdaratio": 0.2354281577,
    "operatingIncome": 86895000,
    "operatingIncomeRatio": 0.1655568575,
    "totalOtherIncomeExpensesNet": 34689000,
    "incomeBeforeTax": 121584000,
    "incomeBeforeTaxRatio": 0.2316481381,
    "incomeTaxExpense": 47155000,
    "netIncome": 63369000,
    "netIncomeRatio": 0.120733903,
    "eps": 0.6,
    "epsdiluted": 0.6,
    "weightedAverageShsOut": 104876051,
    "weightedAverageShsOutDil": 106414000,
    "link": "https://www.sec.gov/Archives/edgar/data/75677/000091205701008509/0000912057-01-008509-index.htm",
    "finalLink": "https://www.sec.gov/Archives/edgar/data/75677/000091205701008509/a2040634z10-k.txt"
  },
  {
    "date": "2000-09-30",
    "symbol": "PKG",
    "reportedCurrency": "USD",
    "cik": "0000075677",
    "fillingDate": "2000-11-13",
    "acceptedDate": "2000-11-13 00:00:00",
    "calendarYear": "2000",
    "period": "Q3",
    "revenue": 487676000,
    "costOfRevenue": 350431000,
    "grossProfit": 137245000,
    "grossProfitRatio": 0.2814266029,
    "researchAndDevelopmentExpenses": 0,
    "generalAndAdministrativeExpenses": 0,
    "sellingAndMarketingExpenses": 0,
    "sellingGeneralAndAdministrativeExpenses": 38512000,
    "otherExpenses": 2165000,
    "operatingExpenses": 40677000,
    "costAndExpenses": 391108000,
    "interestIncome": 0,
    "interestExpense": 0,
    "depreciationAndAmortization": 37178000,
    "ebitda": 133746000,
    "ebitdaratio": 0.2742517573,
    "operatingIncome": 96568000,
    "operatingIncomeRatio": 0.198016716,
    "totalOtherIncomeExpensesNet": -29885000,
    "incomeBeforeTax": 66683000,
    "incomeBeforeTaxRatio": 0.1367362757,
    "incomeTaxExpense": 26674000,
    "netIncome": 40009000,
    "netIncomeRatio": 0.082040125,
    "eps": 0.38,
    "epsdiluted": 0.37,
    "weightedAverageShsOut": 105964000,
    "weightedAverageShsOutDil": 108295000,
    "link": "https://www.sec.gov/Archives/edgar/data/75677/000091205700049216/0000912057-00-049216-index.htm",
    "finalLink": "https://www.sec.gov/Archives/edgar/data/75677/000091205700049216/a2028628z10-q.txt"
  },
  {
    "date": "2000-06-30",
    "symbol": "PKG",
    "reportedCurrency": "USD",
    "cik": "0000075677",
    "fillingDate": "2000-08-11",
    "acceptedDate": "2000-08-11 00:00:00",
    "calendarYear": "2000",
    "period": "Q2",
    "revenue": 492372000,
    "costOfRevenue": 363708000,
    "grossProfit": 128664000,
    "grossProfitRatio": 0.2613146158,
    "researchAndDevelopmentExpenses": 0,
    "generalAndAdministrativeExpenses": 0,
    "sellingAndMarketingExpenses": 0,
    "sellingGeneralAndAdministrativeExpenses": 39327000,
    "otherExpenses": 800000,
    "operatingExpenses": 40127000,
    "costAndExpenses": 403835000,
    "interestIncome": 0,
    "interestExpense": 0,
    "depreciationAndAmortization": 36863000,
    "ebitda": 125400000,
    "ebitdaratio": 0.2546854817,
    "operatingIncome": 88537000,
    "operatingIncomeRatio": 0.1798172926,
    "totalOtherIncomeExpensesNet": -32151000,
    "incomeBeforeTax": 56386000,
    "incomeBeforeTaxRatio": 0.1145191034,
    "incomeTaxExpense": 23109000,
    "netIncome": 33277000,
    "netIncomeRatio": 0.0675850779,
    "eps": 0.31,
    "epsdiluted": 0.31,
    "weightedAverageShsOut": 105850000,
    "weightedAverageShsOutDil": 108193000,
    "link": "https://www.sec.gov/Archives/edgar/data/75677/000091205700036652/0000912057-00-036652-index.htm",
    "finalLink": "https://www.sec.gov/Archives/edgar/data/75677/000091205700036652/a10-q.txt"
  },
  {
    "date": "2000-03-31",
    "symbol": "PKG",
    "reportedCurrency": "USD",
    "cik": "0000075677",
    "fillingDate": "2000-05-12",
    "acceptedDate": "2000-05-12 00:00:00",
    "calendarYear": "2000",
    "period": "Q1",
    "revenue": 456127000,
    "costOfRevenue": 312643000,
    "grossProfit": 143484000,
    "grossProfitRatio": 0.3145702842,
    "researchAndDevelopmentExpenses": 0,
    "generalAndAdministrativeExpenses": 0,
    "sellingAndMarketingExpenses": 0,
    "sellingGeneralAndAdministrativeExpenses": 36108000,
    "otherExpenses": 37502000,
    "operatingExpenses": 73610000,
    "costAndExpenses": 386253000,
    "interestIncome": 0,
    "interestExpense": 0,
    "depreciationAndAmortization": 37502000,
    "ebitda": 107376000,
    "ebitdaratio": 0.235408121,
    "operatingIncome": 69874000,
    "operatingIncomeRatio": 0.1531897914,
    "totalOtherIncomeExpensesNet": -27375000,
    "incomeBeforeTax": 42499000,
    "incomeBeforeTaxRatio": 0.0931736117,
    "incomeTaxExpense": 17253000,
    "netIncome": 25246000,
    "netIncomeRatio": 0.05534862,
    "eps": 0.25,
    "epsdiluted": 0.24,
    "weightedAverageShsOut": 101583000,
    "weightedAverageShsOutDil": 104856000,
    "link": "https://www.sec.gov/Archives/edgar/data/75677/000091205700023966/0000912057-00-023966-index.html",
    "finalLink": "https://www.sec.gov/Archives/edgar/data/75677/000091205700023966/"
  },
  {
    "date": "1999-12-31",
    "symbol": "PKG",
    "reportedCurrency": "USD",
    "cik": "0000075677",
    "fillingDate": "2000-03-10",
    "acceptedDate": "2000-03-10 00:00:00",
    "calendarYear": "1999",
    "period": "Q4",
    "revenue": 445800000,
    "costOfRevenue": 0,
    "grossProfit": 0,
    "grossProfitRatio": 0,
    "researchAndDevelopmentExpenses": 0,
    "generalAndAdministrativeExpenses": 0,
    "sellingAndMarketingExpenses": 0,
    "sellingGeneralAndAdministrativeExpenses": 0,
    "otherExpenses": 0,
    "operatingExpenses": 0,
    "costAndExpenses": 0,
    "interestIncome": 0,
    "interestExpense": 0,
    "depreciationAndAmortization": 0,
    "ebitda": -635300000,
    "ebitdaratio": -1.4250785105,
    "operatingIncome": -635300000,
    "operatingIncomeRatio": -1.4250785105,
    "totalOtherIncomeExpensesNet": 635300000,
    "incomeBeforeTax": 0,
    "incomeBeforeTaxRatio": 0,
    "incomeTaxExpense": -19600000,
    "netIncome": 19600000,
    "netIncomeRatio": 0.043965904,
    "eps": 0.19,
    "epsdiluted": 0.19,
    "weightedAverageShsOut": 101583000,
    "weightedAverageShsOutDil": 101583000,
    "link": "https://www.sec.gov/Archives/edgar/data/75677/000091205700010890/0000912057-00-010890-index.html",
    "finalLink": "https://www.sec.gov/Archives/edgar/data/75677/000091205700010890/"
  },
  {
    "date": "1999-09-30",
    "symbol": "PKG",
    "reportedCurrency": "USD",
    "cik": "0000075677",
    "fillingDate": "1999-11-12",
    "acceptedDate": "1999-11-12 00:00:00",
    "calendarYear": "1999",
    "period": "Q3",
    "revenue": 272200000,
    "costOfRevenue": 0,
    "grossProfit": 0,
    "grossProfitRatio": 0,
    "researchAndDevelopmentExpenses": 0,
    "generalAndAdministrativeExpenses": 0,
    "sellingAndMarketingExpenses": 0,
    "sellingGeneralAndAdministrativeExpenses": 0,
    "otherExpenses": 0,
    "operatingExpenses": 0,
    "costAndExpenses": 0,
    "interestIncome": 0,
    "interestExpense": 0,
    "depreciationAndAmortization": 0,
    "ebitda": 272200000,
    "ebitdaratio": 1,
    "operatingIncome": 272200000,
    "operatingIncomeRatio": 1,
    "totalOtherIncomeExpensesNet": -272200000,
    "incomeBeforeTax": 0,
    "incomeBeforeTaxRatio": 0,
    "incomeTaxExpense": -7000000,
    "netIncome": 7000000,
    "netIncomeRatio": 0.025716385,
    "eps": 0.05,
    "epsdiluted": 0.05,
    "weightedAverageShsOut": 140000000,
    "weightedAverageShsOutDil": 140000000,
    "link": "https://www.sec.gov/Archives/edgar/data/75677/000091205799004807/0000912057-99-004807-index.html",
    "finalLink": "https://www.sec.gov/Archives/edgar/data/75677/000091205799004807/"
  },
  {
    "date": "1999-06-30",
    "symbol": "PKG",
    "reportedCurrency": "USD",
    "cik": "0000075677",
    "fillingDate": "1999-06-30",
    "acceptedDate": "1999-06-29 20:00:00",
    "calendarYear": "1999",
    "period": "Q2",
    "revenue": 272200000,
    "costOfRevenue": 0,
    "grossProfit": 0,
    "grossProfitRatio": 0,
    "researchAndDevelopmentExpenses": 0,
    "generalAndAdministrativeExpenses": 0,
    "sellingAndMarketingExpenses": 0,
    "sellingGeneralAndAdministrativeExpenses": 0,
    "otherExpenses": 0,
    "operatingExpenses": 0,
    "costAndExpenses": 0,
    "interestIncome": 0,
    "interestExpense": 0,
    "depreciationAndAmortization": 0,
    "ebitda": 272200000,
    "ebitdaratio": 1,
    "operatingIncome": 272200000,
    "operatingIncomeRatio": 1,
    "totalOtherIncomeExpensesNet": -272200000,
    "incomeBeforeTax": 0,
    "incomeBeforeTaxRatio": 0,
    "incomeTaxExpense": -7000000,
    "netIncome": 7000000,
    "netIncomeRatio": 0.025716385,
    "eps": 0.05,
    "epsdiluted": 0.05,
    "weightedAverageShsOut": 140000000,
    "weightedAverageShsOutDil": 140000000,
    "link": "",
    "finalLink": ""
  },
  {
    "date": "1999-03-31",
    "symbol": "PKG",
    "reportedCurrency": "USD",
    "cik": "0000075677",
    "fillingDate": "1999-03-31",
    "acceptedDate": "1999-03-30 19:00:00",
    "calendarYear": "1999",
    "period": "Q1",
    "revenue": 272200000,
    "costOfRevenue": 0,
    "grossProfit": 0,
    "grossProfitRatio": 0,
    "researchAndDevelopmentExpenses": 0,
    "generalAndAdministrativeExpenses": 0,
    "sellingAndMarketingExpenses": 0,
    "sellingGeneralAndAdministrativeExpenses": 0,
    "otherExpenses": 0,
    "operatingExpenses": 0,
    "costAndExpenses": 0,
    "interestIncome": 0,
    "interestExpense": 0,
    "depreciationAndAmortization": 0,
    "ebitda": 272200000,
    "ebitdaratio": 1,
    "operatingIncome": 272200000,
    "operatingIncomeRatio": 1,
    "totalOtherIncomeExpensesNet": -272200000,
    "incomeBeforeTax": 0,
    "incomeBeforeTaxRatio": 0,
    "incomeTaxExpense": -7000000,
    "netIncome": 7000000,
    "netIncomeRatio": 0.025716385,
    "eps": 0.05,
    "epsdiluted": 0.05,
    "weightedAverageShsOut": 140000000,
    "weightedAverageShsOutDil": 140000000,
    "link": "",
    "finalLink": ""
  }
]