[
  {
    "date": "2024-12-31",
    "symbol": "PKG",
    "reportedCurrency": "USD",
    "cik": "0000075677",
    "fillingDate": "2025-02-27",
    "acceptedDate": "2025-02-27 11:43:36",
    "calendarYear": "2024",
    "period": "FY",
    "revenue": 8383300000,
    "costOfRevenue": 6600200000,
    "grossProfit": 1783100000,
    "grossProfitRatio": 0.2126966708,
    "researchAndDevelopmentExpenses": 0,
    "generalAndAdministrativeExpenses": 0,
    "sellingAndMarketingExpenses": 0,
    "sellingGeneralAndAdministrativeExpenses": 610300000,
    "otherExpenses": 71500000,
    "operatingExpenses": 681800000,
    "costAndExpenses": 7282000000,
    "interestIncome": 0,
    "interestExpense": 41400000,
    "depreciationAndAmortization": 525600000,
    "ebitda": 1631400000,
    "ebitdaratio": 0.1946011714,
    "operatingIncome": 1101300000,
    "operatingIncomeRatio": 0.1313683156,
    "totalOtherIncomeExpensesNet": -36900000,
    "incomeBeforeTax": 1064400000,
    "incomeBeforeTaxRatio": 0.1269667076,
    "incomeTaxExpense": 259300000,
    "netIncome": 805100000,
    "netIncomeRatio": 0.0960361671,
    "eps": 8.97,
    "epsdiluted": 8.93,
    "weightedAverageShsOut": 89100000,
    "weightedAverageShsOutDil": 89500000,
    "link": "https://www.sec.gov/Archives/edgar/data/75677/000095017025028533/0000950170-25-028533-index.htm",
    "finalLink": "https://www.sec.gov/Archives/edgar/data/75677/000095017025028533/pkg-20241231.htm"
  },
  {
    "date": "2023-12-31",
    "symbol": "PKG",
    "reportedCurrency": "USD",
    "cik": "0000075677",
    "fillingDate": "2024-02-29",
    "acceptedDate": "2024-02-29 12:14:45",
    "calendarYear": "2023",
    "period": "FY",
    "revenue": 7802400000,
    "costOfRevenue": 6103500000,
    "grossProfit": 1698900000,
    "grossProfitRatio": 0.2177406952,
    "researchAndDevelopmentExpenses": 0,
    "generalAndAdministrativeExpenses": 0,
    "sellingAndMarketingExpenses": 0,
    "sellingGeneralAndAdministrativeExpenses": 580900000,
    "otherExpenses": 42900000,
    "operatingExpenses": 623800000,
    "costAndExpenses": 6727300000,
    "interestIncome": 0,
    "interestExpense": 53300000,
    "depreciationAndAmortization": 517700000,
    "ebitda": 1585100000,
    "ebitdaratio": 0.2031554394,
    "operatingIncome": 1075100000,
    "operatingIncomeRatio": 0.1377909361,
    "totalOtherIncomeExpensesNet": -61000000,
    "incomeBeforeTax": 1014100000,
    "incomeBeforeTaxRatio": 0.1299728289,
    "incomeTaxExpense": 248900000,
    "netIncome": 765200000,
    "netIncomeRatio": 0.098072388,
    "eps": 8.52,
    "epsdiluted": 8.48,
    "weightedAverageShsOut": 89100000,
    "weightedAverageShsOutDil": 89500000,
    "link": "https://www.sec.gov/Archives/edgar/data/75677/000095017024022794/0000950170-24-022794-index.htm",
    "finalLink": "https://www.sec.gov/Archives/edgar/data/75677/000095017024022794/pkg-20231231.htm"
  },
  {
    "date": "2022-12-31",
    "symbol": "PKG",
    "reportedCurrency": "USD",
    "cik": "0000075677",
    "fillingDate": "2023-02-23",
    "acceptedDate": "2023-02-23 11:46:16",
    "calendarYear": "2022",
    "period": "FY",
    "revenue": 8478000000,
    "costOfRevenue": 6387400000,
    "grossProfit": 2090600000,
    "grossProfitRatio": 0.2465911772,
    "researchAndDevelopmentExpenses": 0,
    "generalAndAdministrativeExpenses": 0,
    "sellingAndMarketingExpenses": 0,
    "sellingGeneralAndAdministrativeExpenses": 608600000,
    "otherExpenses": 61300000,
    "operatingExpenses": 669900000,
    "costAndExpenses": 7057300000,
    "interestIncome": 0,
    "interestExpense": 70400000,
    "depreciationAndAmortization": 456800000,
    "ebitda": 1892000000,
    "ebitdaratio": 0.223165841,
    "operatingIncome": 1420700000,
    "operatingIncomeRatio": 0.1675748997,
    "totalOtherIncomeExpensesNet": -55900000,
    "incomeBeforeTax": 1364800000,
    "incomeBeforeTaxRatio": 0.1609813635,
    "incomeTaxExpense": 335000000,
    "netIncome": 1029800000,
    "netIncomeRatio": 0.1214673272,
    "eps": 11.07,
    "epsdiluted": 11.02,
    "weightedAverageShsOut": 92300000,
    "weightedAverageShsOutDil": 92700000,
    "link": "https://www.sec.gov/Archives/edgar/data/75677/000095017023003990/0000950170-23-003990-index.htm",
    "finalLink": "https://www.sec.gov/Archives/edgar/data/75677/000095017023003990/pkg-20221231.htm"
  },
  {
    "date": "2021-12-31",
    "symbol": "PKG",
    "reportedCurrency": "USD",
    "cik": "0000075677",
    "fillingDate": "2022-02-24",
    "acceptedDate": "2022-02-24 13:45:34",
    "calendarYear": "2021",
    "period": "FY",
    "revenue": 7730300000,
    "costOfRevenue": 5857300000,
    "grossProfit": 1873000000,
    "grossProfitRatio": 0.2422933133,
    "researchAndDevelopmentExpenses": 14500000,
    "generalAndAdministrativeExpenses": 0,
    "sellingAndMarketingExpenses": 0,
    "sellingGeneralAndAdministrativeExpenses": 562300000,
    "otherExpenses": 12900000,
    "operatingExpenses": 589700000,
    "costAndExpenses": 6447000000,
    "interestIncome": 0,
    "interestExpense": 152400000,
    "depreciationAndAmortization": 417500000,
    "ebitda": 1678600000,
    "ebitdaratio": 0.2171455183,
    "operatingIncome": 1283300000,
    "operatingIncomeRatio": 0.1660090811,
    "totalOtherIncomeExpensesNet": -174600000,
    "incomeBeforeTax": 1108700000,
    "incomeBeforeTaxRatio": 0.1434226356,
    "incomeTaxExpense": 267600000,
    "netIncome": 841100000,
    "netIncomeRatio": 0.1088056091,
    "eps": 8.87,
    "epsdiluted": 8.83,
    "weightedAverageShsOut": 94100000,
    "weightedAverageShsOutDil": 94500000,
    "link": "https://www.sec.gov/Archives/edgar/data/75677/000095017022001913/0000950170-22-001913-index.htm",
    "finalLink": "https://www.sec.gov/Archives/edgar/data/75677/000095017022001913/pkg-20211231.htm"
  },
  {
    "date": "2020-12-31",
    "symbol": "PKG",
    "reportedCurrency": "USD",
    "cik": "0000075677",
    "fillingDate": "2021-02-24",
    "acceptedDate": "2021-02-24 15:50:02",
    "calendarYear": "2020",
    "period": "FY",
    "revenue": 6658200000,
    "costOfRevenue": 5271900000,
    "grossProfit": 1386300000,
    "grossProfitRatio": 0.208209426,
    "researchAndDevelopmentExpenses": 15500000,
    "generalAndAdministrativeExpenses": 0,
    "sellingAndMarketingExpenses": 0,
    "sellingGeneralAndAdministrativeExpenses": 524100000,
    "otherExpenses": 5100000,
    "operatingExpenses": 544700000,
    "costAndExpenses": 5816600000,
    "interestIncome": 0,
    "interestExpense": 93500000,
    "depreciationAndAmortization": 409900000,
    "ebitda": 1136100000,
    "ebitdaratio": 0.1706317023,
    "operatingIncome": 841600000,
    "operatingIncomeRatio": 0.1264005287,
    "totalOtherIncomeExpensesNet": -208900000,
    "incomeBeforeTax": 632700000,
    "incomeBeforeTaxRatio": 0.0950256826,
    "incomeTaxExpense": 171700000,
    "netIncome": 461000000,
    "netIncomeRatio": 0.0692379322,
    "eps": 4.86,
    "epsdiluted": 4.85,
    "weightedAverageShsOut": 94100000,
    "weightedAverageShsOutDil": 94400000,
    "link": "https://www.sec.gov/Archives/edgar/data/75677/000156459021008051/0001564590-21-008051-index.htm",
    "finalLink": "https://www.sec.gov/Archives/edgar/data/75677/000156459021008051/pkg-10k_20201231.htm"
  },
  {
    "date": "2019-12-31",
    "symbol": "PKG",
    "reportedCurrency": "USD",
    "cik": "0000075677",
    "fillingDate": "2020-02-26",
    "acceptedDate": "2020-02-26 16:07:14",
    "calendarYear": "2019",
    "period": "FY",
    "revenue": 6964300000,
    "costOfRevenue": 5320300000,
    "grossProfit": 1644000000,
    "grossProfitRatio": 0.2360610542,
    "researchAndDevelopmentExpenses": 0,
    "generalAndAdministrativeExpenses": 0,
    "sellingAndMarketingExpenses": 0,
    "sellingGeneralAndAdministrativeExpenses": 557600000,
    "otherExpenses": 32700000,
    "operatingExpenses": 590300000,
    "costAndExpenses": 5910600000,
    "interestIncome": 0,
    "interestExpense": 128800000,
    "depreciationAndAmortization": 387500000,
    "ebitda": 1433300000,
    "ebitdaratio": 0.2058067573,
    "operatingIncome": 1053700000,
    "operatingIncomeRatio": 0.1513002025,
    "totalOtherIncomeExpensesNet": -136700000,
    "incomeBeforeTax": 917000000,
    "incomeBeforeTaxRatio": 0.1316715248,
    "incomeTaxExpense": 220600000,
    "netIncome": 696400000,
    "netIncomeRatio": 0.0999956923,
    "eps": 7.37,
    "epsdiluted": 7.35,
    "weightedAverageShsOut": 93800000,
    "weightedAverageShsOutDil": 94100000,
    "link": "https://www.sec.gov/Archives/edgar/data/75677/000156459020006774/0001564590-20-006774-index.htm",
    "finalLink": "https://www.sec.gov/Archives/edgar/data/75677/000156459020006774/pkg-10k_20191231.htm"
  },
  {
    "date": "2018-12-31",
    "symbol": "PKG",
    "reportedCurrency": "USD",
    "cik": "0000075677",
    "fillingDate": "2019-02-28",
    "acceptedDate": "2019-02-28 11:53:23",
    "calendarYear": "2018",
    "period": "FY",
    "revenue": 7014600000,
    "costOfRevenue": 5369300000,
    "grossProfit": 1645300000,
    "grossProfitRatio": 0.2345536453,
    "researchAndDevelopmentExpenses": 0,
    "generalAndAdministrativeExpenses": 0,
    "sellingAndMarketingExpenses": 0,
    "sellingGeneralAndAdministrativeExpenses": 536400000,
    "otherExpenses": 41200000,
    "operatingExpenses": 577600000,
    "costAndExpenses": 5946900000,
    "interestIncome": 0,
    "interestExpense": 95100000,
    "depreciationAndAmortization": 410900000,
    "ebitda": 1476500000,
    "ebitdaratio": 0.2104895504,
    "operatingIncome": 1067700000,
    "operatingIncomeRatio": 0.1522111026,
    "totalOtherIncomeExpensesNet": -97200000,
    "incomeBeforeTax": 970500000,
    "incomeBeforeTaxRatio": 0.1383542896,
    "incomeTaxExpense": 232500000,
    "netIncome": 738000000,
    "netIncomeRatio": 0.1052091352,
    "eps": 7.88,
    "epsdiluted": 7.86,
    "weightedAverageShsOut": 93644501,
    "weightedAverageShsOutDil": 93900000,
    "link": "https://www.sec.gov/Archives/edgar/data/75677/000156459019005284/0001564590-19-005284-index.htm",
    "finalLink": "https://www.sec.gov/Archives/edgar/data/75677/000156459019005284/pkg-10k_20181231.htm"
  },
  {
    "date": "2017-12-31",
    "symbol": "PKG",
    "reportedCurrency": "USD",
    "cik": "0000075677",
    "fillingDate": "2018-02-28",
    "acceptedDate": "2018-02-28 10:17:01",
    "calendarYear": "2017",
    "period": "FY",
    "revenue": 6444900000,
    "costOfRevenue": 4974100000,
    "grossProfit": 1470800000,
    "grossProfitRatio": 0.228211454,
    "researchAndDevelopmentExpenses": 0,
    "generalAndAdministrativeExpenses": 522600000,
    "sellingAndMarketingExpenses": -2700000,
    "sellingGeneralAndAdministrativeExpenses": 519900000,
    "otherExpenses": 18400000,
    "operatingExpenses": 538300000,
    "costAndExpenses": 5512400000,
    "interestIncome": 0,
    "interestExpense": 102600000,
    "depreciationAndAmortization": 391400000,
    "ebitda": 1322600000,
    "ebitdaratio": 0.2052165278,
    "operatingIncome": 932500000,
    "operatingIncomeRatio": 0.1446880479,
    "totalOtherIncomeExpensesNet": -103900000,
    "incomeBeforeTax": 828600000,
    "incomeBeforeTaxRatio": 0.1285667737,
    "incomeTaxExpense": 160000000,
    "netIncome": 668600000,
    "netIncomeRatio": 0.1037409425,
    "eps": 7.09,
    "epsdiluted": 7.07,
    "weightedAverageShsOut": 93511989,
    "weightedAverageShsOutDil": 93700000,
    "link": "https://www.sec.gov/Archives/edgar/data/75677/000156459018003690/0001564590-18-003690-index.htm",
    "finalLink": "https://www.sec.gov/Archives/edgar/data/75677/000156459018003690/pkg-10k_20171231.htm"
  },
  {
    "date": "2016-12-31",
    "symbol": "PKG",
    "reportedCurrency": "USD",
    "cik": "0000075677",
    "fillingDate": "2017-02-28",
    "acceptedDate": "2017-02-28 15:25:18",
    "calendarYear": "2016",
    "period": "FY",
    "revenue": 5779000000,
    "costOfRevenue": 4502900000,
    "grossProfit": 1276100000,
    "grossProfitRatio": 0.2208167503,
    "researchAndDevelopmentExpenses": 0,
    "generalAndAdministrativeExpenses": 0,
    "sellingAndMarketingExpenses": 0,
    "sellingGeneralAndAdministrativeExpenses": 468500000,
    "otherExpenses": 24300000,
    "operatingExpenses": 492800000,
    "costAndExpenses": 4995700000,
    "interestIncome": 0,
    "interestExpense": 91800000,
    "depreciationAndAmortization": 358000000,
    "ebitda": 1141300000,
    "ebitdaratio": 0.1974909154,
    "operatingIncome": 783300000,
    "operatingIncomeRatio": 0.1355424814,
    "totalOtherIncomeExpensesNet": -94800000,
    "incomeBeforeTax": 688500000,
    "incomeBeforeTaxRatio": 0.1191382592,
    "incomeTaxExpense": 238900000,
    "netIncome": 449600000,
    "netIncomeRatio": 0.0777989272,
    "eps": 4.76,
    "epsdiluted": 4.75,
    "weightedAverageShsOut": 93529412,
    "weightedAverageShsOutDil": 93700000,
    "link": "https://www.sec.gov/Archives/edgar/data/75677/000007567717000004/0000075677-17-000004-index.html",
    "finalLink": "https://www.sec.gov/Archives/edgar/data/75677/000007567717000004/pkg1231201610k.htm"
  },
  {
    "date": "2015-12-31",
    "symbol": "PKG",
    "reportedCurrency": "USD",
    "cik": "0000075677",
    "fillingDate": "2016-02-26",
    "acceptedDate": "2016-02-26 11:39:06",
    "calendarYear": "2015",
    "period": "FY",
    "revenue": 5741700000,
    "costOfRevenue": 4533700000,
    "grossProfit": 1208000000,
    "grossProfitRatio": 0.2103906509,
    "researchAndDevelopmentExpenses": 0,
    "generalAndAdministrativeExpenses": 451300000,
    "sellingAndMarketingExpenses": 0,
    "sellingGeneralAndAdministrativeExpenses": 451300000,
    "otherExpenses": 6700000,
    "operatingExpenses": 458000000,
    "costAndExpenses": 4991700000,
    "interestIncome": 0,
    "interestExpense": 85500000,
    "depreciationAndAmortization": 356500000,
    "ebitda": 1106500000,
    "ebitdaratio": 0.1927129596,
    "operatingIncome": 750000000,
    "operatingIncomeRatio": 0.1306233346,
    "totalOtherIncomeExpensesNet": -85500000,
    "incomeBeforeTax": 664500000,
    "incomeBeforeTaxRatio": 0.1157322744,
    "incomeTaxExpense": 227700000,
    "netIncome": 436800000,
    "netIncomeRatio": 0.07607503,
    "eps": 4.47,
    "epsdiluted": 4.47,
    "weightedAverageShsOut": 96600019,
    "weightedAverageShsOutDil": 97718121,
    "link": "https://www.sec.gov/Archives/edgar/data/75677/000007567716000030/0000075677-16-000030-index.htm",
    "finalLink": "https://www.sec.gov/Archives/edgar/data/75677/000007567716000030/pkg1231201510k.htm"
  },
  {
    "date": "2014-12-31",
    "symbol": "PKG",
    "reportedCurrency": "USD",
    "cik": "0000075677",
    "fillingDate": "2015-02-27",
    "acceptedDate": "2015-02-27 16:04:08",
    "calendarYear": "2014",
    "period": "FY",
    "revenue": 5852600000,
    "costOfRevenue": 4623100000,
    "grossProfit": 1229500000,
    "grossProfitRatio": 0.2100775724,
    "researchAndDevelopmentExpenses": 0,
    "generalAndAdministrativeExpenses": 0,
    "sellingAndMarketingExpenses": 0,
    "sellingGeneralAndAdministrativeExpenses": 469500000,
    "otherExpenses": 57300000,
    "operatingExpenses": 526800000,
    "costAndExpenses": 5149900000,
    "interestIncome": 0,
    "interestExpense": 88400000,
    "depreciationAndAmortization": 381600000,
    "ebitda": 1084300000,
    "ebitdaratio": 0.185268086,
    "operatingIncome": 702700000,
    "operatingIncomeRatio": 0.1200662953,
    "totalOtherIncomeExpensesNet": -88400000,
    "incomeBeforeTax": 614300000,
    "incomeBeforeTaxRatio": 0.1049618973,
    "incomeTaxExpense": 221700000,
    "netIncome": 392600000,
    "netIncomeRatio": 0.0670812972,
    "eps": 3.99,
    "epsdiluted": 3.99,
    "weightedAverageShsOut": 97000019,
    "weightedAverageShsOutDil": 98395990,
    "link": "https://www.sec.gov/Archives/edgar/data/75677/000007567715000007/0000075677-15-000007-index.htm",
    "finalLink": "https://www.sec.gov/Archives/edgar/data/75677/000007567715000007/pkg1231201410k.htm"
  },
  {
    "date": "2013-12-31",
    "symbol": "PKG",
    "reportedCurrency": "USD",
    "cik": "0000075677",
    "fillingDate": "2014-02-28",
    "acceptedDate": "2014-02-28 15:15:12",
    "calendarYear": "2013",
    "period": "FY",
    "revenue": 3665300000,
    "costOfRevenue": 2797800000,
    "grossProfit": 867500000,
    "grossProfitRatio": 0.2366791259,
    "researchAndDevelopmentExpenses": 0,
    "generalAndAdministrativeExpenses": 326600000,
    "sellingAndMarketingExpenses": 0,
    "sellingGeneralAndAdministrativeExpenses": 326600000,
    "otherExpenses": 59000000,
    "operatingExpenses": 385600000,
    "costAndExpenses": 3183400000,
    "interestIncome": 0,
    "interestExpense": 58275000,
    "depreciationAndAmortization": 217900000,
    "ebitda": 699800000,
    "ebitdaratio": 0.1909257087,
    "operatingIncome": 481900000,
    "operatingIncomeRatio": 0.1314762775,
    "totalOtherIncomeExpensesNet": -58300000,
    "incomeBeforeTax": 423600000,
    "incomeBeforeTaxRatio": 0.1155703489,
    "incomeTaxExpense": -17729000,
    "netIncome": 441300000,
    "netIncomeRatio": 0.1203994216,
    "eps": 4.57,
    "epsdiluted": 4.52,
    "weightedAverageShsOut": 96579000,
    "weightedAverageShsOutDil": 97547000,
    "link": "https://www.sec.gov/Archives/edgar/data/75677/000007567714000009/0000075677-14-000009-index.htm",
    "finalLink": "https://www.sec.gov/Archives/edgar/data/75677/000007567714000009/pkg1231201310k.htm"
  },
  {
    "date": "2012-12-31",
    "symbol": "PKG",
    "reportedCurrency": "USD",
    "cik": "0000075677",
    "fillingDate": "2013-02-28",
    "acceptedDate": "2013-02-28 14:19:09",
    "calendarYear": "2012",
    "period": "FY",
    "revenue": 2843900000,
    "costOfRevenue": 2209200000,
    "grossProfit": 634700000,
    "grossProfitRatio": 0.2231794367,
    "researchAndDevelopmentExpenses": 0,
    "generalAndAdministrativeExpenses": 279881000,
    "sellingAndMarketingExpenses": 919000,
    "sellingGeneralAndAdministrativeExpenses": 280800000,
    "otherExpenses": -83700000,
    "operatingExpenses": 197100000,
    "costAndExpenses": 2406300000,
    "interestIncome": 0,
    "interestExpense": 62900000,
    "depreciationAndAmortization": 175400000,
    "ebitda": 613000000,
    "ebitdaratio": 0.2155490699,
    "operatingIncome": 437600000,
    "operatingIncomeRatio": 0.1538732023,
    "totalOtherIncomeExpensesNet": -62900000,
    "incomeBeforeTax": 374700000,
    "incomeBeforeTaxRatio": 0.1317556876,
    "incomeTaxExpense": 216700000,
    "netIncome": 160200000,
    "netIncomeRatio": 0.0563310946,
    "eps": 1.7,
    "epsdiluted": 1.68,
    "weightedAverageShsOut": 96400000,
    "weightedAverageShsOutDil": 97500000,
    "link": "https://www.sec.gov/Archives/edgar/data/75677/000119312513083569/0001193125-13-083569-index.htm",
    "finalLink": "https://www.sec.gov/Archives/edgar/data/75677/000119312513083569/d450554d10k.htm"
  },
  {
    "date": "2011-12-31",
    "symbol": "PKG",
    "reportedCurrency": "USD",
    "cik": "0000075677",
    "fillingDate": "2012-02-21",
    "acceptedDate": "2012-02-21 15:25:52",
    "calendarYear": "2011",
    "period": "FY",
    "revenue": 2620111000,
    "costOfRevenue": 2078088000,
    "grossProfit": 542023000,
    "grossProfitRatio": 0.2068702433,
    "researchAndDevelopmentExpenses": 0,
    "generalAndAdministrativeExpenses": 0,
    "sellingAndMarketingExpenses": 0,
    "sellingGeneralAndAdministrativeExpenses": 258551000,
    "otherExpenses": 10723000,
    "operatingExpenses": 269274000,
    "costAndExpenses": 2347362000,
    "interestIncome": 0,
    "interestExpense": 29245000,
    "depreciationAndAmortization": 162839000,
    "ebitda": 435588000,
    "ebitdaratio": 0.1662479185,
    "operatingIncome": 272749000,
    "operatingIncomeRatio": 0.1040982615,
    "totalOtherIncomeExpensesNet": -29245000,
    "incomeBeforeTax": 243504000,
    "incomeBeforeTaxRatio": 0.0929365206,
    "incomeTaxExpense": 85500000,
    "netIncome": 158027000,
    "netIncomeRatio": 0.0603130936,
    "eps": 1.59,
    "epsdiluted": 1.57,
    "weightedAverageShsOut": 99300000,
    "weightedAverageShsOutDil": 100400000,
    "link": "https://www.sec.gov/Archives/edgar/data/75677/000119312512070269/0001193125-12-070269-index.htm",
    "finalLink": "https://www.sec.gov/Archives/edgar/data/75677/000119312512070269/d262559d10k.htm"
  },
  {
    "date": "2010-12-31",
    "symbol": "PKG",
    "reportedCurrency": "USD",
    "cik": "0000075677",
    "fillingDate": "2011-02-22",
    "acceptedDate": "2011-02-22 16:30:27",
    "calendarYear": "2010",
    "period": "FY",
    "revenue": 2435606000,
    "costOfRevenue": 1903406000,
    "grossProfit": 532200000,
    "grossProfitRatio": 0.218508248,
    "researchAndDevelopmentExpenses": 0,
    "generalAndAdministrativeExpenses": 240589000,
    "sellingAndMarketingExpenses": 0,
    "sellingGeneralAndAdministrativeExpenses": 240589000,
    "otherExpenses": 106229000,
    "operatingExpenses": 346818000,
    "costAndExpenses": 2250224000,
    "interestIncome": 0,
    "interestExpense": 32278000,
    "depreciationAndAmortization": 156298000,
    "ebitda": 341680000,
    "ebitdaratio": 0.1402854156,
    "operatingIncome": 185382000,
    "operatingIncomeRatio": 0.0761132958,
    "totalOtherIncomeExpensesNet": -32278000,
    "incomeBeforeTax": 153104000,
    "incomeBeforeTaxRatio": 0.0628607418,
    "incomeTaxExpense": -52300000,
    "netIncome": 205435000,
    "netIncomeRatio": 0.0843465651,
    "eps": 2.02,
    "epsdiluted": 2,
    "weightedAverageShsOut": 101700000,
    "weightedAverageShsOutDil": 102600000,
    "link": "https://www.sec.gov/Archives/edgar/data/75677/000095012311016543/0000950123-11-016543-index.htm",
    "finalLink": "https://www.sec.gov/Archives/edgar/data/75677/000095012311016543/c61761e10vk.htm"
  },
  {
    "date": "2009-12-31",
    "symbol": "PKG",
    "reportedCurrency": "USD",
    "cik": "0000075677",
    "fillingDate": "2010-02-17",
    "acceptedDate": "2010-02-17 16:46:50",
    "calendarYear": "2009",
    "period": "FY",
    "revenue": 2147589000,
    "costOfRevenue": 1721012000,
    "grossProfit": 426577000,
    "grossProfitRatio": 0.1986306505,
    "researchAndDevelopmentExpenses": 0,
    "generalAndAdministrativeExpenses": 0,
    "sellingAndMarketingExpenses": 0,
    "sellingGeneralAndAdministrativeExpenses": 228025000,
    "otherExpenses": -153902000,
    "operatingExpenses": 74123000,
    "costAndExpenses": 1795135000,
    "interestIncome": 100000,
    "interestExpense": 35583000,
    "depreciationAndAmortization": 151217000,
    "ebitda": 335234000,
    "ebitdaratio": 0.1560978381,
    "operatingIncome": 352454000,
    "operatingIncomeRatio": 0.1641161321,
    "totalOtherIncomeExpensesNet": -35483000,
    "incomeBeforeTax": 316971000,
    "incomeBeforeTaxRatio": 0.1475938832,
    "incomeTaxExpense": 51076000,
    "netIncome": 265895000,
    "netIncomeRatio": 0.123810934,
    "eps": 2.62,
    "epsdiluted": 2.6,
    "weightedAverageShsOut": 101577000,
    "weightedAverageShsOutDil": 102358000,
    "link": "https://www.sec.gov/Archives/edgar/data/75677/000095012310013747/0000950123-10-013747-index.htm",
    "finalLink": "https://www.sec.gov/Archives/edgar/data/75677/000095012310013747/c55853e10vk.htm"
  },
  {
    "date": "2008-12-31",
    "symbol": "PKG",
    "reportedCurrency": "USD",
    "cik": "0000075677",
    "fillingDate": "2009-02-27",
    "acceptedDate": "2009-02-27 17:07:41",
    "calendarYear": "2008",
    "period": "FY",
    "revenue": 2360493000,
    "costOfRevenue": 1869135000,
    "grossProfit": 491358000,
    "grossProfitRatio": 0.2081590583,
    "researchAndDevelopmentExpenses": 0,
    "generalAndAdministrativeExpenses": 0,
    "sellingAndMarketingExpenses": 0,
    "sellingGeneralAndAdministrativeExpenses": 234287000,
    "otherExpenses": 15259000,
    "operatingExpenses": 249546000,
    "costAndExpenses": 2118681000,
    "interestIncome": 5200000,
    "interestExpense": 36869000,
    "depreciationAndAmortization": 147769000,
    "ebitda": 389581000,
    "ebitdaratio": 0.1650422179,
    "operatingIncome": 241812000,
    "operatingIncomeRatio": 0.102441312,
    "totalOtherIncomeExpensesNet": -31669000,
    "incomeBeforeTax": 210143000,
    "incomeBeforeTaxRatio": 0.0890250469,
    "incomeTaxExpense": 74534000,
    "netIncome": 135609000,
    "netIncomeRatio": 0.0574494396,
    "eps": 1.32,
    "epsdiluted": 1.31,
    "weightedAverageShsOut": 102753000,
    "weightedAverageShsOutDil": 103593000,
    "link": "https://www.sec.gov/Archives/edgar/data/75677/000095013709001376/0000950137-09-001376-index.htm",
    "finalLink": "https://www.sec.gov/Archives/edgar/data/75677/000095013709001376/c49472e10vk.htm"
  },
  {
    "date": "2007-12-31",
    "symbol": "PKG",
    "reportedCurrency": "USD",
    "cik": "0000075677",
    "fillingDate": "2008-02-20",
    "acceptedDate": "2008-02-20 16:17:43",
    "calendarYear": "2007",
    "period": "FY",
    "revenue": 2316006000,
    "costOfRevenue": 1791358000,
    "grossProfit": 524648000,
    "grossProfitRatio": 0.2265313648,
    "researchAndDevelopmentExpenses": 0,
    "generalAndAdministrativeExpenses": 0,
    "sellingAndMarketingExpenses": 0,
    "sellingGeneralAndAdministrativeExpenses": 225689000,
    "otherExpenses": -2093000,
    "operatingExpenses": 231196000,
    "costAndExpenses": 2022554000,
    "interestIncome": 9500000,
    "interestExpense": 35084000,
    "depreciationAndAmortization": 148091000,
    "ebitda": 441543000,
    "ebitdaratio": 0.1906484698,
    "operatingIncome": 293452000,
    "operatingIncomeRatio": 0.1267060621,
    "totalOtherIncomeExpensesNet": -25584000,
    "incomeBeforeTax": 267868000,
    "incomeBeforeTaxRatio": 0.1156594586,
    "incomeTaxExpense": 97802000,
    "netIncome": 170066000,
    "netIncomeRatio": 0.0734307251,
    "eps": 1.63,
    "epsdiluted": 1.61,
    "weightedAverageShsOut": 104483000,
    "weightedAverageShsOutDil": 105459000,
    "link": "https://www.sec.gov/Archives/edgar/data/75677/000104746908001511/0001047469-08-001511-index.htm",
    "finalLink": "https://www.sec.gov/Archives/edgar/data/75677/000104746908001511/a2182363z10-k.htm"
  },
  {
    "date": "2006-12-31",
    "symbol": "PKG",
    "reportedCurrency": "USD",
    "cik": "0000075677",
    "fillingDate": "2007-03-01",
    "acceptedDate": "2007-03-01 16:01:02",
    "calendarYear": "2006",
    "period": "FY",
    "revenue": 2187046000,
    "costOfRevenue": 1743169000,
    "grossProfit": 443877000,
    "grossProfitRatio": 0.2029573223,
    "researchAndDevelopmentExpenses": 0,
    "generalAndAdministrativeExpenses": 0,
    "sellingAndMarketingExpenses": 0,
    "sellingGeneralAndAdministrativeExpenses": 209421000,
    "otherExpenses": 1629000,
    "operatingExpenses": 217950000,
    "costAndExpenses": 1961119000,
    "interestIncome": 0,
    "interestExpense": 0,
    "depreciationAndAmortization": 152411000,
    "ebitda": 378338000,
    "ebitdaratio": 0.1729904172,
    "operatingIncome": 225927000,
    "operatingIncomeRatio": 0.103302354,
    "totalOtherIncomeExpensesNet": -31203000,
    "incomeBeforeTax": 194724000,
    "incomeBeforeTaxRatio": 0.0890351643,
    "incomeTaxExpense": 69692000,
    "netIncome": 125032000,
    "netIncomeRatio": 0.0571693508,
    "eps": 1.21,
    "epsdiluted": 1.2,
    "weightedAverageShsOut": 103599000,
    "weightedAverageShsOutDil": 104485000,
    "link": "https://www.sec.gov/Archives/edgar/data/75677/000110465907015513/0001104659-07-015513-index.htm",
    "finalLink": "https://www.sec.gov/Archives/edgar/data/75677/000110465907015513/a07-3305_110k.htm"
  },
  {
    "date": "2005-12-31",
    "symbol": "PKG",
    "reportedCurrency": "USD",
    "cik": "0000075677",
    "fillingDate": "2006-02-21",
    "acceptedDate": "2006-02-21 14:32:07",
    "calendarYear": "2005",
    "period": "FY",
    "revenue": 1993658000,
    "costOfRevenue": 1686847000,
    "grossProfit": 306811000,
    "grossProfitRatio": 0.1538934963,
    "researchAndDevelopmentExpenses": 0,
    "generalAndAdministrativeExpenses": 0,
    "sellingAndMarketingExpenses": 0,
    "sellingGeneralAndAdministrativeExpenses": 194041000,
    "otherExpenses": -3356000,
    "operatingExpenses": 190685000,
    "costAndExpenses": 1877532000,
    "interestIncome": 0,
    "interestExpense": 0,
    "depreciationAndAmortization": 158352000,
    "ebitda": 274478000,
    "ebitdaratio": 0.1376755692,
    "operatingIncome": 116126000,
    "operatingIncomeRatio": 0.0582477035,
    "totalOtherIncomeExpensesNet": -28092000,
    "incomeBeforeTax": 88034000,
    "incomeBeforeTaxRatio": 0.0441570219,
    "incomeTaxExpense": 35400000,
    "netIncome": 52604000,
    "netIncomeRatio": 0.026385669,
    "eps": 0.49,
    "epsdiluted": 0.49,
    "weightedAverageShsOut": 107334000,
    "weightedAverageShsOutDil": 108098000,
    "link": "https://www.sec.gov/Archives/edgar/data/75677/000110465906010794/0001104659-06-010794-index.htm",
    "finalLink": "https://www.sec.gov/Archives/edgar/data/75677/000110465906010794/a06-1847_110k.htm"
  },
  {
    "date": "2004-12-31",
    "symbol": "PKG",
    "reportedCurrency": "USD",
    "cik": "0000075677",
    "fillingDate": "2005-03-09",
    "acceptedDate": "2005-03-09 16:08:48",
    "calendarYear": "2004",
    "period": "FY",
    "revenue": 1890085000,
    "costOfRevenue": 1592371000,
    "grossProfit": 297714000,
    "grossProfitRatio": 0.157513551,
    "researchAndDevelopmentExpenses": 0,
    "generalAndAdministrativeExpenses": 0,
    "sellingAndMarketingExpenses": 0,
    "sellingGeneralAndAdministrativeExpenses": 180824000,
    "otherExpenses": -29701000,
    "operatingExpenses": 157223000,
    "costAndExpenses": 1749594000,
    "interestIncome": 0,
    "interestExpense": 0,
    "depreciationAndAmortization": 159592000,
    "ebitda": 300083000,
    "ebitdaratio": 0.1587669338,
    "operatingIncome": 140491000,
    "operatingIncomeRatio": 0.0743305195,
    "totalOtherIncomeExpensesNet": -29576000,
    "incomeBeforeTax": 110915000,
    "incomeBeforeTaxRatio": 0.058682546,
    "incomeTaxExpense": 42185000,
    "netIncome": 68730000,
    "netIncomeRatio": 0.036363444,
    "eps": 0.65,
    "epsdiluted": 0.64,
    "weightedAverageShsOut": 106358000,
    "weightedAverageShsOutDil": 107570000,
    "link": "https://www.sec.gov/Archives/edgar/data/75677/000110465905010147/0001104659-05-010147-index.htm",
    "finalLink": "https://www.sec.gov/Archives/edgar/data/75677/000110465905010147/a05-2046_110k.htm"
  },
  {
    "date": "2003-12-31",
    "symbol": "PKG",
    "reportedCurrency": "USD",
    "cik": "0000075677",
    "fillingDate": "2004-03-12",
    "acceptedDate": "2004-03-12 17:27:57",
    "calendarYear": "2003",
    "period": "FY",
    "revenue": 1735534000,
    "costOfRevenue": 1437667000,
    "grossProfit": 297867000,
    "grossProfitRatio": 0.171628444,
    "researchAndDevelopmentExpenses": 0,
    "generalAndAdministrativeExpenses": 0,
    "sellingAndMarketingExpenses": 0,
    "sellingGeneralAndAdministrativeExpenses": 173861000,
    "otherExpenses": 27150000,
    "operatingExpenses": 201011000,
    "costAndExpenses": 1638678000,
    "interestIncome": 0,
    "interestExpense": 0,
    "depreciationAndAmortization": 158822000,
    "ebitda": 255678000,
    "ebitdaratio": 0.1473194994,
    "operatingIncome": 96856000,
    "operatingIncomeRatio": 0.0558076073,
    "totalOtherIncomeExpensesNet": -121730000,
    "incomeBeforeTax": -24874000,
    "incomeBeforeTaxRatio": -0.0143321882,
    "incomeTaxExpense": -10516000,
    "netIncome": -14358000,
    "netIncomeRatio": -0.0082729581,
    "eps": -0.14,
    "epsdiluted": -0.14,
    "weightedAverageShsOut": 104628000,
    "weightedAverageShsOutDil": 104628000,
    "link": "https://www.sec.gov/Archives/edgar/data/75677/000110465904007269/0001104659-04-007269-index.htm",
    "finalLink": "https://www.sec.gov/Archives/edgar/data/75677/000110465904007269/a04-2873_110k.htm"
  },
  {
    "date": "2002-12-31",
    "symbol": "PKG",
    "reportedCurrency": "USD",
    "cik": "0000075677",
    "fillingDate": "2003-03-19",
    "acceptedDate": "2003-03-19 12:43:48",
    "calendarYear": "2002",
    "period": "FY",
    "revenue": 1735858000,
    "costOfRevenue": 1411223000,
    "grossProfit": 324635000,
    "grossProfitRatio": 0.1870170256,
    "researchAndDevelopmentExpenses": 0,
    "generalAndAdministrativeExpenses": 0,
    "sellingAndMarketingExpenses": 0,
    "sellingGeneralAndAdministrativeExpenses": 171286000,
    "otherExpenses": 8069000,
    "operatingExpenses": 179355000,
    "costAndExpenses": 1590578000,
    "interestIncome": 0,
    "interestExpense": 0,
    "depreciationAndAmortization": 153413000,
    "ebitda": 298693000,
    "ebitdaratio": 0.1720722548,
    "operatingIncome": 145280000,
    "operatingIncomeRatio": 0.0836934818,
    "totalOtherIncomeExpensesNet": -67666000,
    "incomeBeforeTax": 77614000,
    "incomeBeforeTaxRatio": 0.0447121827,
    "incomeTaxExpense": 29435000,
    "netIncome": 48179000,
    "netIncomeRatio": 0.0277551505,
    "eps": 0.46,
    "epsdiluted": 0.45,
    "weightedAverageShsOut": 105053000,
    "weightedAverageShsOutDil": 107208000,
    "link": "https://www.sec.gov/Archives/edgar/data/75677/000104746903009199/0001047469-03-009199-index.htm",
    "finalLink": "https://www.sec.gov/Archives/edgar/data/75677/000104746903009199/a2104290z10-k.htm"
  },
  {
    "date": "2001-12-31",
    "symbol": "PKG",
    "reportedCurrency": "USD",
    "cik": "0000075677",
    "fillingDate": "2002-03-20",
    "acceptedDate": "2002-03-20 00:00:00",
    "calendarYear": "2001",
    "period": "FY",
    "revenue": 1789956000,
    "costOfRevenue": 1372019000,
    "grossProfit": 417937000,
    "grossProfitRatio": 0.233490097,
    "researchAndDevelopmentExpenses": 0,
    "generalAndAdministrativeExpenses": 0,
    "sellingAndMarketingExpenses": 0,
    "sellingGeneralAndAdministrativeExpenses": 164176000,
    "otherExpenses": 0,
    "operatingExpenses": 164176000,
    "costAndExpenses": 1536195000,
    "interestIncome": 0,
    "interestExpense": 0,
    "depreciationAndAmortization": 146367000,
    "ebitda": 400128000,
    "ebitdaratio": 0.2235406904,
    "operatingIncome": 253761000,
    "operatingIncomeRatio": 0.1417694066,
    "totalOtherIncomeExpensesNet": -78327000,
    "incomeBeforeTax": 175434000,
    "incomeBeforeTaxRatio": 0.0980102304,
    "incomeTaxExpense": 67912000,
    "netIncome": 106418000,
    "netIncomeRatio": 0.0594528581,
    "eps": 1,
    "epsdiluted": 0.98,
    "weightedAverageShsOut": 106277000,
    "weightedAverageShsOutDil": 108801000,
    "link": "https://www.sec.gov/Archives/edgar/data/75677/000091205702010616/0000912057-02-010616-index.htm",
    "finalLink": "https://www.sec.gov/Archives/edgar/data/75677/000091205702010616/a2072847z10-k.htm"
  },
  {
    "date": "2000-12-31",
    "symbol": "PKG",
    "reportedCurrency": "USD",
    "cik": "0000075677",
    "fillingDate": "2001-03-27",
    "acceptedDate": "2001-03-27 00:00:00",
    "calendarYear": "2000",
    "period": "FY",
    "revenue": 1921868000,
    "costOfRevenue": 1274174000,
    "grossProfit": 647694000,
    "grossProfitRatio": 0.3370127397,
    "researchAndDevelopmentExpenses": 0,
    "generalAndAdministrativeExpenses": 0,
    "sellingAndMarketingExpenses": 0,
    "sellingGeneralAndAdministrativeExpenses": 154640000,
    "otherExpenses": 148216000,
    "operatingExpenses": 302856000,
    "costAndExpenses": 1577030000,
    "interestIncome": 0,
    "interestExpense": 0,
    "depreciationAndAmortization": 148216000,
    "ebitda": 493054000,
    "ebitdaratio": 0.2565493572,
    "operatingIncome": 344838000,
    "operatingIncomeRatio": 0.179428556,
    "totalOtherIncomeExpensesNet": -57687000,
    "incomeBeforeTax": 287151000,
    "incomeBeforeTaxRatio": 0.1494124466,
    "incomeTaxExpense": 114190000,
    "netIncome": 161901000,
    "netIncomeRatio": 0.0842414776,
    "eps": 1.37,
    "epsdiluted": 1.33,
    "weightedAverageShsOut": 104572263,
    "weightedAverageShsOutDil": 104890000,
    "link": "https://www.sec.gov/Archives/edgar/data/75677/000091205701008509/0000912057-01-008509-index.htm",
    "finalLink": "https://www.sec.gov/Archives/edgar/data/75677/000091205701008509/a2040634z10-k.txt"
  },
  {
    "date": "1999-12-31",
    "symbol": "PKG",
    "reportedCurrency": "USD",
    "cik": "0000075677",
    "fillingDate": "2000-03-10",
    "acceptedDate": "2000-03-10 00:00:00",
    "calendarYear": "1999",
    "period": "FY",
    "revenue": 1317300000,
    "costOfRevenue": 916400000,
    "grossProfit": 400900000,
    "grossProfitRatio": 0.3043346239,
    "researchAndDevelopmentExpenses": 0,
    "generalAndAdministrativeExpenses": 0,
    "sellingAndMarketingExpenses": 0,
    "sellingGeneralAndAdministrativeExpenses": 107600000,
    "otherExpenses": 112200000,
    "operatingExpenses": 219800000,
    "costAndExpenses": 1136200000,
    "interestIncome": 0,
    "interestExpense": 0,
    "depreciationAndAmortization": 112200000,
    "ebitda": 293300000,
    "ebitdaratio": 0.2226523951,
    "operatingIncome": 181100000,
    "operatingIncomeRatio": 0.1374781751,
    "totalOtherIncomeExpensesNet": -96500000,
    "incomeBeforeTax": 84600000,
    "incomeBeforeTaxRatio": 0.0642222728,
    "incomeTaxExpense": 37200000,
    "netIncome": 40500000,
    "netIncomeRatio": 0.0307447051,
    "eps": 0.34,
    "epsdiluted": 0.32,
    "weightedAverageShsOut": 92108000,
    "weightedAverageShsOutDil": 97500000,
    "link": "https://www.sec.gov/Archives/edgar/data/75677/000091205700010890/0000912057-00-010890-index.html",
    "finalLink": "https://www.sec.gov/Archives/edgar/data/75677/000091205700010890/"
  },
  {
    "date": "1998-12-31",
    "symbol": "PKG",
    "reportedCurrency": "USD",
    "cik": "0000075677",
    "fillingDate": "1998-12-31",
    "acceptedDate": "1998-12-31 00:00:00",
    "calendarYear": "1998",
    "period": "FY",
    "revenue": 1571100000,
    "costOfRevenue": 1194700000,
    "grossProfit": 376400000,
    "grossProfitRatio": 0.2395773662,
    "researchAndDevelopmentExpenses": 0,
    "generalAndAdministrativeExpenses": 0,
    "sellingAndMarketingExpenses": 0,
    "sellingGeneralAndAdministrativeExpenses": 172100000,
    "otherExpenses": 95000000,
    "operatingExpenses": 267100000,
    "costAndExpenses": 1461800000,
    "interestIncome": 0,
    "interestExpense": 0,
    "depreciationAndAmortization": 95000000,
    "ebitda": 204300000,
    "ebitdaratio": 0.1300362803,
    "operatingIncome": 109300000,
    "operatingIncomeRatio": 0.0695690917,
    "totalOtherIncomeExpensesNet": 9600000,
    "incomeBeforeTax": 118900000,
    "incomeBeforeTaxRatio": 0.0756794603,
    "incomeTaxExpense": 47500000,
    "netIncome": 71400000,
    "netIncomeRatio": 0.045445866,
    "eps": 0.76,
    "epsdiluted": 0.76,
    "weightedAverageShsOut": 94600000,
    "weightedAverageShsOutDil": 94600000,
    "link": "",
    "finalLink": ""
  }
]