[
  {
    "date": "2025-06-30",
    "symbol": "PLD",
    "reportedCurrency": "USD",
    "cik": "0001045609",
    "fillingDate": "2025-07-30",
    "acceptedDate": "2025-07-29 17:42:06",
    "calendarYear": "2025",
    "period": "Q2",
    "revenue": 2183869000,
    "costOfRevenue": 552880000,
    "grossProfit": 1630989000,
    "grossProfitRatio": 0.7468346316,
    "researchAndDevelopmentExpenses": 0,
    "generalAndAdministrativeExpenses": 106871000,
    "sellingAndMarketingExpenses": 0,
    "sellingGeneralAndAdministrativeExpenses": 106871000,
    "otherExpenses": 611406000,
    "operatingExpenses": 718277000,
    "costAndExpenses": 1271157000,
    "interestIncome": 0,
    "interestExpense": 251866000,
    "depreciationAndAmortization": 657221000,
    "ebitda": 1554796000,
    "ebitdaratio": 0.7119456341,
    "operatingIncome": 912712000,
    "operatingIncomeRatio": 0.4179334933,
    "totalOtherIncomeExpensesNet": -267003000,
    "incomeBeforeTax": 645709000,
    "incomeBeforeTaxRatio": 0.2956720389,
    "incomeTaxExpense": 23405000,
    "netIncome": 571229000,
    "netIncomeRatio": 0.2615674292,
    "eps": 0.61,
    "epsdiluted": 0.6,
    "weightedAverageShsOut": 928476000,
    "weightedAverageShsOutDil": 956141000,
    "link": "https://www.sec.gov/Archives/edgar/data/1045609/000095017025099770/0000950170-25-099770-index.htm",
    "finalLink": "https://www.sec.gov/Archives/edgar/data/1045609/000095017025099770/pld-20250630.htm"
  },
  {
    "date": "2025-03-31",
    "symbol": "PLD",
    "reportedCurrency": "USD",
    "cik": "0001045609",
    "fillingDate": "2025-04-29",
    "acceptedDate": "2025-04-29 16:08:11",
    "calendarYear": "2025",
    "period": "Q1",
    "revenue": 2139665000,
    "costOfRevenue": 549094000,
    "grossProfit": 1590571000,
    "grossProfitRatio": 0.7433738459,
    "researchAndDevelopmentExpenses": 0,
    "generalAndAdministrativeExpenses": 114701000,
    "sellingAndMarketingExpenses": 0,
    "sellingGeneralAndAdministrativeExpenses": 114701000,
    "otherExpenses": 597457000,
    "operatingExpenses": 712158000,
    "costAndExpenses": 1261252000,
    "interestIncome": 0,
    "interestExpense": 232000000,
    "depreciationAndAmortization": 652058000,
    "ebitda": 1566961000,
    "ebitdaratio": 0.7323394083,
    "operatingIncome": 878413000,
    "operatingIncomeRatio": 0.4105376309,
    "totalOtherIncomeExpensesNet": -195510000,
    "incomeBeforeTax": 682903000,
    "incomeBeforeTaxRatio": 0.3191635139,
    "incomeTaxExpense": 43383000,
    "netIncome": 592953000,
    "netIncomeRatio": 0.2771242227,
    "eps": 0.65,
    "epsdiluted": 0.63,
    "weightedAverageShsOut": 927338000,
    "weightedAverageShsOutDil": 956080000,
    "link": "https://www.sec.gov/Archives/edgar/data/1045609/000095017025060107/0000950170-25-060107-index.htm",
    "finalLink": "https://www.sec.gov/Archives/edgar/data/1045609/000095017025060107/pld-20250331.htm"
  },
  {
    "date": "2024-12-31",
    "symbol": "PLD",
    "reportedCurrency": "USD",
    "cik": "0001045609",
    "fillingDate": "2025-02-14",
    "acceptedDate": "2025-02-14 16:27:00",
    "calendarYear": "2024",
    "period": "Q4",
    "revenue": 2200646000,
    "costOfRevenue": 519635000,
    "grossProfit": 1681011000,
    "grossProfitRatio": 0.7638716086,
    "researchAndDevelopmentExpenses": 0,
    "generalAndAdministrativeExpenses": 102724000,
    "sellingAndMarketingExpenses": 0,
    "sellingGeneralAndAdministrativeExpenses": 102724000,
    "otherExpenses": 157031000,
    "operatingExpenses": 259755000,
    "costAndExpenses": 779390000,
    "interestIncome": -26636000,
    "interestExpense": 205296000,
    "depreciationAndAmortization": 656444000,
    "ebitda": 2290786000,
    "ebitdaratio": 1.0409606997,
    "operatingIncome": 1421256000,
    "operatingIncomeRatio": 0.6458358137,
    "totalOtherIncomeExpensesNet": 7790000,
    "incomeBeforeTax": 1429046000,
    "incomeBeforeTaxRatio": 0.6493756833,
    "incomeTaxExpense": 86870000,
    "netIncome": 1278853000,
    "netIncomeRatio": 0.5811261784,
    "eps": 1.38,
    "epsdiluted": 1.37,
    "weightedAverageShsOut": 926172000,
    "weightedAverageShsOutDil": 953590000,
    "link": "https://www.sec.gov/Archives/edgar/data/1045609/000095017025021272/0000950170-25-021272-index.htm",
    "finalLink": "https://www.sec.gov/Archives/edgar/data/1045609/000095017025021272/pld-20241231.htm"
  },
  {
    "date": "2024-09-30",
    "symbol": "PLD",
    "reportedCurrency": "USD",
    "cik": "0001045609",
    "fillingDate": "2024-10-25",
    "acceptedDate": "2024-10-25 16:05:30",
    "calendarYear": "2024",
    "period": "Q3",
    "revenue": 2036389000,
    "costOfRevenue": 488767000,
    "grossProfit": 1547622000,
    "grossProfitRatio": 0.7599834806,
    "researchAndDevelopmentExpenses": 0,
    "generalAndAdministrativeExpenses": 98154000,
    "sellingAndMarketingExpenses": 0,
    "sellingGeneralAndAdministrativeExpenses": 98154000,
    "otherExpenses": 198497000,
    "operatingExpenses": 296651000,
    "costAndExpenses": 785418000,
    "interestIncome": 0,
    "interestExpense": 230113000,
    "depreciationAndAmortization": 649265000,
    "ebitda": 1947043000,
    "ebitdaratio": 0.9561252786,
    "operatingIncome": 1250971000,
    "operatingIncomeRatio": 0.6143084646,
    "totalOtherIncomeExpensesNet": -183306000,
    "incomeBeforeTax": 1067665000,
    "incomeBeforeTaxRatio": 0.5242932465,
    "incomeTaxExpense": 4214000,
    "netIncome": 1005719000,
    "netIncomeRatio": 0.4938737147,
    "eps": 1.08,
    "epsdiluted": 1.08,
    "weightedAverageShsOut": 926427000,
    "weightedAverageShsOutDil": 953813000,
    "link": "https://www.sec.gov/Archives/edgar/data/1045609/000095017024117407/0000950170-24-117407-index.htm",
    "finalLink": "https://www.sec.gov/Archives/edgar/data/1045609/000095017024117407/pld-20240930.htm"
  },
  {
    "date": "2024-06-30",
    "symbol": "PLD",
    "reportedCurrency": "USD",
    "cik": "0001045609",
    "fillingDate": "2024-07-26",
    "acceptedDate": "2024-07-26 16:05:33",
    "calendarYear": "2024",
    "period": "Q2",
    "revenue": 2007954000,
    "costOfRevenue": 515771000,
    "grossProfit": 1492183000,
    "grossProfitRatio": 0.7431360479,
    "researchAndDevelopmentExpenses": 0,
    "generalAndAdministrativeExpenses": 106596000,
    "sellingAndMarketingExpenses": 0,
    "sellingGeneralAndAdministrativeExpenses": 106596000,
    "otherExpenses": 362249000,
    "operatingExpenses": 468845000,
    "costAndExpenses": 984616000,
    "interestIncome": 0,
    "interestExpense": 208267000,
    "depreciationAndAmortization": 637305000,
    "ebitda": 1800132000,
    "ebitdaratio": 0.896500617,
    "operatingIncome": 1023338000,
    "operatingIncomeRatio": 0.5096421532,
    "totalOtherIncomeExpensesNet": -68778000,
    "incomeBeforeTax": 954560000,
    "incomeBeforeTaxRatio": 0.4753893764,
    "incomeTaxExpense": 43059000,
    "netIncome": 861348000,
    "netIncomeRatio": 0.4289679943,
    "eps": 0.93,
    "epsdiluted": 0.9,
    "weightedAverageShsOut": 926276000,
    "weightedAverageShsOutDil": 953200000,
    "link": "https://www.sec.gov/Archives/edgar/data/1045609/000095017024086882/0000950170-24-086882-index.htm",
    "finalLink": "https://www.sec.gov/Archives/edgar/data/1045609/000095017024086882/pld-20240630.htm"
  },
  {
    "date": "2024-03-31",
    "symbol": "PLD",
    "reportedCurrency": "USD",
    "cik": "0001045609",
    "fillingDate": "2024-04-25",
    "acceptedDate": "2024-04-25 16:41:56",
    "calendarYear": "2024",
    "period": "Q1",
    "revenue": 1956621000,
    "costOfRevenue": 533068000,
    "grossProfit": 1423553000,
    "grossProfitRatio": 0.7275568442,
    "researchAndDevelopmentExpenses": 0,
    "generalAndAdministrativeExpenses": 111291000,
    "sellingAndMarketingExpenses": 0,
    "sellingGeneralAndAdministrativeExpenses": 111291000,
    "otherExpenses": 591907000,
    "operatingExpenses": 703198000,
    "costAndExpenses": 1236266000,
    "interestIncome": 0,
    "interestExpense": 193000000,
    "depreciationAndAmortization": 637505000,
    "ebitda": 1494112000,
    "ebitdaratio": 0.7636185035,
    "operatingIncome": 720355000,
    "operatingIncomeRatio": 0.3681627663,
    "totalOtherIncomeExpensesNet": -56748000,
    "incomeBeforeTax": 663607000,
    "incomeBeforeTaxRatio": 0.3391597044,
    "incomeTaxExpense": 32800000,
    "netIncome": 585715000,
    "netIncomeRatio": 0.2993502574,
    "eps": 0.63,
    "epsdiluted": 0.63,
    "weightedAverageShsOut": 925322000,
    "weightedAverageShsOutDil": 953912000,
    "link": "https://www.sec.gov/Archives/edgar/data/1045609/000095017024048421/0000950170-24-048421-index.htm",
    "finalLink": "https://www.sec.gov/Archives/edgar/data/1045609/000095017024048421/pld-20240331.htm"
  },
  {
    "date": "2023-12-31",
    "symbol": "PLD",
    "reportedCurrency": "USD",
    "cik": "0001045609",
    "fillingDate": "2024-02-13",
    "acceptedDate": "2024-02-13 16:06:27",
    "calendarYear": "2023",
    "period": "Q4",
    "revenue": 1889247000,
    "costOfRevenue": 487083000,
    "grossProfit": 1402164000,
    "grossProfitRatio": 0.7421814088,
    "researchAndDevelopmentExpenses": 0,
    "generalAndAdministrativeExpenses": 98309000,
    "sellingAndMarketingExpenses": 0,
    "sellingGeneralAndAdministrativeExpenses": 98309000,
    "otherExpenses": 469004000,
    "operatingExpenses": 567313000,
    "costAndExpenses": 1054396000,
    "interestIncome": 0,
    "interestExpense": 174332000,
    "depreciationAndAmortization": 638346000,
    "ebitda": 1524450000,
    "ebitdaratio": 0.8069087843,
    "operatingIncome": 834851000,
    "operatingIncomeRatio": 0.4418961629,
    "totalOtherIncomeExpensesNet": -100470000,
    "incomeBeforeTax": 734381000,
    "incomeBeforeTaxRatio": 0.3887162451,
    "incomeTaxExpense": 58497000,
    "netIncome": 630936000,
    "netIncomeRatio": 0.333961626,
    "eps": 0.68,
    "epsdiluted": 0.68,
    "weightedAverageShsOut": 924605000,
    "weightedAverageShsOutDil": 952399000,
    "link": "https://www.sec.gov/Archives/edgar/data/1045609/000095017024014539/0000950170-24-014539-index.htm",
    "finalLink": "https://www.sec.gov/Archives/edgar/data/1045609/000095017024014539/pld-20231231.htm"
  },
  {
    "date": "2023-09-30",
    "symbol": "PLD",
    "reportedCurrency": "USD",
    "cik": "0001045609",
    "fillingDate": "2023-10-27",
    "acceptedDate": "2023-10-27 16:05:55",
    "calendarYear": "2023",
    "period": "Q3",
    "revenue": 1914664000,
    "costOfRevenue": 500145000,
    "grossProfit": 1414519000,
    "grossProfitRatio": 0.7387818437,
    "researchAndDevelopmentExpenses": 0,
    "generalAndAdministrativeExpenses": 96673000,
    "sellingAndMarketingExpenses": 0,
    "sellingGeneralAndAdministrativeExpenses": 96673000,
    "otherExpenses": 435738000,
    "operatingExpenses": 532411000,
    "costAndExpenses": 1032556000,
    "interestIncome": 0,
    "interestExpense": 181053000,
    "depreciationAndAmortization": 642010000,
    "ebitda": 1663447000,
    "ebitdaratio": 0.8687931668,
    "operatingIncome": 882108000,
    "operatingIncomeRatio": 0.4607116444,
    "totalOtherIncomeExpensesNet": -41724000,
    "incomeBeforeTax": 840384000,
    "incomeBeforeTaxRatio": 0.4389198314,
    "incomeTaxExpense": 41243000,
    "netIncome": 747627000,
    "netIncomeRatio": 0.3904742555,
    "eps": 0.79,
    "epsdiluted": 0.77,
    "weightedAverageShsOut": 947725000,
    "weightedAverageShsOutDil": 975238000,
    "link": "https://www.sec.gov/Archives/edgar/data/1045609/000095017023055980/0000950170-23-055980-index.htm",
    "finalLink": "https://www.sec.gov/Archives/edgar/data/1045609/000095017023055980/pld-20230930.htm"
  },
  {
    "date": "2023-06-30",
    "symbol": "PLD",
    "reportedCurrency": "USD",
    "cik": "0001045609",
    "fillingDate": "2023-07-26",
    "acceptedDate": "2023-07-26 16:44:28",
    "calendarYear": "2023",
    "period": "Q2",
    "revenue": 2450971000,
    "costOfRevenue": 538844000,
    "grossProfit": 1912127000,
    "grossProfitRatio": 0.7801508055,
    "researchAndDevelopmentExpenses": 0,
    "generalAndAdministrativeExpenses": 95647000,
    "sellingAndMarketingExpenses": 0,
    "sellingGeneralAndAdministrativeExpenses": 95647000,
    "otherExpenses": 404690000,
    "operatingExpenses": 500337000,
    "costAndExpenses": 1039181000,
    "interestIncome": 0,
    "interestExpense": 149818000,
    "depreciationAndAmortization": 602168000,
    "ebitda": 2110704000,
    "ebitdaratio": 0.861170532,
    "operatingIncome": 1411790000,
    "operatingIncomeRatio": 0.5760125273,
    "totalOtherIncomeExpensesNet": -53072000,
    "incomeBeforeTax": 1358718000,
    "incomeBeforeTaxRatio": 0.5543590683,
    "incomeTaxExpense": 79227000,
    "netIncome": 1216028000,
    "netIncomeRatio": 0.4961413252,
    "eps": 1.28,
    "epsdiluted": 1.25,
    "weightedAverageShsOut": 947324000,
    "weightedAverageShsOutDil": 974839000,
    "link": "https://www.sec.gov/Archives/edgar/data/1045609/000095017023034768/0000950170-23-034768-index.htm",
    "finalLink": "https://www.sec.gov/Archives/edgar/data/1045609/000095017023034768/pld-20230630.htm"
  },
  {
    "date": "2023-03-31",
    "symbol": "PLD",
    "reportedCurrency": "USD",
    "cik": "0001045609",
    "fillingDate": "2023-03-31",
    "acceptedDate": "2023-03-31 00:00:00",
    "calendarYear": "2023",
    "period": "Q1",
    "revenue": 1768587000,
    "costOfRevenue": 484263000,
    "grossProfit": 1284324000,
    "grossProfitRatio": 0.726186498,
    "researchAndDevelopmentExpenses": 0,
    "generalAndAdministrativeExpenses": 99777000,
    "sellingAndMarketingExpenses": 0,
    "sellingGeneralAndAdministrativeExpenses": 99777000,
    "otherExpenses": 605504000,
    "operatingExpenses": 705281000,
    "costAndExpenses": 1189544000,
    "interestIncome": 0,
    "interestExpense": 136000000,
    "depreciationAndAmortization": 602367000,
    "ebitda": 1269067000,
    "ebitdaratio": 0.7175598373,
    "operatingIncome": 579043000,
    "operatingIncomeRatio": 0.3274043064,
    "totalOtherIncomeExpensesNet": -48343000,
    "incomeBeforeTax": 530700000,
    "incomeBeforeTaxRatio": 0.3000700559,
    "incomeTaxExpense": 32071000,
    "netIncome": 464623000,
    "netIncomeRatio": 0.2627085917,
    "eps": 0.49,
    "epsdiluted": 0.49,
    "weightedAverageShsOut": 947580000,
    "weightedAverageShsOutDil": 975316000,
    "link": null,
    "finalLink": null
  },
  {
    "date": "2022-12-31",
    "symbol": "PLD",
    "reportedCurrency": "USD",
    "cik": "0001045609",
    "fillingDate": "2023-02-14",
    "acceptedDate": "2023-02-14 16:54:39",
    "calendarYear": "2022",
    "period": "Q4",
    "revenue": 1751592000,
    "costOfRevenue": 438830000,
    "grossProfit": 1312762000,
    "grossProfitRatio": 0.7494679126,
    "researchAndDevelopmentExpenses": 0,
    "generalAndAdministrativeExpenses": 85420000,
    "sellingAndMarketingExpenses": 0,
    "sellingGeneralAndAdministrativeExpenses": 85420000,
    "otherExpenses": 413893000,
    "operatingExpenses": 499313000,
    "costAndExpenses": 938143000,
    "interestIncome": -17134000,
    "interestExpense": 103662000,
    "depreciationAndAmortization": 612367000,
    "ebitda": 1353782000,
    "ebitdaratio": 0.7728866083,
    "operatingIncome": 813449000,
    "operatingIncomeRatio": 0.4644055237,
    "totalOtherIncomeExpensesNet": -175696000,
    "incomeBeforeTax": 637753000,
    "incomeBeforeTaxRatio": 0.3640990596,
    "incomeTaxExpense": 17687000,
    "netIncome": 587214000,
    "netIncomeRatio": 0.3352458792,
    "eps": 0.65,
    "epsdiluted": 0.63,
    "weightedAverageShsOut": 919467000,
    "weightedAverageShsOutDil": 946953000,
    "link": "https://www.sec.gov/Archives/edgar/data/1045609/000156459023001902/0001564590-23-001902-index.htm",
    "finalLink": "https://www.sec.gov/Archives/edgar/data/1045609/000156459023001902/pld-10k_20221231.htm"
  },
  {
    "date": "2022-09-30",
    "symbol": "PLD",
    "reportedCurrency": "USD",
    "cik": "0001045609",
    "fillingDate": "2022-10-28",
    "acceptedDate": "2022-10-27 21:43:42",
    "calendarYear": "2022",
    "period": "Q3",
    "revenue": 1750892000,
    "costOfRevenue": 415262000,
    "grossProfit": 1335630000,
    "grossProfitRatio": 0.7628283184,
    "researchAndDevelopmentExpenses": 0,
    "generalAndAdministrativeExpenses": 87903000,
    "sellingAndMarketingExpenses": 0,
    "sellingGeneralAndAdministrativeExpenses": 87903000,
    "otherExpenses": 332757000,
    "operatingExpenses": 420660000,
    "costAndExpenses": 835922000,
    "interestIncome": 0,
    "interestExpense": 63884000,
    "depreciationAndAmortization": 401450000,
    "ebitda": 1573177000,
    "ebitdaratio": 0.8985003073,
    "operatingIncome": 914970000,
    "operatingIncomeRatio": 0.5225736368,
    "totalOtherIncomeExpensesNet": 192873000,
    "incomeBeforeTax": 1107843000,
    "incomeBeforeTaxRatio": 0.632730631,
    "incomeTaxExpense": 38669000,
    "netIncome": 1015464000,
    "netIncomeRatio": 0.5799695241,
    "eps": 1.37,
    "epsdiluted": 1.33,
    "weightedAverageShsOut": 740719000,
    "weightedAverageShsOutDil": 766372000,
    "link": "https://www.sec.gov/Archives/edgar/data/1045609/000156459022035526/0001564590-22-035526-index.htm",
    "finalLink": "https://www.sec.gov/Archives/edgar/data/1045609/000156459022035526/pld-10q_20220930.htm"
  },
  {
    "date": "2022-06-30",
    "symbol": "PLD",
    "reportedCurrency": "USD",
    "cik": "0001045609",
    "fillingDate": "2022-08-08",
    "acceptedDate": "2022-08-08 16:24:59",
    "calendarYear": "2022",
    "period": "Q2",
    "revenue": 1252080000,
    "costOfRevenue": 327517000,
    "grossProfit": 924563000,
    "grossProfitRatio": 0.7384216663,
    "researchAndDevelopmentExpenses": 0,
    "generalAndAdministrativeExpenses": 83114000,
    "sellingAndMarketingExpenses": 0,
    "sellingGeneralAndAdministrativeExpenses": 83114000,
    "otherExpenses": 308132000,
    "operatingExpenses": 391246000,
    "costAndExpenses": 718763000,
    "interestIncome": 0,
    "interestExpense": 60293000,
    "depreciationAndAmortization": 402313000,
    "ebitda": 1158876000,
    "ebitdaratio": 0.9255606671,
    "operatingIncome": 533317000,
    "operatingIncomeRatio": 0.4259448278,
    "totalOtherIncomeExpensesNet": 162953000,
    "incomeBeforeTax": 696270000,
    "incomeBeforeTaxRatio": 0.5560906651,
    "incomeTaxExpense": 49834000,
    "netIncome": 611393000,
    "netIncomeRatio": 0.4883018657,
    "eps": 0.83,
    "epsdiluted": 0.8,
    "weightedAverageShsOut": 740637000,
    "weightedAverageShsOutDil": 766074000,
    "link": "https://www.sec.gov/Archives/edgar/data/1045609/000156459022028453/0001564590-22-028453-index.htm",
    "finalLink": "https://www.sec.gov/Archives/edgar/data/1045609/000156459022028453/pld-10q_20220630.htm"
  },
  {
    "date": "2022-03-31",
    "symbol": "PLD",
    "reportedCurrency": "USD",
    "cik": "0001045609",
    "fillingDate": "2022-04-26",
    "acceptedDate": "2022-04-26 16:15:11",
    "calendarYear": "2022",
    "period": "Q1",
    "revenue": 1219128000,
    "costOfRevenue": 327485000,
    "grossProfit": 891643000,
    "grossProfitRatio": 0.7313776732,
    "researchAndDevelopmentExpenses": 0,
    "generalAndAdministrativeExpenses": 74646000,
    "sellingAndMarketingExpenses": 0,
    "sellingGeneralAndAdministrativeExpenses": 74646000,
    "otherExpenses": -388805000,
    "operatingExpenses": -314159000,
    "costAndExpenses": 13326000,
    "interestIncome": 0,
    "interestExpense": 64000000,
    "depreciationAndAmortization": 396647000,
    "ebitda": 1709591000,
    "ebitdaratio": 1.4023064026,
    "operatingIncome": 1205802000,
    "operatingIncomeRatio": 0.9890692364,
    "totalOtherIncomeExpensesNet": 43142000,
    "incomeBeforeTax": 1248944000,
    "incomeBeforeTaxRatio": 1.0244568249,
    "incomeTaxExpense": 29222000,
    "netIncome": 1150785000,
    "netIncomeRatio": 0.9439410792,
    "eps": 1.55,
    "epsdiluted": 1.5,
    "weightedAverageShsOut": 740368000,
    "weightedAverageShsOutDil": 765517000,
    "link": "https://www.sec.gov/Archives/edgar/data/1045609/000156459022015684/0001564590-22-015684-index.htm",
    "finalLink": "https://www.sec.gov/Archives/edgar/data/1045609/000156459022015684/pld-10q_20220331.htm"
  },
  {
    "date": "2021-12-31",
    "symbol": "PLD",
    "reportedCurrency": "USD",
    "cik": "0001045609",
    "fillingDate": "2022-02-09",
    "acceptedDate": "2022-02-09 17:07:38",
    "calendarYear": "2021",
    "period": "Q4",
    "revenue": 1277233000,
    "costOfRevenue": 321925000,
    "grossProfit": 955308000,
    "grossProfitRatio": 0.7479512352,
    "researchAndDevelopmentExpenses": 0,
    "generalAndAdministrativeExpenses": 73823000,
    "sellingAndMarketingExpenses": 0,
    "sellingGeneralAndAdministrativeExpenses": 73823000,
    "otherExpenses": -326788000,
    "operatingExpenses": -252965000,
    "costAndExpenses": 68960000,
    "interestIncome": 0,
    "interestExpense": 62897000,
    "depreciationAndAmortization": 396825000,
    "ebitda": 1784352000,
    "ebitdaratio": 1.3970450184,
    "operatingIncome": 1208273000,
    "operatingIncomeRatio": 0.9460082851,
    "totalOtherIncomeExpensesNet": 132491000,
    "incomeBeforeTax": 1340764000,
    "incomeBeforeTaxRatio": 1.0497411201,
    "incomeTaxExpense": 39911000,
    "netIncome": 1248662000,
    "netIncomeRatio": 0.9776305498,
    "eps": 1.76,
    "epsdiluted": 1.7,
    "weightedAverageShsOut": 739363000,
    "weightedAverageShsOutDil": 764762000,
    "link": "https://www.sec.gov/Archives/edgar/data/1045609/000156459022004436/0001564590-22-004436-index.htm",
    "finalLink": "https://www.sec.gov/Archives/edgar/data/1045609/000156459022004436/pld-10k_20211231.htm"
  },
  {
    "date": "2021-09-30",
    "symbol": "PLD",
    "reportedCurrency": "USD",
    "cik": "0001045609",
    "fillingDate": "2021-10-26",
    "acceptedDate": "2021-10-26 17:02:05",
    "calendarYear": "2021",
    "period": "Q3",
    "revenue": 1183049000,
    "costOfRevenue": 308996000,
    "grossProfit": 874053000,
    "grossProfitRatio": 0.7388138615,
    "researchAndDevelopmentExpenses": 0,
    "generalAndAdministrativeExpenses": 66970000,
    "sellingAndMarketingExpenses": 0,
    "sellingGeneralAndAdministrativeExpenses": 66970000,
    "otherExpenses": 41423000,
    "operatingExpenses": 108393000,
    "costAndExpenses": 417389000,
    "interestIncome": 0,
    "interestExpense": 63638000,
    "depreciationAndAmortization": 390806000,
    "ebitda": 1311610000,
    "ebitdaratio": 1.1086692098,
    "operatingIncome": 765660000,
    "operatingIncomeRatio": 0.6471921281,
    "totalOtherIncomeExpensesNet": 91506000,
    "incomeBeforeTax": 857166000,
    "incomeBeforeTaxRatio": 0.7245397274,
    "incomeTaxExpense": 59435000,
    "netIncome": 723538000,
    "netIncomeRatio": 0.6115875167,
    "eps": 0.98,
    "epsdiluted": 0.97,
    "weightedAverageShsOut": 739439000,
    "weightedAverageShsOutDil": 764945000,
    "link": "https://www.sec.gov/Archives/edgar/data/1045609/000156459021052041/0001564590-21-052041-index.htm",
    "finalLink": "https://www.sec.gov/Archives/edgar/data/1045609/000156459021052041/pld-10q_20210930.htm"
  },
  {
    "date": "2021-06-30",
    "symbol": "PLD",
    "reportedCurrency": "USD",
    "cik": "0001045609",
    "fillingDate": "2021-07-27",
    "acceptedDate": "2021-07-27 16:50:52",
    "calendarYear": "2021",
    "period": "Q2",
    "revenue": 1150842000,
    "costOfRevenue": 290232000,
    "grossProfit": 860610000,
    "grossProfitRatio": 0.7478089955,
    "researchAndDevelopmentExpenses": 0,
    "generalAndAdministrativeExpenses": 74342000,
    "sellingAndMarketingExpenses": 0,
    "sellingGeneralAndAdministrativeExpenses": 74342000,
    "otherExpenses": 85402000,
    "operatingExpenses": 159744000,
    "costAndExpenses": 449976000,
    "interestIncome": 715000,
    "interestExpense": 68412000,
    "depreciationAndAmortization": 392736000,
    "ebitda": 1160656000,
    "ebitdaratio": 1.0085276693,
    "operatingIncome": 700866000,
    "operatingIncomeRatio": 0.6090027997,
    "totalOtherIncomeExpensesNet": -1358000,
    "incomeBeforeTax": 699508000,
    "incomeBeforeTaxRatio": 0.6078227941,
    "incomeTaxExpense": 49195000,
    "netIncome": 600176000,
    "netIncomeRatio": 0.5215103376,
    "eps": 0.81,
    "epsdiluted": 0.81,
    "weightedAverageShsOut": 739190000,
    "weightedAverageShsOutDil": 764652000,
    "link": "https://www.sec.gov/Archives/edgar/data/1045609/000156459021038308/0001564590-21-038308-index.htm",
    "finalLink": "https://www.sec.gov/Archives/edgar/data/1045609/000156459021038308/pld-10q_20210630.htm"
  },
  {
    "date": "2021-03-31",
    "symbol": "PLD",
    "reportedCurrency": "USD",
    "cik": "0001045609",
    "fillingDate": "2021-04-27",
    "acceptedDate": "2021-04-27 16:15:17",
    "calendarYear": "2021",
    "period": "Q1",
    "revenue": 1148316000,
    "costOfRevenue": 327334000,
    "grossProfit": 820982000,
    "grossProfitRatio": 0.7149443185,
    "researchAndDevelopmentExpenses": 0,
    "generalAndAdministrativeExpenses": 78032000,
    "sellingAndMarketingExpenses": 0,
    "sellingGeneralAndAdministrativeExpenses": 78032000,
    "otherExpenses": 210753000,
    "operatingExpenses": 288785000,
    "costAndExpenses": 616119000,
    "interestIncome": 4746000,
    "interestExpense": 71000000,
    "depreciationAndAmortization": 397575000,
    "ebitda": 893985000,
    "ebitdaratio": 0.7785182824,
    "operatingIncome": 532197000,
    "operatingIncomeRatio": 0.4634586647,
    "totalOtherIncomeExpensesNet": -106787000,
    "incomeBeforeTax": 425410000,
    "incomeBeforeTaxRatio": 0.3704642276,
    "incomeTaxExpense": 25717000,
    "netIncome": 367347000,
    "netIncomeRatio": 0.3199006197,
    "eps": 0.5,
    "epsdiluted": 0.49,
    "weightedAverageShsOut": 738998000,
    "weightedAverageShsOutDil": 764958000,
    "link": "https://www.sec.gov/Archives/edgar/data/1045609/000156459021020897/0001564590-21-020897-index.htm",
    "finalLink": "https://www.sec.gov/Archives/edgar/data/1045609/000156459021020897/pld-10q_20210331.htm"
  },
  {
    "date": "2020-12-31",
    "symbol": "PLD",
    "reportedCurrency": "USD",
    "cik": "0001045609",
    "fillingDate": "2021-02-11",
    "acceptedDate": "2021-02-10 17:36:58",
    "calendarYear": "2020",
    "period": "Q4",
    "revenue": 1111597000,
    "costOfRevenue": 290977000,
    "grossProfit": 820620000,
    "grossProfitRatio": 0.7382351698,
    "researchAndDevelopmentExpenses": 0,
    "generalAndAdministrativeExpenses": 66144000,
    "sellingAndMarketingExpenses": 0,
    "sellingGeneralAndAdministrativeExpenses": 66144000,
    "otherExpenses": 272096000,
    "operatingExpenses": 338240000,
    "costAndExpenses": 629217000,
    "interestIncome": 0,
    "interestExpense": 70985000,
    "depreciationAndAmortization": 417066000,
    "ebitda": 823391000,
    "ebitdaratio": 0.7407279797,
    "operatingIncome": 482380000,
    "operatingIncomeRatio": 0.4339522327,
    "totalOtherIncomeExpensesNet": -133493000,
    "incomeBeforeTax": 348887000,
    "incomeBeforeTaxRatio": 0.3138610486,
    "incomeTaxExpense": 40880000,
    "netIncome": 281894000,
    "netIncomeRatio": 0.2535937035,
    "eps": 0,
    "epsdiluted": 0.4,
    "weightedAverageShsOut": 728323000,
    "weightedAverageShsOutDil": 754414000,
    "link": "https://www.sec.gov/Archives/edgar/data/1045609/000156459021005312/0001564590-21-005312-index.htm",
    "finalLink": "https://www.sec.gov/Archives/edgar/data/1045609/000156459021005312/pld-10k_20201231.htm"
  },
  {
    "date": "2020-09-30",
    "symbol": "PLD",
    "reportedCurrency": "USD",
    "cik": "0001045609",
    "fillingDate": "2020-10-28",
    "acceptedDate": "2020-10-27 18:18:15",
    "calendarYear": "2020",
    "period": "Q3",
    "revenue": 1082773000,
    "costOfRevenue": 291281000,
    "grossProfit": 791492000,
    "grossProfitRatio": 0.7309860885,
    "researchAndDevelopmentExpenses": 0,
    "generalAndAdministrativeExpenses": 74348000,
    "sellingAndMarketingExpenses": 0,
    "sellingGeneralAndAdministrativeExpenses": 74348000,
    "otherExpenses": 160624000,
    "operatingExpenses": 234972000,
    "costAndExpenses": 526253000,
    "interestIncome": 0,
    "interestExpense": 86577000,
    "depreciationAndAmortization": 400738000,
    "ebitda": 831990000,
    "ebitdaratio": 0.7683882033,
    "operatingIncome": 556520000,
    "operatingIncomeRatio": 0.5139766138,
    "totalOtherIncomeExpensesNet": -211845000,
    "incomeBeforeTax": 344675000,
    "incomeBeforeTaxRatio": 0.3183261866,
    "incomeTaxExpense": 12154000,
    "netIncome": 302694000,
    "netIncomeRatio": 0.2795544403,
    "eps": 0.4,
    "epsdiluted": 0.4,
    "weightedAverageShsOut": 738194000,
    "weightedAverageShsOutDil": 764619000,
    "link": "https://www.sec.gov/Archives/edgar/data/1045609/000156459020048084/0001564590-20-048084-index.htm",
    "finalLink": "https://www.sec.gov/Archives/edgar/data/1045609/000156459020048084/pld-10q_20200930.htm"
  },
  {
    "date": "2020-06-30",
    "symbol": "PLD",
    "reportedCurrency": "USD",
    "cik": "0001045609",
    "fillingDate": "2020-07-28",
    "acceptedDate": "2020-07-28 16:35:34",
    "calendarYear": "2020",
    "period": "Q2",
    "revenue": 1266124000,
    "costOfRevenue": 313654000,
    "grossProfit": 952470000,
    "grossProfitRatio": 0.7522722893,
    "researchAndDevelopmentExpenses": 0,
    "generalAndAdministrativeExpenses": 64664000,
    "sellingAndMarketingExpenses": 0,
    "sellingGeneralAndAdministrativeExpenses": 64664000,
    "otherExpenses": 275819000,
    "operatingExpenses": 340483000,
    "costAndExpenses": 654137000,
    "interestIncome": 1027000,
    "interestExpense": 81298000,
    "depreciationAndAmortization": 398195000,
    "ebitda": 980942000,
    "ebitdaratio": 0.7747598182,
    "operatingIncome": 611987000,
    "operatingIncomeRatio": 0.4833547109,
    "totalOtherIncomeExpensesNet": -110538000,
    "incomeBeforeTax": 501449000,
    "incomeBeforeTaxRatio": 0.3960504658,
    "incomeTaxExpense": 46511000,
    "netIncome": 406173000,
    "netIncomeRatio": 0.3208003324,
    "eps": 0.55,
    "epsdiluted": 0.54,
    "weightedAverageShsOut": 737992000,
    "weightedAverageShsOutDil": 765830000,
    "link": "https://www.sec.gov/Archives/edgar/data/1045609/000156459020033912/0001564590-20-033912-index.htm",
    "finalLink": "https://www.sec.gov/Archives/edgar/data/1045609/000156459020033912/pld-10q_20200630.htm"
  },
  {
    "date": "2020-03-31",
    "symbol": "PLD",
    "reportedCurrency": "USD",
    "cik": "0001045609",
    "fillingDate": "2020-05-01",
    "acceptedDate": "2020-04-30 19:35:03",
    "calendarYear": "2020",
    "period": "Q1",
    "revenue": 978241000,
    "costOfRevenue": 274192000,
    "grossProfit": 704049000,
    "grossProfitRatio": 0.7197091514,
    "researchAndDevelopmentExpenses": 0,
    "generalAndAdministrativeExpenses": 69689000,
    "sellingAndMarketingExpenses": 0,
    "sellingGeneralAndAdministrativeExpenses": 69689000,
    "otherExpenses": 166303000,
    "operatingExpenses": 235992000,
    "costAndExpenses": 510184000,
    "interestIncome": 370000,
    "interestExpense": 76000000,
    "depreciationAndAmortization": 345970000,
    "ebitda": 974047000,
    "ebitdaratio": 0.9957127129,
    "operatingIncome": 468057000,
    "operatingIncomeRatio": 0.4784679849,
    "totalOtherIncomeExpensesNet": 84020000,
    "incomeBeforeTax": 552077000,
    "incomeBeforeTaxRatio": 0.5643568405,
    "incomeTaxExpense": 30913000,
    "netIncome": 491053000,
    "netIncomeRatio": 0.5019754846,
    "eps": 0.7,
    "epsdiluted": 0.7,
    "weightedAverageShsOut": 698272000,
    "weightedAverageShsOutDil": 723983000,
    "link": "https://www.sec.gov/Archives/edgar/data/1045609/000156459020020301/0001564590-20-020301-index.htm",
    "finalLink": "https://www.sec.gov/Archives/edgar/data/1045609/000156459020020301/pld-10q_20200331.htm"
  },
  {
    "date": "2019-12-31",
    "symbol": "PLD",
    "reportedCurrency": "USD",
    "cik": "0001045609",
    "fillingDate": "2020-02-11",
    "acceptedDate": "2020-02-10 19:43:14",
    "calendarYear": "2019",
    "period": "Q4",
    "revenue": 826016000,
    "costOfRevenue": 230189000,
    "grossProfit": 595827000,
    "grossProfitRatio": 0.7213262213,
    "researchAndDevelopmentExpenses": 0,
    "generalAndAdministrativeExpenses": 65542000,
    "sellingAndMarketingExpenses": 0,
    "sellingGeneralAndAdministrativeExpenses": 65542000,
    "otherExpenses": -29355000,
    "operatingExpenses": 36187000,
    "costAndExpenses": 266376000,
    "interestIncome": 11337000,
    "interestExpense": 46660000,
    "depreciationAndAmortization": 289240000,
    "ebitda": 783429000,
    "ebitdaratio": 0.9484428873,
    "operatingIncome": 559640000,
    "operatingIncomeRatio": 0.6775171425,
    "totalOtherIncomeExpensesNet": -112111000,
    "incomeBeforeTax": 447529000,
    "incomeBeforeTaxRatio": 0.5417921687,
    "incomeTaxExpense": 21287000,
    "netIncome": 386991000,
    "netIncomeRatio": 0.4685030314,
    "eps": 0.6,
    "epsdiluted": 0,
    "weightedAverageShsOut": 630580000,
    "weightedAverageShsOutDil": 654903000,
    "link": "https://www.sec.gov/Archives/edgar/data/1045609/000156459020004096/0001564590-20-004096-index.htm",
    "finalLink": "https://www.sec.gov/Archives/edgar/data/1045609/000156459020004096/pld-10k_20191231.htm"
  },
  {
    "date": "2019-09-30",
    "symbol": "PLD",
    "reportedCurrency": "USD",
    "cik": "0001045609",
    "fillingDate": "2019-10-21",
    "acceptedDate": "2019-10-21 16:07:45",
    "calendarYear": "2019",
    "period": "Q3",
    "revenue": 942181000,
    "costOfRevenue": 244268000,
    "grossProfit": 697913000,
    "grossProfitRatio": 0.7407419593,
    "researchAndDevelopmentExpenses": 0,
    "generalAndAdministrativeExpenses": 65199000,
    "sellingAndMarketingExpenses": 0,
    "sellingGeneralAndAdministrativeExpenses": 65199000,
    "otherExpenses": 161234000,
    "operatingExpenses": 226433000,
    "costAndExpenses": 470701000,
    "interestIncome": 654000,
    "interestExpense": 60244000,
    "depreciationAndAmortization": 282254000,
    "ebitda": 846597000,
    "ebitdaratio": 0.8985502786,
    "operatingIncome": 471480000,
    "operatingIncomeRatio": 0.5004134025,
    "totalOtherIncomeExpensesNet": 32619000,
    "incomeBeforeTax": 504099000,
    "incomeBeforeTaxRatio": 0.5350341389,
    "incomeTaxExpense": 13086000,
    "netIncome": 452146000,
    "netIncomeRatio": 0.4798929293,
    "eps": 0.71,
    "epsdiluted": 0.71,
    "weightedAverageShsOut": 630929000,
    "weightedAverageShsOutDil": 655259000,
    "link": "https://www.sec.gov/Archives/edgar/data/1045609/000156459019037228/0001564590-19-037228-index.htm",
    "finalLink": "https://www.sec.gov/Archives/edgar/data/1045609/000156459019037228/pld-10q_20190930.htm"
  },
  {
    "date": "2019-06-30",
    "symbol": "PLD",
    "reportedCurrency": "USD",
    "cik": "0001045609",
    "fillingDate": "2019-07-22",
    "acceptedDate": "2019-07-19 18:47:23",
    "calendarYear": "2019",
    "period": "Q2",
    "revenue": 790372000,
    "costOfRevenue": 218344000,
    "grossProfit": 572028000,
    "grossProfitRatio": 0.7237452744,
    "researchAndDevelopmentExpenses": 0,
    "generalAndAdministrativeExpenses": 66276000,
    "sellingAndMarketingExpenses": 0,
    "sellingGeneralAndAdministrativeExpenses": 66276000,
    "otherExpenses": 63696000,
    "operatingExpenses": 129972000,
    "costAndExpenses": 348316000,
    "interestIncome": 4312000,
    "interestExpense": 59122000,
    "depreciationAndAmortization": 284376000,
    "ebitda": 780956000,
    "ebitdaratio": 0.9880866225,
    "operatingIncome": 442056000,
    "operatingIncomeRatio": 0.5593011898,
    "totalOtherIncomeExpensesNet": -4598000,
    "incomeBeforeTax": 437458000,
    "incomeBeforeTaxRatio": 0.553483676,
    "incomeTaxExpense": 26632000,
    "netIncome": 385276000,
    "netIncomeRatio": 0.4874616004,
    "eps": 0.61,
    "epsdiluted": 0.6,
    "weightedAverageShsOut": 630271000,
    "weightedAverageShsOutDil": 655447000,
    "link": "https://www.sec.gov/Archives/edgar/data/1045609/000156459019025364/0001564590-19-025364-index.htm",
    "finalLink": "https://www.sec.gov/Archives/edgar/data/1045609/000156459019025364/pld-10q_20190630.htm"
  },
  {
    "date": "2019-03-31",
    "symbol": "PLD",
    "reportedCurrency": "USD",
    "cik": "0001045609",
    "fillingDate": "2019-04-23",
    "acceptedDate": "2019-04-22 20:59:28",
    "calendarYear": "2019",
    "period": "Q1",
    "revenue": 772052000,
    "costOfRevenue": 226126000,
    "grossProfit": 545926000,
    "grossProfitRatio": 0.7071104019,
    "researchAndDevelopmentExpenses": 0,
    "generalAndAdministrativeExpenses": 69701000,
    "sellingAndMarketingExpenses": 0,
    "sellingGeneralAndAdministrativeExpenses": 69701000,
    "otherExpenses": 99635000,
    "operatingExpenses": 169336000,
    "costAndExpenses": 395462000,
    "interestIncome": 7910000,
    "interestExpense": 61000000,
    "depreciationAndAmortization": 284009000,
    "ebitda": 732286000,
    "ebitdaratio": 0.9484931067,
    "operatingIncome": 376590000,
    "operatingIncomeRatio": 0.4877780253,
    "totalOtherIncomeExpensesNet": 10687000,
    "incomeBeforeTax": 387277000,
    "incomeBeforeTaxRatio": 0.5016203572,
    "incomeTaxExpense": 13512000,
    "netIncome": 348546000,
    "netIncomeRatio": 0.4514540471,
    "eps": 0.55,
    "epsdiluted": 0.55,
    "weightedAverageShsOut": 629676000,
    "weightedAverageShsOutDil": 654359000,
    "link": "https://www.sec.gov/Archives/edgar/data/1045609/000156459019012377/0001564590-19-012377-index.htm",
    "finalLink": "https://www.sec.gov/Archives/edgar/data/1045609/000156459019012377/pld-10q_20190331.htm"
  },
  {
    "date": "2018-12-31",
    "symbol": "PLD",
    "reportedCurrency": "USD",
    "cik": "0001045609",
    "fillingDate": "2019-02-13",
    "acceptedDate": "2019-02-13 17:31:20",
    "calendarYear": "2018",
    "period": "Q4",
    "revenue": 807085000,
    "costOfRevenue": 220134000,
    "grossProfit": 586951000,
    "grossProfitRatio": 0.7272480594,
    "researchAndDevelopmentExpenses": 0,
    "generalAndAdministrativeExpenses": 56698000,
    "sellingAndMarketingExpenses": 0,
    "sellingGeneralAndAdministrativeExpenses": 56698000,
    "otherExpenses": 289173000,
    "operatingExpenses": 345871000,
    "costAndExpenses": 566005000,
    "interestIncome": 5155000,
    "interestExpense": 48898000,
    "depreciationAndAmortization": 286758000,
    "ebitda": 1044864000,
    "ebitdaratio": 1.2946145697,
    "operatingIncome": 241080000,
    "operatingIncomeRatio": 0.2987045974,
    "totalOtherIncomeExpensesNet": 468128000,
    "incomeBeforeTax": 709208000,
    "incomeBeforeTaxRatio": 0.8787277672,
    "incomeTaxExpense": 18718000,
    "netIncome": 598060000,
    "netIncomeRatio": 0.7410124089,
    "eps": 0.97,
    "epsdiluted": 1.02,
    "weightedAverageShsOut": 567367000,
    "weightedAverageShsOutDil": 590239000,
    "link": "https://www.sec.gov/Archives/edgar/data/1045609/000156459019002872/0001564590-19-002872-index.htm",
    "finalLink": "https://www.sec.gov/Archives/edgar/data/1045609/000156459019002872/pld-10k_20181231.htm"
  },
  {
    "date": "2018-09-30",
    "symbol": "PLD",
    "reportedCurrency": "USD",
    "cik": "0001045609",
    "fillingDate": "2018-10-22",
    "acceptedDate": "2018-10-22 17:06:35",
    "calendarYear": "2018",
    "period": "Q3",
    "revenue": 682432000,
    "costOfRevenue": 182574000,
    "grossProfit": 499858000,
    "grossProfitRatio": 0.7324656523,
    "researchAndDevelopmentExpenses": 0,
    "generalAndAdministrativeExpenses": 62244000,
    "sellingAndMarketingExpenses": 0,
    "sellingGeneralAndAdministrativeExpenses": 62244000,
    "otherExpenses": 62035000,
    "operatingExpenses": 124279000,
    "costAndExpenses": 306853000,
    "interestIncome": 1891000,
    "interestExpense": 64186000,
    "depreciationAndAmortization": 252702000,
    "ebitda": 706364000,
    "ebitdaratio": 1.0350686955,
    "operatingIncome": 375579000,
    "operatingIncomeRatio": 0.5503537349,
    "totalOtherIncomeExpensesNet": 13897000,
    "incomeBeforeTax": 389476000,
    "incomeBeforeTaxRatio": 0.5707176686,
    "incomeTaxExpense": 13956000,
    "netIncome": 347836000,
    "netIncomeRatio": 0.5097006002,
    "eps": 0.6,
    "epsdiluted": 0.6,
    "weightedAverageShsOut": 574520000,
    "weightedAverageShsOutDil": 597647000,
    "link": "https://www.sec.gov/Archives/edgar/data/1045609/000156459018024639/0001564590-18-024639-index.htm",
    "finalLink": "https://www.sec.gov/Archives/edgar/data/1045609/000156459018024639/pld-10q_20180930.htm"
  },
  {
    "date": "2018-06-30",
    "symbol": "PLD",
    "reportedCurrency": "USD",
    "cik": "0001045609",
    "fillingDate": "2018-07-23",
    "acceptedDate": "2018-07-23 12:15:11",
    "calendarYear": "2018",
    "period": "Q2",
    "revenue": 621276000,
    "costOfRevenue": 168179000,
    "grossProfit": 453097000,
    "grossProfitRatio": 0.7293006651,
    "researchAndDevelopmentExpenses": 0,
    "generalAndAdministrativeExpenses": 57615000,
    "sellingAndMarketingExpenses": 0,
    "sellingGeneralAndAdministrativeExpenses": 57615000,
    "otherExpenses": 113927000,
    "operatingExpenses": 171542000,
    "costAndExpenses": 339721000,
    "interestIncome": 5641000,
    "interestExpense": 56314000,
    "depreciationAndAmortization": 203673000,
    "ebitda": 639082000,
    "ebitdaratio": 1.0286603699,
    "operatingIncome": 281555000,
    "operatingIncomeRatio": 0.453188277,
    "totalOtherIncomeExpensesNet": 97540000,
    "incomeBeforeTax": 379095000,
    "incomeBeforeTaxRatio": 0.6101877426,
    "incomeTaxExpense": 14104000,
    "netIncome": 336087000,
    "netIncomeRatio": 0.5409624708,
    "eps": 0.63,
    "epsdiluted": 0.62,
    "weightedAverageShsOut": 532639000,
    "weightedAverageShsOutDil": 554515000,
    "link": "https://www.sec.gov/Archives/edgar/data/1045609/000156459018017136/0001564590-18-017136-index.htm",
    "finalLink": "https://www.sec.gov/Archives/edgar/data/1045609/000156459018017136/pld-10q_20180630.htm"
  },
  {
    "date": "2018-03-31",
    "symbol": "PLD",
    "reportedCurrency": "USD",
    "cik": "0001045609",
    "fillingDate": "2018-04-24",
    "acceptedDate": "2018-04-23 20:47:45",
    "calendarYear": "2018",
    "period": "Q1",
    "revenue": 693656000,
    "costOfRevenue": 186801000,
    "grossProfit": 506855000,
    "grossProfitRatio": 0.7307008085,
    "researchAndDevelopmentExpenses": 0,
    "generalAndAdministrativeExpenses": 62428000,
    "sellingAndMarketingExpenses": 0,
    "sellingGeneralAndAdministrativeExpenses": 62428000,
    "otherExpenses": 12209000,
    "operatingExpenses": 74637000,
    "costAndExpenses": 261438000,
    "interestIncome": 1976000,
    "interestExpense": 47000000,
    "depreciationAndAmortization": 204081000,
    "ebitda": 659592000,
    "ebitdaratio": 0.9508920848,
    "operatingIncome": 432218000,
    "operatingIncomeRatio": 0.6231013644,
    "totalOtherIncomeExpensesNet": -23707000,
    "incomeBeforeTax": 408511000,
    "incomeBeforeTaxRatio": 0.5889244813,
    "incomeTaxExpense": 16552000,
    "netIncome": 367378000,
    "netIncomeRatio": 0.5296256358,
    "eps": 0.69,
    "epsdiluted": 0.68,
    "weightedAverageShsOut": 532185000,
    "weightedAverageShsOutDil": 554123000,
    "link": "https://www.sec.gov/Archives/edgar/data/1045609/000156459018008789/0001564590-18-008789-index.htm",
    "finalLink": "https://www.sec.gov/Archives/edgar/data/1045609/000156459018008789/pld-10q_20180331.htm"
  },
  {
    "date": "2017-12-31",
    "symbol": "PLD",
    "reportedCurrency": "USD",
    "cik": "0001045609",
    "fillingDate": "2018-02-15",
    "acceptedDate": "2018-02-15 16:57:10",
    "calendarYear": "2017",
    "period": "Q4",
    "revenue": 619922000,
    "costOfRevenue": 175698000,
    "grossProfit": 444224000,
    "grossProfitRatio": 0.716580473,
    "researchAndDevelopmentExpenses": 0,
    "generalAndAdministrativeExpenses": 59709000,
    "sellingAndMarketingExpenses": 0,
    "sellingGeneralAndAdministrativeExpenses": 59709000,
    "otherExpenses": 226098000,
    "operatingExpenses": 285807000,
    "costAndExpenses": 461505000,
    "interestIncome": 4238000,
    "interestExpense": 48007000,
    "depreciationAndAmortization": 222501000,
    "ebitda": 621662000,
    "ebitdaratio": 1.0028068047,
    "operatingIncome": 158417000,
    "operatingIncomeRatio": 0.2555434393,
    "totalOtherIncomeExpensesNet": 192737000,
    "incomeBeforeTax": 351154000,
    "incomeBeforeTaxRatio": 0.5664486823,
    "incomeTaxExpense": 12281000,
    "netIncome": 300886000,
    "netIncomeRatio": 0.4853610616,
    "eps": 0.55,
    "epsdiluted": 0.62,
    "weightedAverageShsOut": 530400000,
    "weightedAverageShsOutDil": 552300000,
    "link": "https://www.sec.gov/Archives/edgar/data/1045609/000156459018002228/0001564590-18-002228-index.htm",
    "finalLink": "https://www.sec.gov/Archives/edgar/data/1045609/000156459018002228/pld-10k_20171231.htm"
  },
  {
    "date": "2017-09-30",
    "symbol": "PLD",
    "reportedCurrency": "USD",
    "cik": "0001045609",
    "fillingDate": "2017-10-27",
    "acceptedDate": "2017-10-27 17:20:30",
    "calendarYear": "2017",
    "period": "Q3",
    "revenue": 602874000,
    "costOfRevenue": 164731000,
    "grossProfit": 438143000,
    "grossProfitRatio": 0.7267571665,
    "researchAndDevelopmentExpenses": 0,
    "generalAndAdministrativeExpenses": 57656000,
    "sellingAndMarketingExpenses": 0,
    "sellingGeneralAndAdministrativeExpenses": 57656000,
    "otherExpenses": 204996000,
    "operatingExpenses": 262652000,
    "costAndExpenses": 427383000,
    "interestIncome": 4816000,
    "interestExpense": 64190000,
    "depreciationAndAmortization": 201903000,
    "ebitda": 1197457000,
    "ebitdaratio": 1.9862475409,
    "operatingIncome": 175491000,
    "operatingIncomeRatio": 0.2910906757,
    "totalOtherIncomeExpensesNet": 755873000,
    "incomeBeforeTax": 931364000,
    "incomeBeforeTaxRatio": 1.5448733898,
    "incomeTaxExpense": 17947000,
    "netIncome": 877893000,
    "netIncomeRatio": 1.4561798983,
    "eps": 1.65,
    "epsdiluted": 1.63,
    "weightedAverageShsOut": 531288000,
    "weightedAverageShsOutDil": 554163000,
    "link": "https://www.sec.gov/Archives/edgar/data/1045609/000156459017020304/0001564590-17-020304-index.htm",
    "finalLink": "https://www.sec.gov/Archives/edgar/data/1045609/000156459017020304/pld-10q_20170930.htm"
  },
  {
    "date": "2017-06-30",
    "symbol": "PLD",
    "reportedCurrency": "USD",
    "cik": "0001045609",
    "fillingDate": "2017-07-27",
    "acceptedDate": "2017-07-26 18:07:28",
    "calendarYear": "2017",
    "period": "Q2",
    "revenue": 766183000,
    "costOfRevenue": 199780000,
    "grossProfit": 566403000,
    "grossProfitRatio": 0.7392528939,
    "researchAndDevelopmentExpenses": 0,
    "generalAndAdministrativeExpenses": 60077000,
    "sellingAndMarketingExpenses": 0,
    "sellingGeneralAndAdministrativeExpenses": 60077000,
    "otherExpenses": 231054000,
    "operatingExpenses": 291131000,
    "costAndExpenses": 490911000,
    "interestIncome": 1892000,
    "interestExpense": 75354000,
    "depreciationAndAmortization": 228145000,
    "ebitda": 606260000,
    "ebitdaratio": 0.7912731032,
    "operatingIncome": 275272000,
    "operatingIncomeRatio": 0.3592770918,
    "totalOtherIncomeExpensesNet": 27489000,
    "incomeBeforeTax": 302761000,
    "incomeBeforeTaxRatio": 0.3951549434,
    "incomeTaxExpense": 14781000,
    "netIncome": 268617000,
    "netIncomeRatio": 0.3505911773,
    "eps": 0.5,
    "epsdiluted": 0.5,
    "weightedAverageShsOut": 530040000,
    "weightedAverageShsOutDil": 552114000,
    "link": "https://www.sec.gov/Archives/edgar/data/1045609/000156459017014117/0001564590-17-014117-index.htm",
    "finalLink": "https://www.sec.gov/Archives/edgar/data/1045609/000156459017014117/pld-10q_20170630.htm"
  },
  {
    "date": "2017-03-31",
    "symbol": "PLD",
    "reportedCurrency": "USD",
    "cik": "0001045609",
    "fillingDate": "2017-04-25",
    "acceptedDate": "2017-04-25 17:22:45",
    "calendarYear": "2017",
    "period": "Q1",
    "revenue": 629155000,
    "costOfRevenue": 184455000,
    "grossProfit": 444700000,
    "grossProfitRatio": 0.7068210536,
    "researchAndDevelopmentExpenses": 0,
    "generalAndAdministrativeExpenses": 53617000,
    "sellingAndMarketingExpenses": 0,
    "sellingGeneralAndAdministrativeExpenses": 53617000,
    "otherExpenses": 229197000,
    "operatingExpenses": 282814000,
    "costAndExpenses": 467269000,
    "interestIncome": 2785000,
    "interestExpense": 73000000,
    "depreciationAndAmortization": 226591000,
    "ebitda": 529880000,
    "ebitdaratio": 0.8422089946,
    "operatingIncome": 161886000,
    "operatingIncomeRatio": 0.2573070229,
    "totalOtherIncomeExpensesNet": 68403000,
    "incomeBeforeTax": 230289000,
    "incomeBeforeTaxRatio": 0.3660290389,
    "incomeTaxExpense": 9600000,
    "netIncome": 204929000,
    "netIncomeRatio": 0.3257210067,
    "eps": 0.38,
    "epsdiluted": 0.38,
    "weightedAverageShsOut": 528721000,
    "weightedAverageShsOutDil": 550010000,
    "link": "https://www.sec.gov/Archives/edgar/data/1045609/000156459017007156/0001564590-17-007156-index.htm",
    "finalLink": "https://www.sec.gov/Archives/edgar/data/1045609/000156459017007156/pld-10q_20170331.htm"
  },
  {
    "date": "2016-12-31",
    "symbol": "PLD",
    "reportedCurrency": "USD",
    "cik": "0001045609",
    "fillingDate": "2017-02-15",
    "acceptedDate": "2017-02-14 18:08:50",
    "calendarYear": "2016",
    "period": "Q4",
    "revenue": 620115000,
    "costOfRevenue": 171773000,
    "grossProfit": 448342000,
    "grossProfitRatio": 0.7229981536,
    "researchAndDevelopmentExpenses": 0,
    "generalAndAdministrativeExpenses": 56433000,
    "sellingAndMarketingExpenses": 0,
    "sellingGeneralAndAdministrativeExpenses": 56433000,
    "otherExpenses": 227701000,
    "operatingExpenses": 284134000,
    "costAndExpenses": 455907000,
    "interestIncome": 1050000,
    "interestExpense": 65687000,
    "depreciationAndAmortization": 225736000,
    "ebitda": 776091000,
    "ebitdaratio": 1.2515275392,
    "operatingIncome": 164208000,
    "operatingIncomeRatio": 0.2648024963,
    "totalOtherIncomeExpensesNet": 320460000,
    "incomeBeforeTax": 484668000,
    "incomeBeforeTaxRatio": 0.7815776106,
    "incomeTaxExpense": 17966000,
    "netIncome": 442197000,
    "netIncomeRatio": 0.7130887013,
    "eps": 0.83,
    "epsdiluted": 0.86,
    "weightedAverageShsOut": 526103000,
    "weightedAverageShsOutDil": 546666000,
    "link": "https://www.sec.gov/Archives/edgar/data/1045609/000156459017001559/0001564590-17-001559-index.htm",
    "finalLink": "https://www.sec.gov/Archives/edgar/data/1045609/000156459017001559/pld-10k_20161231.htm"
  },
  {
    "date": "2016-09-30",
    "symbol": "PLD",
    "reportedCurrency": "USD",
    "cik": "0001045609",
    "fillingDate": "2016-11-03",
    "acceptedDate": "2016-11-02 19:45:17",
    "calendarYear": "2016",
    "period": "Q3",
    "revenue": 704565000,
    "costOfRevenue": 185138000,
    "grossProfit": 519427000,
    "grossProfitRatio": 0.7372307736,
    "researchAndDevelopmentExpenses": 0,
    "generalAndAdministrativeExpenses": 58157000,
    "sellingAndMarketingExpenses": 0,
    "sellingGeneralAndAdministrativeExpenses": 58157000,
    "otherExpenses": 228646000,
    "operatingExpenses": 286803000,
    "costAndExpenses": 471941000,
    "interestIncome": 2932000,
    "interestExpense": 75310000,
    "depreciationAndAmortization": 224867000,
    "ebitda": 623338000,
    "ebitdaratio": 0.8847132628,
    "operatingIncome": 232624000,
    "operatingIncomeRatio": 0.3301668405,
    "totalOtherIncomeExpensesNet": 90537000,
    "incomeBeforeTax": 323161000,
    "incomeBeforeTaxRatio": 0.4586674047,
    "incomeTaxExpense": 15919000,
    "netIncome": 280926000,
    "netIncomeRatio": 0.3987226161,
    "eps": 0.53,
    "epsdiluted": 0.52,
    "weightedAverageShsOut": 527288000,
    "weightedAverageShsOutDil": 547200000,
    "link": "https://www.sec.gov/Archives/edgar/data/1045609/000156459016027106/0001564590-16-027106-index.htm",
    "finalLink": "https://www.sec.gov/Archives/edgar/data/1045609/000156459016027106/pld-10q_20160930.htm"
  },
  {
    "date": "2016-06-30",
    "symbol": "PLD",
    "reportedCurrency": "USD",
    "cik": "0001045609",
    "fillingDate": "2016-07-29",
    "acceptedDate": "2016-07-28 19:44:43",
    "calendarYear": "2016",
    "period": "Q2",
    "revenue": 602155000,
    "costOfRevenue": 168591000,
    "grossProfit": 433564000,
    "grossProfitRatio": 0.7200205927,
    "researchAndDevelopmentExpenses": 0,
    "generalAndAdministrativeExpenses": 56934000,
    "sellingAndMarketingExpenses": 0,
    "sellingGeneralAndAdministrativeExpenses": 56934000,
    "otherExpenses": 234282000,
    "operatingExpenses": 291216000,
    "costAndExpenses": 459807000,
    "interestIncome": 1527000,
    "interestExpense": 76455000,
    "depreciationAndAmortization": 230382000,
    "ebitda": 607770000,
    "ebitdaratio": 1.0093248416,
    "operatingIncome": 142348000,
    "operatingIncomeRatio": 0.2363976053,
    "totalOtherIncomeExpensesNet": 158585000,
    "incomeBeforeTax": 300933000,
    "incomeBeforeTaxRatio": 0.4997600286,
    "incomeTaxExpense": 5142000,
    "netIncome": 277079000,
    "netIncomeRatio": 0.4601456436,
    "eps": 0.52,
    "epsdiluted": 0.52,
    "weightedAverageShsOut": 524842000,
    "weightedAverageShsOutDil": 545388000,
    "link": "https://www.sec.gov/Archives/edgar/data/1045609/000156459016021720/0001564590-16-021720-index.htm",
    "finalLink": "https://www.sec.gov/Archives/edgar/data/1045609/000156459016021720/pld-10q_20160630.htm"
  },
  {
    "date": "2016-03-31",
    "symbol": "PLD",
    "reportedCurrency": "USD",
    "cik": "0001045609",
    "fillingDate": "2016-05-06",
    "acceptedDate": "2016-05-06 16:16:51",
    "calendarYear": "2016",
    "period": "Q1",
    "revenue": 606300000,
    "costOfRevenue": 171874000,
    "grossProfit": 434426000,
    "grossProfitRatio": 0.7165198746,
    "researchAndDevelopmentExpenses": 0,
    "generalAndAdministrativeExpenses": 50543000,
    "sellingAndMarketingExpenses": 0,
    "sellingGeneralAndAdministrativeExpenses": 50543000,
    "otherExpenses": 254685000,
    "operatingExpenses": 305228000,
    "costAndExpenses": 477102000,
    "interestIncome": 2591000,
    "interestExpense": 81000000,
    "depreciationAndAmortization": 250000000,
    "ebitda": 569342000,
    "ebitdaratio": 0.9390433779,
    "operatingIncome": 129198000,
    "operatingIncomeRatio": 0.2130925285,
    "totalOtherIncomeExpensesNet": 109144000,
    "incomeBeforeTax": 238342000,
    "incomeBeforeTaxRatio": 0.3931090219,
    "incomeTaxExpense": 15537000,
    "netIncome": 209730000,
    "netIncomeRatio": 0.3459178624,
    "eps": 0.4,
    "epsdiluted": 0.39,
    "weightedAverageShsOut": 524205000,
    "weightedAverageShsOutDil": 543562000,
    "link": "https://www.sec.gov/Archives/edgar/data/1045609/000156459016018279/0001564590-16-018279-index.htm",
    "finalLink": "https://www.sec.gov/Archives/edgar/data/1045609/000156459016018279/pld-10q_20160331.htm"
  },
  {
    "date": "2015-12-31",
    "symbol": "PLD",
    "reportedCurrency": "USD",
    "cik": "0001045609",
    "fillingDate": "2016-02-19",
    "acceptedDate": "2016-02-19 16:15:11",
    "calendarYear": "2015",
    "period": "Q4",
    "revenue": 643201000,
    "costOfRevenue": 177004000,
    "grossProfit": 466197000,
    "grossProfitRatio": 0.7248076418,
    "researchAndDevelopmentExpenses": 0,
    "generalAndAdministrativeExpenses": 65509000,
    "sellingAndMarketingExpenses": 0,
    "sellingGeneralAndAdministrativeExpenses": 65509000,
    "otherExpenses": 295137000,
    "operatingExpenses": 360646000,
    "costAndExpenses": 537650000,
    "interestIncome": 6351000,
    "interestExpense": 79151000,
    "depreciationAndAmortization": 272906000,
    "ebitda": 480834000,
    "ebitdaratio": 0.7475641362,
    "operatingIncome": 105551000,
    "operatingIncomeRatio": 0.1641026678,
    "totalOtherIncomeExpensesNet": 23226000,
    "incomeBeforeTax": 128777000,
    "incomeBeforeTaxRatio": 0.2002126862,
    "incomeTaxExpense": 2020000,
    "netIncome": 119995000,
    "netIncomeRatio": 0.1865591005,
    "eps": 0.22,
    "epsdiluted": 0.22,
    "weightedAverageShsOut": 521241000,
    "weightedAverageShsOutDil": 533944000,
    "link": "https://www.sec.gov/Archives/edgar/data/1045609/000156459016012933/0001564590-16-012933-index.htm",
    "finalLink": "https://www.sec.gov/Archives/edgar/data/1045609/000156459016012933/pld-10k_20151231.htm"
  },
  {
    "date": "2015-09-30",
    "symbol": "PLD",
    "reportedCurrency": "USD",
    "cik": "0001045609",
    "fillingDate": "2015-11-02",
    "acceptedDate": "2015-10-30 17:50:16",
    "calendarYear": "2015",
    "period": "Q3",
    "revenue": 580622000,
    "costOfRevenue": 166816000,
    "grossProfit": 413806000,
    "grossProfitRatio": 0.7126943175,
    "researchAndDevelopmentExpenses": 0,
    "generalAndAdministrativeExpenses": 54178000,
    "sellingAndMarketingExpenses": 0,
    "sellingGeneralAndAdministrativeExpenses": 54178000,
    "otherExpenses": 256236000,
    "operatingExpenses": 310414000,
    "costAndExpenses": 477230000,
    "interestIncome": 6237000,
    "interestExpense": 81035000,
    "depreciationAndAmortization": 247471000,
    "ebitda": 650020000,
    "ebitdaratio": 1.1195235454,
    "operatingIncome": 103392000,
    "operatingIncomeRatio": 0.1780711031,
    "totalOtherIncomeExpensesNet": 218122000,
    "incomeBeforeTax": 321514000,
    "incomeBeforeTaxRatio": 0.5537406437,
    "incomeTaxExpense": 14328000,
    "netIncome": 260650000,
    "netIncomeRatio": 0.4489151289,
    "eps": 0.49,
    "epsdiluted": 0.49,
    "weightedAverageShsOut": 523528000,
    "weightedAverageShsOutDil": 532073000,
    "link": "https://www.sec.gov/Archives/edgar/data/1045609/000156459015009022/0001564590-15-009022-index.htm",
    "finalLink": "https://www.sec.gov/Archives/edgar/data/1045609/000156459015009022/pld-10q_20150930.htm"
  },
  {
    "date": "2015-06-30",
    "symbol": "PLD",
    "reportedCurrency": "USD",
    "cik": "0001045609",
    "fillingDate": "2015-07-31",
    "acceptedDate": "2015-07-31 17:23:51",
    "calendarYear": "2015",
    "period": "Q2",
    "revenue": 510404000,
    "costOfRevenue": 150767000,
    "grossProfit": 359637000,
    "grossProfitRatio": 0.7046124247,
    "researchAndDevelopmentExpenses": 0,
    "generalAndAdministrativeExpenses": 51974000,
    "sellingAndMarketingExpenses": 0,
    "sellingGeneralAndAdministrativeExpenses": 51974000,
    "otherExpenses": 220315000,
    "operatingExpenses": 272289000,
    "costAndExpenses": 423056000,
    "interestIncome": 1847000,
    "interestExpense": 68902000,
    "depreciationAndAmortization": 190188000,
    "ebitda": 404201000,
    "ebitdaratio": 0.7919236526,
    "operatingIncome": 87348000,
    "operatingIncomeRatio": 0.1711350225,
    "totalOtherIncomeExpensesNet": 57763000,
    "incomeBeforeTax": 145111000,
    "incomeBeforeTaxRatio": 0.2843061575,
    "incomeTaxExpense": 4851000,
    "netIncome": 141918000,
    "netIncomeRatio": 0.2780503288,
    "eps": 0.27,
    "epsdiluted": 0.27,
    "weightedAverageShsOut": 523476000,
    "weightedAverageShsOutDil": 530640000,
    "link": "https://www.sec.gov/Archives/edgar/data/1045609/000156459015005926/0001564590-15-005926-index.htm",
    "finalLink": "https://www.sec.gov/Archives/edgar/data/1045609/000156459015005926/pld-10q_20150630.htm"
  },
  {
    "date": "2015-03-31",
    "symbol": "PLD",
    "reportedCurrency": "USD",
    "cik": "0001045609",
    "fillingDate": "2015-05-04",
    "acceptedDate": "2015-05-01 19:05:14",
    "calendarYear": "2015",
    "period": "Q1",
    "revenue": 462847000,
    "costOfRevenue": 152277000,
    "grossProfit": 310570000,
    "grossProfitRatio": 0.6709992719,
    "researchAndDevelopmentExpenses": 0,
    "generalAndAdministrativeExpenses": 51306000,
    "sellingAndMarketingExpenses": 0,
    "sellingGeneralAndAdministrativeExpenses": 51306000,
    "otherExpenses": 175383000,
    "operatingExpenses": 226689000,
    "costAndExpenses": 378966000,
    "interestIncome": 11049000,
    "interestExpense": 66000000,
    "depreciationAndAmortization": 169808000,
    "ebitda": 589011000,
    "ebitdaratio": 1.2725825165,
    "operatingIncome": 83881000,
    "operatingIncomeRatio": 0.1812283541,
    "totalOtherIncomeExpensesNet": 269322000,
    "incomeBeforeTax": 353203000,
    "incomeBeforeTaxRatio": 0.7631096237,
    "incomeTaxExpense": 1891000,
    "netIncome": 346876000,
    "netIncomeRatio": 0.7494398797,
    "eps": 0.67,
    "epsdiluted": 0.65,
    "weightedAverageShsOut": 514022000,
    "weightedAverageShsOutDil": 529022000,
    "link": "https://www.sec.gov/Archives/edgar/data/1045609/000156459015003195/0001564590-15-003195-index.htm",
    "finalLink": "https://www.sec.gov/Archives/edgar/data/1045609/000156459015003195/pld-10q_20150331.htm"
  },
  {
    "date": "2014-12-31",
    "symbol": "PLD",
    "reportedCurrency": "USD",
    "cik": "0001045609",
    "fillingDate": "2015-02-25",
    "acceptedDate": "2015-02-25 16:33:25",
    "calendarYear": "2014",
    "period": "Q4",
    "revenue": 450865000,
    "costOfRevenue": 130424000,
    "grossProfit": 320441000,
    "grossProfitRatio": 0.7107249398,
    "researchAndDevelopmentExpenses": 0,
    "generalAndAdministrativeExpenses": 65987000,
    "sellingAndMarketingExpenses": 0,
    "sellingGeneralAndAdministrativeExpenses": 65987000,
    "otherExpenses": 179498000,
    "operatingExpenses": 245485000,
    "costAndExpenses": 375909000,
    "interestIncome": 6052000,
    "interestExpense": 70423000,
    "depreciationAndAmortization": 171402000,
    "ebitda": 669195000,
    "ebitdaratio": 1.4842469475,
    "operatingIncome": 74956000,
    "operatingIncomeRatio": 0.1662493208,
    "totalOtherIncomeExpensesNet": 352414000,
    "incomeBeforeTax": 427370000,
    "incomeBeforeTaxRatio": 0.9478890577,
    "incomeTaxExpense": -354000,
    "netIncome": 410287000,
    "netIncomeRatio": 0.9099996673,
    "eps": 0.82,
    "epsdiluted": 0.81,
    "weightedAverageShsOut": 499582998,
    "weightedAverageShsOutDil": 506390997,
    "link": "https://www.sec.gov/Archives/edgar/data/1045609/000119312515062622/0001193125-15-062622-index.htm",
    "finalLink": "https://www.sec.gov/Archives/edgar/data/1045609/000119312515062622/d834674d10k.htm"
  },
  {
    "date": "2014-09-30",
    "symbol": "PLD",
    "reportedCurrency": "USD",
    "cik": "0001045609",
    "fillingDate": "2014-11-05",
    "acceptedDate": "2014-11-04 17:42:37",
    "calendarYear": "2014",
    "period": "Q3",
    "revenue": 415151000,
    "costOfRevenue": 124766000,
    "grossProfit": 290385000,
    "grossProfitRatio": 0.6994683862,
    "researchAndDevelopmentExpenses": 0,
    "generalAndAdministrativeExpenses": 58203000,
    "sellingAndMarketingExpenses": 0,
    "sellingGeneralAndAdministrativeExpenses": 58203000,
    "otherExpenses": 154070000,
    "operatingExpenses": 212273000,
    "costAndExpenses": 337039000,
    "interestIncome": 550000,
    "interestExpense": 69086000,
    "depreciationAndAmortization": 149202000,
    "ebitda": 342151000,
    "ebitdaratio": 0.8241603657,
    "operatingIncome": 78112000,
    "operatingIncomeRatio": 0.1881532262,
    "totalOtherIncomeExpensesNet": 45751000,
    "incomeBeforeTax": 123863000,
    "incomeBeforeTaxRatio": 0.2983565016,
    "incomeTaxExpense": -23264000,
    "netIncome": 137915000,
    "netIncomeRatio": 0.3322044268,
    "eps": 0.27,
    "epsdiluted": 0.23,
    "weightedAverageShsOut": 499292000,
    "weightedAverageShsOutDil": 516088000,
    "link": "https://www.sec.gov/Archives/edgar/data/1045609/000119312514396568/0001193125-14-396568-index.htm",
    "finalLink": "https://www.sec.gov/Archives/edgar/data/1045609/000119312514396568/d783141d10q.htm"
  },
  {
    "date": "2014-06-30",
    "symbol": "PLD",
    "reportedCurrency": "USD",
    "cik": "0001045609",
    "fillingDate": "2014-08-06",
    "acceptedDate": "2014-08-05 18:20:28",
    "calendarYear": "2014",
    "period": "Q2",
    "revenue": 460089000,
    "costOfRevenue": 137413000,
    "grossProfit": 322676000,
    "grossProfitRatio": 0.7013338724,
    "researchAndDevelopmentExpenses": 0,
    "generalAndAdministrativeExpenses": 60375000,
    "sellingAndMarketingExpenses": 0,
    "sellingGeneralAndAdministrativeExpenses": 60375000,
    "otherExpenses": 167027000,
    "operatingExpenses": 227402000,
    "costAndExpenses": 364815000,
    "interestIncome": 5116000,
    "interestExpense": 80184000,
    "depreciationAndAmortization": 161577000,
    "ebitda": 385273000,
    "ebitdaratio": 0.8373879836,
    "operatingIncome": 95274000,
    "operatingIncomeRatio": 0.2070773263,
    "totalOtherIncomeExpensesNet": 48238000,
    "incomeBeforeTax": 143512000,
    "incomeBeforeTaxRatio": 0.3119222585,
    "incomeTaxExpense": -8918000,
    "netIncome": 81180000,
    "netIncomeRatio": 0.1764441228,
    "eps": 0.15,
    "epsdiluted": 0.13,
    "weightedAverageShsOut": 499112000,
    "weightedAverageShsOutDil": 516619000,
    "link": "https://www.sec.gov/Archives/edgar/data/1045609/000119312514296172/0001193125-14-296172-index.htm",
    "finalLink": "https://www.sec.gov/Archives/edgar/data/1045609/000119312514296172/d737648d10q.htm"
  },
  {
    "date": "2014-03-31",
    "symbol": "PLD",
    "reportedCurrency": "USD",
    "cik": "0001045609",
    "fillingDate": "2014-05-07",
    "acceptedDate": "2014-05-06 20:09:01",
    "calendarYear": "2014",
    "period": "Q1",
    "revenue": 434682000,
    "costOfRevenue": 134680000,
    "grossProfit": 300002000,
    "grossProfitRatio": 0.690164304,
    "researchAndDevelopmentExpenses": 0,
    "generalAndAdministrativeExpenses": 63203000,
    "sellingAndMarketingExpenses": 0,
    "sellingGeneralAndAdministrativeExpenses": 63203000,
    "otherExpenses": 165333000,
    "operatingExpenses": 228536000,
    "costAndExpenses": 363216000,
    "interestIncome": 14050000,
    "interestExpense": 82100000,
    "depreciationAndAmortization": 160280000,
    "ebitda": 261263000,
    "ebitdaratio": 0.6010439816,
    "operatingIncome": 71466000,
    "operatingIncomeRatio": 0.1644098444,
    "totalOtherIncomeExpensesNet": -52583000,
    "incomeBeforeTax": 18883000,
    "incomeBeforeTaxRatio": 0.0434409522,
    "incomeTaxExpense": 6880000,
    "netIncome": 6801000,
    "netIncomeRatio": 0.0156459205,
    "eps": 0.01,
    "epsdiluted": 0.01,
    "weightedAverageShsOut": 498696000,
    "weightedAverageShsOutDil": 504373000,
    "link": "https://www.sec.gov/Archives/edgar/data/1045609/000119312514185446/0001193125-14-185446-index.htm",
    "finalLink": "https://www.sec.gov/Archives/edgar/data/1045609/000119312514185446/d696329d10q.htm"
  },
  {
    "date": "2013-12-31",
    "symbol": "PLD",
    "reportedCurrency": "USD",
    "cik": "0001045609",
    "fillingDate": "2014-02-26",
    "acceptedDate": "2014-02-26 17:12:26",
    "calendarYear": "2013",
    "period": "Q4",
    "revenue": 416746000,
    "costOfRevenue": 121007000,
    "grossProfit": 295739000,
    "grossProfitRatio": 0.7096384848,
    "researchAndDevelopmentExpenses": 0,
    "generalAndAdministrativeExpenses": 63067000,
    "sellingAndMarketingExpenses": 0,
    "sellingGeneralAndAdministrativeExpenses": 63067000,
    "otherExpenses": 165466000,
    "operatingExpenses": 228533000,
    "costAndExpenses": 349540000,
    "interestIncome": 5176000,
    "interestExpense": 83036000,
    "depreciationAndAmortization": 167922000,
    "ebitda": 279257000,
    "ebitdaratio": 0.670089215,
    "operatingIncome": 67206000,
    "operatingIncomeRatio": 0.1612636954,
    "totalOtherIncomeExpensesNet": -38907000,
    "incomeBeforeTax": 28299000,
    "incomeBeforeTaxRatio": 0.067904671,
    "incomeTaxExpense": 22199000,
    "netIncome": 61192000,
    "netIncomeRatio": 0.146832843,
    "eps": 0.13,
    "epsdiluted": 0.12,
    "weightedAverageShsOut": 486075998,
    "weightedAverageShsOutDil": 491545998,
    "link": "https://www.sec.gov/Archives/edgar/data/1045609/000119312514070012/0001193125-14-070012-index.htm",
    "finalLink": "https://www.sec.gov/Archives/edgar/data/1045609/000119312514070012/d630904d10k.htm"
  },
  {
    "date": "2013-09-30",
    "symbol": "PLD",
    "reportedCurrency": "USD",
    "cik": "0001045609",
    "fillingDate": "2013-11-05",
    "acceptedDate": "2013-11-04 20:02:41",
    "calendarYear": "2013",
    "period": "Q3",
    "revenue": 430185000,
    "costOfRevenue": 128834000,
    "grossProfit": 294224000,
    "grossProfitRatio": 0.6839476039,
    "researchAndDevelopmentExpenses": 0,
    "generalAndAdministrativeExpenses": 55034000,
    "sellingAndMarketingExpenses": 0,
    "sellingGeneralAndAdministrativeExpenses": 55034000,
    "otherExpenses": 161809000,
    "operatingExpenses": 216843000,
    "costAndExpenses": 345677000,
    "interestIncome": 5653000,
    "interestExpense": 84642000,
    "depreciationAndAmortization": 159242000,
    "ebitda": 207394000,
    "ebitdaratio": 0.482104211,
    "operatingIncome": 77381000,
    "operatingIncomeRatio": 0.1798784244,
    "totalOtherIncomeExpensesNet": -113871000,
    "incomeBeforeTax": -35157000,
    "incomeBeforeTaxRatio": -0.0817253042,
    "incomeTaxExpense": 12180000,
    "netIncome": -5399000,
    "netIncomeRatio": -0.0125504144,
    "eps": -0.0108,
    "epsdiluted": -0.0108,
    "weightedAverageShsOut": 497989000,
    "weightedAverageShsOutDil": 499848000,
    "link": "https://www.sec.gov/Archives/edgar/data/1045609/000119312513425798/0001193125-13-425798-index.htm",
    "finalLink": "https://www.sec.gov/Archives/edgar/data/1045609/000119312513425798/d596046d10q.htm"
  },
  {
    "date": "2013-06-30",
    "symbol": "PLD",
    "reportedCurrency": "USD",
    "cik": "0001045609",
    "fillingDate": "2013-08-08",
    "acceptedDate": "2013-08-08 16:13:44",
    "calendarYear": "2013",
    "period": "Q2",
    "revenue": 419474000,
    "costOfRevenue": 134843000,
    "grossProfit": 275850000,
    "grossProfitRatio": 0.6576092916,
    "researchAndDevelopmentExpenses": 0,
    "generalAndAdministrativeExpenses": 54909000,
    "sellingAndMarketingExpenses": 0,
    "sellingGeneralAndAdministrativeExpenses": 54909000,
    "otherExpenses": 162427000,
    "operatingExpenses": 217336000,
    "costAndExpenses": 352179000,
    "interestIncome": 4492000,
    "interestExpense": 92214000,
    "depreciationAndAmortization": 159412000,
    "ebitda": 251522000,
    "ebitdaratio": 0.5996128485,
    "operatingIncome": 58514000,
    "operatingIncomeRatio": 0.1394937469,
    "totalOtherIncomeExpensesNet": -58618000,
    "incomeBeforeTax": 2330000,
    "incomeBeforeTaxRatio": 0.0055545755,
    "incomeTaxExpense": 20488000,
    "netIncome": 2299000,
    "netIncomeRatio": 0.0054806734,
    "eps": -0.0463,
    "epsdiluted": -0.0463,
    "weightedAverageShsOut": 486031998,
    "weightedAverageShsOutDil": 486032000,
    "link": "https://www.sec.gov/Archives/edgar/data/1045609/000119312513326840/0001193125-13-326840-index.htm",
    "finalLink": "https://www.sec.gov/Archives/edgar/data/1045609/000119312513326840/d540678d10q.htm"
  },
  {
    "date": "2013-03-31",
    "symbol": "PLD",
    "reportedCurrency": "USD",
    "cik": "0001045609",
    "fillingDate": "2013-05-08",
    "acceptedDate": "2013-05-08 16:21:36",
    "calendarYear": "2013",
    "period": "Q1",
    "revenue": 490616000,
    "costOfRevenue": 150263000,
    "grossProfit": 329708000,
    "grossProfitRatio": 0.6720286334,
    "researchAndDevelopmentExpenses": 0,
    "generalAndAdministrativeExpenses": 56197000,
    "sellingAndMarketingExpenses": 0,
    "sellingGeneralAndAdministrativeExpenses": 56197000,
    "otherExpenses": 176472000,
    "operatingExpenses": 232669000,
    "costAndExpenses": 382932000,
    "interestIncome": 11627000,
    "interestExpense": 111353000,
    "depreciationAndAmortization": 177431000,
    "ebitda": 629955000,
    "ebitdaratio": 1.2840082672,
    "operatingIncome": 97039000,
    "operatingIncomeRatio": 0.1977901251,
    "totalOtherIncomeExpensesNet": 244132000,
    "incomeBeforeTax": 342717000,
    "incomeBeforeTaxRatio": 0.698544279,
    "incomeTaxExpense": 51866000,
    "netIncome": 284829000,
    "netIncomeRatio": 0.5805538344,
    "eps": 0.58,
    "epsdiluted": 0.57,
    "weightedAverageShsOut": 461468000,
    "weightedAverageShsOutDil": 477059000,
    "link": "https://www.sec.gov/Archives/edgar/data/1045609/000119312513207548/0001193125-13-207548-index.htm",
    "finalLink": "https://www.sec.gov/Archives/edgar/data/1045609/000119312513207548/d505721d10q.htm"
  },
  {
    "date": "2012-12-31",
    "symbol": "PLD",
    "reportedCurrency": "USD",
    "cik": "0001045609",
    "fillingDate": "2013-02-28",
    "acceptedDate": "2013-02-28 06:42:49",
    "calendarYear": "2012",
    "period": "Q4",
    "revenue": 494916000,
    "costOfRevenue": 138954000,
    "grossProfit": 355962000,
    "grossProfitRatio": 0.7192372039,
    "researchAndDevelopmentExpenses": 0,
    "generalAndAdministrativeExpenses": 0,
    "sellingAndMarketingExpenses": 17599000,
    "sellingGeneralAndAdministrativeExpenses": 78207000,
    "otherExpenses": 439287000,
    "operatingExpenses": 517494000,
    "costAndExpenses": 656448000,
    "interestIncome": 3107000,
    "interestExpense": 106214000,
    "depreciationAndAmortization": 189561000,
    "ebitda": 30623000,
    "ebitdaratio": 0.0618751465,
    "operatingIncome": -161532000,
    "operatingIncomeRatio": -0.3263826589,
    "totalOtherIncomeExpensesNet": -103620000,
    "incomeBeforeTax": -265152000,
    "incomeBeforeTaxRatio": -0.5357515215,
    "incomeTaxExpense": 3364000,
    "netIncome": -218408000,
    "netIncomeRatio": -0.4413031706,
    "eps": -0.48,
    "epsdiluted": -0.47,
    "weightedAverageShsOut": 458293967,
    "weightedAverageShsOutDil": 459894998,
    "link": "https://www.sec.gov/Archives/edgar/data/1045609/000119312513081863/0001193125-13-081863-index.htm",
    "finalLink": "https://www.sec.gov/Archives/edgar/data/1045609/000119312513081863/d446045d10k.htm"
  },
  {
    "date": "2012-09-30",
    "symbol": "PLD",
    "reportedCurrency": "USD",
    "cik": "0001045609",
    "fillingDate": "2012-11-06",
    "acceptedDate": "2012-11-06 16:14:14",
    "calendarYear": "2012",
    "period": "Q3",
    "revenue": 512105000,
    "costOfRevenue": 142161000,
    "grossProfit": 357301000,
    "grossProfitRatio": 0.6977104305,
    "researchAndDevelopmentExpenses": 0,
    "generalAndAdministrativeExpenses": 55886000,
    "sellingAndMarketingExpenses": 0,
    "sellingGeneralAndAdministrativeExpenses": 55886000,
    "otherExpenses": 226165000,
    "operatingExpenses": 282051000,
    "costAndExpenses": 424212000,
    "interestIncome": 8758000,
    "interestExpense": 122817000,
    "depreciationAndAmortization": 198296000,
    "ebitda": 291636000,
    "ebitdaratio": 0.5694847736,
    "operatingIncome": 75250000,
    "operatingIncomeRatio": 0.1469425216,
    "totalOtherIncomeExpensesNet": -104727000,
    "incomeBeforeTax": -26041000,
    "incomeBeforeTaxRatio": -0.0508508997,
    "incomeTaxExpense": -19983000,
    "netIncome": -36221000,
    "netIncomeRatio": -0.0707296355,
    "eps": -0.0787,
    "epsdiluted": -0.0787,
    "weightedAverageShsOut": 460078998,
    "weightedAverageShsOutDil": 460079000,
    "link": "https://www.sec.gov/Archives/edgar/data/1045609/000119312512454517/0001193125-12-454517-index.htm",
    "finalLink": "https://www.sec.gov/Archives/edgar/data/1045609/000119312512454517/d408856d10q.htm"
  },
  {
    "date": "2012-06-30",
    "symbol": "PLD",
    "reportedCurrency": "USD",
    "cik": "0001045609",
    "fillingDate": "2012-08-07",
    "acceptedDate": "2012-08-07 07:56:51",
    "calendarYear": "2012",
    "period": "Q2",
    "revenue": 520748000,
    "costOfRevenue": 140993000,
    "grossProfit": 360188000,
    "grossProfitRatio": 0.6916742839,
    "researchAndDevelopmentExpenses": 0,
    "generalAndAdministrativeExpenses": 51415000,
    "sellingAndMarketingExpenses": 0,
    "sellingGeneralAndAdministrativeExpenses": 51415000,
    "otherExpenses": 207169000,
    "operatingExpenses": 258584000,
    "costAndExpenses": 399577000,
    "interestIncome": 5912000,
    "interestExpense": 127582000,
    "depreciationAndAmortization": 187777000,
    "ebitda": 311955000,
    "ebitdaratio": 0.5990517486,
    "operatingIncome": 101604000,
    "operatingIncomeRatio": 0.1951116471,
    "totalOtherIncomeExpensesNet": -105008000,
    "incomeBeforeTax": 1672000,
    "incomeBeforeTaxRatio": 0.0032107661,
    "incomeTaxExpense": 8075000,
    "netIncome": 1929000,
    "netIncomeRatio": 0.0037042869,
    "eps": -0.02,
    "epsdiluted": -0.02,
    "weightedAverageShsOut": 459877998,
    "weightedAverageShsOutDil": 459878000,
    "link": "https://www.sec.gov/Archives/edgar/data/1045609/000119312512339362/0001193125-12-339362-index.htm",
    "finalLink": "https://www.sec.gov/Archives/edgar/data/1045609/000119312512339362/d353952d10q.htm"
  },
  {
    "date": "2012-03-31",
    "symbol": "PLD",
    "reportedCurrency": "USD",
    "cik": "0001045609",
    "fillingDate": "2012-05-08",
    "acceptedDate": "2012-05-07 19:58:41",
    "calendarYear": "2012",
    "period": "Q1",
    "revenue": 500064000,
    "costOfRevenue": 135612000,
    "grossProfit": 343818000,
    "grossProfitRatio": 0.6875479939,
    "researchAndDevelopmentExpenses": 0,
    "generalAndAdministrativeExpenses": 60159000,
    "sellingAndMarketingExpenses": 0,
    "sellingGeneralAndAdministrativeExpenses": 60159000,
    "otherExpenses": 198528000,
    "operatingExpenses": 258687000,
    "costAndExpenses": 394299000,
    "interestIncome": 5101000,
    "interestExpense": 128100000,
    "depreciationAndAmortization": 191825000,
    "ebitda": 521376000,
    "ebitdaratio": 1.0426185448,
    "operatingIncome": 85131000,
    "operatingIncomeRatio": 0.1702402093,
    "totalOtherIncomeExpensesNet": 116320000,
    "incomeBeforeTax": 206808000,
    "incomeBeforeTaxRatio": 0.4135630639,
    "incomeTaxExpense": 12124000,
    "netIncome": 212979000,
    "netIncomeRatio": 0.4259034844,
    "eps": 0.44,
    "epsdiluted": 0.44,
    "weightedAverageShsOut": 459203000,
    "weightedAverageShsOutDil": 476107000,
    "link": "https://www.sec.gov/Archives/edgar/data/1045609/000119312512215819/0001193125-12-215819-index.htm",
    "finalLink": "https://www.sec.gov/Archives/edgar/data/1045609/000119312512215819/d330027d10q.htm"
  },
  {
    "date": "2011-12-31",
    "symbol": "PLD",
    "reportedCurrency": "USD",
    "cik": "0001045609",
    "fillingDate": "2012-02-29",
    "acceptedDate": "2012-02-29 11:00:25",
    "calendarYear": "2011",
    "period": "Q4",
    "revenue": 457608000,
    "costOfRevenue": 129626000,
    "grossProfit": 327982000,
    "grossProfitRatio": 0.7167313509,
    "researchAndDevelopmentExpenses": 0,
    "generalAndAdministrativeExpenses": 0,
    "sellingAndMarketingExpenses": 0,
    "sellingGeneralAndAdministrativeExpenses": 50797000,
    "otherExpenses": 232094000,
    "operatingExpenses": 282891000,
    "costAndExpenses": 412517000,
    "interestIncome": 4667000,
    "interestExpense": 129159000,
    "depreciationAndAmortization": 198304000,
    "ebitda": 224492000,
    "ebitdaratio": 0.4905770878,
    "operatingIncome": 45091000,
    "operatingIncomeRatio": 0.0985363018,
    "totalOtherIncomeExpensesNet": -148062000,
    "incomeBeforeTax": -102971000,
    "incomeBeforeTaxRatio": -0.2250201045,
    "incomeTaxExpense": -8184000,
    "netIncome": -35183000,
    "netIncomeRatio": -0.0768845824,
    "eps": -0.095,
    "epsdiluted": -0.095,
    "weightedAverageShsOut": 370533998,
    "weightedAverageShsOutDil": 370533998,
    "link": "https://www.sec.gov/Archives/edgar/data/1045609/000119312512087643/0001193125-12-087643-index.htm",
    "finalLink": "https://www.sec.gov/Archives/edgar/data/1045609/000119312512087643/d257901d10k.htm"
  },
  {
    "date": "2011-09-30",
    "symbol": "PLD",
    "reportedCurrency": "USD",
    "cik": "0001045609",
    "fillingDate": "2011-11-08",
    "acceptedDate": "2011-11-08 17:20:17",
    "calendarYear": "2011",
    "period": "Q3",
    "revenue": 501393000,
    "costOfRevenue": 137029000,
    "grossProfit": 332108000,
    "grossProfitRatio": 0.6623706354,
    "researchAndDevelopmentExpenses": 0,
    "generalAndAdministrativeExpenses": 0,
    "sellingAndMarketingExpenses": 0,
    "sellingGeneralAndAdministrativeExpenses": 53341000,
    "otherExpenses": 199428000,
    "operatingExpenses": 252769000,
    "costAndExpenses": 389798000,
    "interestIncome": 4643000,
    "interestExpense": 135863000,
    "depreciationAndAmortization": 198031000,
    "ebitda": 373611000,
    "ebitdaratio": 0.7451460232,
    "operatingIncome": 79339000,
    "operatingIncomeRatio": 0.1582371513,
    "totalOtherIncomeExpensesNet": -39622000,
    "incomeBeforeTax": 50943000,
    "incomeBeforeTaxRatio": 0.1016029342,
    "incomeTaxExpense": -2838000,
    "netIncome": 65315000,
    "netIncomeRatio": 0.1302670759,
    "eps": 0.12,
    "epsdiluted": 0.12,
    "weightedAverageShsOut": 458256000,
    "weightedAverageShsOutDil": 462408000,
    "link": "https://www.sec.gov/Archives/edgar/data/1045609/000119312511302435/0001193125-11-302435-index.htm",
    "finalLink": "https://www.sec.gov/Archives/edgar/data/1045609/000119312511302435/d245598d10q.htm"
  },
  {
    "date": "2011-06-30",
    "symbol": "PLD",
    "reportedCurrency": "USD",
    "cik": "0001045609",
    "fillingDate": "2011-08-09",
    "acceptedDate": "2011-08-09 06:01:22",
    "calendarYear": "2011",
    "period": "Q2",
    "revenue": 335901000,
    "costOfRevenue": 88795000,
    "grossProfit": 232117000,
    "grossProfitRatio": 0.6910280112,
    "researchAndDevelopmentExpenses": 0,
    "generalAndAdministrativeExpenses": 0,
    "sellingAndMarketingExpenses": 0,
    "sellingGeneralAndAdministrativeExpenses": 51840000,
    "otherExpenses": 227245000,
    "operatingExpenses": 279085000,
    "costAndExpenses": 367880000,
    "interestIncome": 5277000,
    "interestExpense": 112916000,
    "depreciationAndAmortization": 124428000,
    "ebitda": 82587000,
    "ebitdaratio": 0.2458670858,
    "operatingIncome": -46968000,
    "operatingIncomeRatio": -0.1398269133,
    "totalOtherIncomeExpensesNet": -107789000,
    "incomeBeforeTax": -148325000,
    "incomeBeforeTaxRatio": -0.4415735589,
    "incomeTaxExpense": 6429000,
    "netIncome": -143829000,
    "netIncomeRatio": -0.4281886627,
    "eps": -0.47,
    "epsdiluted": -0.47,
    "weightedAverageShsOut": 307755998,
    "weightedAverageShsOutDil": 307756000,
    "link": "https://www.sec.gov/Archives/edgar/data/1045609/000095012311074646/0000950123-11-074646-index.htm",
    "finalLink": "https://www.sec.gov/Archives/edgar/data/1045609/000095012311074646/d83999e10vq.htm"
  },
  {
    "date": "2011-03-31",
    "symbol": "PLD",
    "reportedCurrency": "USD",
    "cik": "0001045609",
    "fillingDate": "2011-05-10",
    "acceptedDate": "2011-05-09 18:14:22",
    "calendarYear": "2011",
    "period": "Q1",
    "revenue": 165768000,
    "costOfRevenue": 71176000,
    "grossProfit": 158691000,
    "grossProfitRatio": 0.9573078037,
    "researchAndDevelopmentExpenses": 0,
    "generalAndAdministrativeExpenses": 0,
    "sellingAndMarketingExpenses": 0,
    "sellingGeneralAndAdministrativeExpenses": 39183000,
    "otherExpenses": 90721000,
    "operatingExpenses": 129904000,
    "costAndExpenses": 201080000,
    "interestIncome": 0,
    "interestExpense": 93106000,
    "depreciationAndAmortization": 83121000,
    "ebitda": 130648000,
    "ebitdaratio": 0.7881376381,
    "operatingIncome": 28787000,
    "operatingIncomeRatio": 0.1736583659,
    "totalOtherIncomeExpensesNet": -74366000,
    "incomeBeforeTax": -2729000,
    "incomeBeforeTaxRatio": -0.0164627672,
    "incomeTaxExpense": 6369000,
    "netIncome": 12128000,
    "netIncomeRatio": 0.0731624922,
    "eps": 0.05,
    "epsdiluted": 0.05,
    "weightedAverageShsOut": 168099999,
    "weightedAverageShsOutDil": 168099999,
    "link": "https://www.sec.gov/Archives/edgar/data/1045609/000095012311047583/0000950123-11-047583-index.htm",
    "finalLink": "https://www.sec.gov/Archives/edgar/data/1045609/000095012311047583/f58557e10vq.htm"
  },
  {
    "date": "2010-12-31",
    "symbol": "PLD",
    "reportedCurrency": "USD",
    "cik": "0001045609",
    "fillingDate": "2011-02-18",
    "acceptedDate": "2011-02-18 16:44:09",
    "calendarYear": "2010",
    "period": "Q4",
    "revenue": 164512000,
    "costOfRevenue": 46230000,
    "grossProfit": 118282000,
    "grossProfitRatio": 0.7189870648,
    "researchAndDevelopmentExpenses": 0,
    "generalAndAdministrativeExpenses": 0,
    "sellingAndMarketingExpenses": 0,
    "sellingGeneralAndAdministrativeExpenses": 33784000,
    "otherExpenses": 53145000,
    "operatingExpenses": 86929000,
    "costAndExpenses": 133159000,
    "interestIncome": 0,
    "interestExpense": 32974000,
    "depreciationAndAmortization": 45946000,
    "ebitda": 82552000,
    "ebitdaratio": 0.5017992608,
    "operatingIncome": 31353000,
    "operatingIncomeRatio": 0.1905818421,
    "totalOtherIncomeExpensesNet": -31353000,
    "incomeBeforeTax": 9152000,
    "incomeBeforeTaxRatio": 0.0556312002,
    "incomeTaxExpense": 0,
    "netIncome": 9152000,
    "netIncomeRatio": 0.0556312002,
    "eps": 0.0565,
    "epsdiluted": 0.0565,
    "weightedAverageShsOut": 161987999,
    "weightedAverageShsOutDil": 161987999,
    "link": "https://www.sec.gov/Archives/edgar/data/1045609/000095012311015736/0000950123-11-015736-index.htm",
    "finalLink": "https://www.sec.gov/Archives/edgar/data/1045609/000095012311015736/f57426e10vk.htm"
  },
  {
    "date": "2010-09-30",
    "symbol": "PLD",
    "reportedCurrency": "USD",
    "cik": "0001045609",
    "fillingDate": "2010-11-02",
    "acceptedDate": "2010-11-02 17:27:46",
    "calendarYear": "2010",
    "period": "Q3",
    "revenue": 158696000,
    "costOfRevenue": 66360000,
    "grossProfit": 162254000,
    "grossProfitRatio": 1.0224202248,
    "researchAndDevelopmentExpenses": 0,
    "generalAndAdministrativeExpenses": 0,
    "sellingAndMarketingExpenses": 146000,
    "sellingGeneralAndAdministrativeExpenses": 34959000,
    "otherExpenses": 91558000,
    "operatingExpenses": 126517000,
    "costAndExpenses": 192877000,
    "interestIncome": 7375000,
    "interestExpense": 120233000,
    "depreciationAndAmortization": 93552000,
    "ebitda": 186164000,
    "ebitdaratio": 1.173085648,
    "operatingIncome": 35737000,
    "operatingIncomeRatio": 0.2251915612,
    "totalOtherIncomeExpensesNet": -63358000,
    "incomeBeforeTax": 10927000,
    "incomeBeforeTaxRatio": 0.0688549176,
    "incomeTaxExpense": 7455000,
    "netIncome": 10927000,
    "netIncomeRatio": 0.0688549176,
    "eps": 0.04,
    "epsdiluted": 0.04,
    "weightedAverageShsOut": 166996999,
    "weightedAverageShsOutDil": 166996999,
    "link": "https://www.sec.gov/Archives/edgar/data/1045609/000095012310099561/0000950123-10-099561-index.htm",
    "finalLink": "https://www.sec.gov/Archives/edgar/data/1045609/000095012310099561/f56650e10vq.htm"
  },
  {
    "date": "2010-06-30",
    "symbol": "PLD",
    "reportedCurrency": "USD",
    "cik": "0001045609",
    "fillingDate": "2010-08-03",
    "acceptedDate": "2010-08-03 17:16:33",
    "calendarYear": "2010",
    "period": "Q2",
    "revenue": 158618000,
    "costOfRevenue": 64020000,
    "grossProfit": 155126000,
    "grossProfitRatio": 0.9779848441,
    "researchAndDevelopmentExpenses": 0,
    "generalAndAdministrativeExpenses": 0,
    "sellingAndMarketingExpenses": 153000,
    "sellingGeneralAndAdministrativeExpenses": 38921000,
    "otherExpenses": 81887000,
    "operatingExpenses": 120808000,
    "costAndExpenses": 184828000,
    "interestIncome": 0,
    "interestExpense": 120290000,
    "depreciationAndAmortization": 129431000,
    "ebitda": 171781000,
    "ebitdaratio": 1.0829855376,
    "operatingIncome": 34318000,
    "operatingIncomeRatio": 0.2163562773,
    "totalOtherIncomeExpensesNet": -112258000,
    "incomeBeforeTax": 7191000,
    "incomeBeforeTaxRatio": 0.0453353339,
    "incomeTaxExpense": -40249000,
    "netIncome": 7191000,
    "netIncomeRatio": 0.0453353339,
    "eps": 0.0001,
    "epsdiluted": 0.0001,
    "weightedAverageShsOut": 164800819,
    "weightedAverageShsOutDil": 164800819,
    "link": "https://www.sec.gov/Archives/edgar/data/1045609/000095012310071864/0000950123-10-071864-index.htm",
    "finalLink": "https://www.sec.gov/Archives/edgar/data/1045609/000095012310071864/f55910e10vq.htm"
  },
  {
    "date": "2010-03-31",
    "symbol": "PLD",
    "reportedCurrency": "USD",
    "cik": "0001045609",
    "fillingDate": "2010-04-30",
    "acceptedDate": "2010-04-30 17:19:54",
    "calendarYear": "2010",
    "period": "Q1",
    "revenue": 157952000,
    "costOfRevenue": 48118000,
    "grossProfit": 105972000,
    "grossProfitRatio": 0.6709126823,
    "researchAndDevelopmentExpenses": 0,
    "generalAndAdministrativeExpenses": 0,
    "sellingAndMarketingExpenses": 0,
    "sellingGeneralAndAdministrativeExpenses": 32265000,
    "otherExpenses": 51545000,
    "operatingExpenses": 83810000,
    "costAndExpenses": 131928000,
    "interestIncome": 0,
    "interestExpense": 32589000,
    "depreciationAndAmortization": 44371000,
    "ebitda": 78510000,
    "ebitdaratio": 0.4970497366,
    "operatingIncome": 22162000,
    "operatingIncomeRatio": 0.1403084481,
    "totalOtherIncomeExpensesNet": -23622000,
    "incomeBeforeTax": -466000,
    "incomeBeforeTaxRatio": -0.0029502634,
    "incomeTaxExpense": 0,
    "netIncome": -151000,
    "netIncomeRatio": -0.0009559866,
    "eps": -0.001,
    "epsdiluted": -0.001,
    "weightedAverageShsOut": 148665999,
    "weightedAverageShsOutDil": 148665999,
    "link": "https://www.sec.gov/Archives/edgar/data/1045609/000095012310042058/0000950123-10-042058-index.htm",
    "finalLink": "https://www.sec.gov/Archives/edgar/data/1045609/000095012310042058/f54449e10vq.htm"
  },
  {
    "date": "2009-12-31",
    "symbol": "PLD",
    "reportedCurrency": "USD",
    "cik": "0001045609",
    "fillingDate": "2010-02-22",
    "acceptedDate": "2010-02-19 19:50:07",
    "calendarYear": "2009",
    "period": "Q4",
    "revenue": 162614000,
    "costOfRevenue": 49618000,
    "grossProfit": 112996000,
    "grossProfitRatio": 0.6948725202,
    "researchAndDevelopmentExpenses": 0,
    "generalAndAdministrativeExpenses": 0,
    "sellingAndMarketingExpenses": 0,
    "sellingGeneralAndAdministrativeExpenses": 31655000,
    "otherExpenses": 53938000,
    "operatingExpenses": 85593000,
    "costAndExpenses": 135211000,
    "interestIncome": 0,
    "interestExpense": 30616000,
    "depreciationAndAmortization": 48133000,
    "ebitda": 79164000,
    "ebitdaratio": 0.4868215529,
    "operatingIncome": 27403000,
    "operatingIncomeRatio": 0.168515626,
    "totalOtherIncomeExpensesNet": -27403000,
    "incomeBeforeTax": -13117000,
    "incomeBeforeTaxRatio": -0.0806634115,
    "incomeTaxExpense": 0,
    "netIncome": -13117000,
    "netIncomeRatio": -0.0806634115,
    "eps": -0.1,
    "epsdiluted": -0.0977,
    "weightedAverageShsOut": 129859646,
    "weightedAverageShsOutDil": 134320999,
    "link": "https://www.sec.gov/Archives/edgar/data/1045609/000095012310014699/0000950123-10-014699-index.htm",
    "finalLink": "https://www.sec.gov/Archives/edgar/data/1045609/000095012310014699/f54839e10vk.htm"
  },
  {
    "date": "2009-09-30",
    "symbol": "PLD",
    "reportedCurrency": "USD",
    "cik": "0001045609",
    "fillingDate": "2009-10-30",
    "acceptedDate": "2009-10-30 17:26:57",
    "calendarYear": "2009",
    "period": "Q3",
    "revenue": 157535000,
    "costOfRevenue": 45146000,
    "grossProfit": 108421000,
    "grossProfitRatio": 0.6882343606,
    "researchAndDevelopmentExpenses": 0,
    "generalAndAdministrativeExpenses": 0,
    "sellingAndMarketingExpenses": 240000,
    "sellingGeneralAndAdministrativeExpenses": 27409000,
    "otherExpenses": 49024000,
    "operatingExpenses": 76433000,
    "costAndExpenses": 121579000,
    "interestIncome": 0,
    "interestExpense": 27498000,
    "depreciationAndAmortization": 42412000,
    "ebitda": 77963000,
    "ebitdaratio": 0.4948931983,
    "operatingIncome": 31988000,
    "operatingIncomeRatio": 0.2030532897,
    "totalOtherIncomeExpensesNet": -31988000,
    "incomeBeforeTax": 67140000,
    "incomeBeforeTaxRatio": 0.4261910052,
    "incomeTaxExpense": 0,
    "netIncome": 67140000,
    "netIncomeRatio": 0.4261910052,
    "eps": 0.0005,
    "epsdiluted": 0.0005,
    "weightedAverageShsOut": 145332050,
    "weightedAverageShsOutDil": 145658847,
    "link": "https://www.sec.gov/Archives/edgar/data/1045609/000095012309055751/0000950123-09-055751-index.htm",
    "finalLink": "https://www.sec.gov/Archives/edgar/data/1045609/000095012309055751/f53876e10vq.htm"
  },
  {
    "date": "2009-06-30",
    "symbol": "PLD",
    "reportedCurrency": "USD",
    "cik": "0001045609",
    "fillingDate": "2009-08-07",
    "acceptedDate": "2009-08-07 17:15:36",
    "calendarYear": "2009",
    "period": "Q2",
    "revenue": 147370000,
    "costOfRevenue": 42953000,
    "grossProfit": 105619000,
    "grossProfitRatio": 0.7166926783,
    "researchAndDevelopmentExpenses": 0,
    "generalAndAdministrativeExpenses": 0,
    "sellingAndMarketingExpenses": -8059000,
    "sellingGeneralAndAdministrativeExpenses": 25963000,
    "otherExpenses": 42730000,
    "operatingExpenses": 68693000,
    "costAndExpenses": 111646000,
    "interestIncome": 0,
    "interestExpense": 27772000,
    "depreciationAndAmortization": 36760000,
    "ebitda": 75449000,
    "ebitdaratio": 0.5119698718,
    "operatingIncome": 36926000,
    "operatingIncomeRatio": 0.2505666011,
    "totalOtherIncomeExpensesNet": -36926000,
    "incomeBeforeTax": 21374000,
    "incomeBeforeTaxRatio": 0.1450363032,
    "incomeTaxExpense": 0,
    "netIncome": 21374000,
    "netIncomeRatio": 0.1450363032,
    "eps": 0.0002,
    "epsdiluted": 0.0002,
    "weightedAverageShsOut": 145318364,
    "weightedAverageShsOutDil": 145379807,
    "link": "https://www.sec.gov/Archives/edgar/data/1045609/000095012309032236/0000950123-09-032236-index.htm",
    "finalLink": "https://www.sec.gov/Archives/edgar/data/1045609/000095012309032236/f53033e10vq.htm"
  },
  {
    "date": "2009-03-31",
    "symbol": "PLD",
    "reportedCurrency": "USD",
    "cik": "0001045609",
    "fillingDate": "2009-05-11",
    "acceptedDate": "2009-05-08 21:53:33",
    "calendarYear": "2009",
    "period": "Q1",
    "revenue": 165529000,
    "costOfRevenue": 49388000,
    "grossProfit": 114031000,
    "grossProfitRatio": 0.6888883519,
    "researchAndDevelopmentExpenses": 0,
    "generalAndAdministrativeExpenses": 0,
    "sellingAndMarketingExpenses": 0,
    "sellingGeneralAndAdministrativeExpenses": 31574000,
    "otherExpenses": 217350000,
    "operatingExpenses": 248924000,
    "costAndExpenses": 298312000,
    "interestIncome": 0,
    "interestExpense": 32799000,
    "depreciationAndAmortization": 38733000,
    "ebitda": -66585000,
    "ebitdaratio": -0.4022557981,
    "operatingIncome": -134893000,
    "operatingIncomeRatio": -0.8149206483,
    "totalOtherIncomeExpensesNet": -6616000,
    "incomeBeforeTax": -129301000,
    "incomeBeforeTaxRatio": -0.7811380483,
    "incomeTaxExpense": 0,
    "netIncome": -118398000,
    "netIncomeRatio": -0.715270436,
    "eps": -1.2,
    "epsdiluted": -1.2,
    "weightedAverageShsOut": 98915586,
    "weightedAverageShsOutDil": 98915586,
    "link": "https://www.sec.gov/Archives/edgar/data/1045609/000095013409010197/0000950134-09-010197-index.htm",
    "finalLink": "https://www.sec.gov/Archives/edgar/data/1045609/000095013409010197/f52385e10vq.htm"
  },
  {
    "date": "2008-12-31",
    "symbol": "PLD",
    "reportedCurrency": "USD",
    "cik": "0001045609",
    "fillingDate": "2009-03-02",
    "acceptedDate": "2009-02-27 21:14:17",
    "calendarYear": "2008",
    "period": "Q4",
    "revenue": 167136000,
    "costOfRevenue": 46325000,
    "grossProfit": 120811000,
    "grossProfitRatio": 0.7228305093,
    "researchAndDevelopmentExpenses": 0,
    "generalAndAdministrativeExpenses": 0,
    "sellingAndMarketingExpenses": 0,
    "sellingGeneralAndAdministrativeExpenses": 40780000,
    "otherExpenses": 42098000,
    "operatingExpenses": 82878000,
    "costAndExpenses": 129203000,
    "interestIncome": 0,
    "interestExpense": 32578000,
    "depreciationAndAmortization": 38153000,
    "ebitda": 77585000,
    "ebitdaratio": 0.4642028049,
    "operatingIncome": 37933000,
    "operatingIncomeRatio": 0.2269588838,
    "totalOtherIncomeExpensesNet": -37933000,
    "incomeBeforeTax": -197412000,
    "incomeBeforeTaxRatio": -1.1811458932,
    "incomeTaxExpense": 0,
    "netIncome": -197412000,
    "netIncomeRatio": -1.1811458932,
    "eps": -2.03,
    "epsdiluted": -2.03,
    "weightedAverageShsOut": 97339576,
    "weightedAverageShsOutDil": 97403999,
    "link": "https://www.sec.gov/Archives/edgar/data/1045609/000095013409004079/0000950134-09-004079-index.htm",
    "finalLink": "https://www.sec.gov/Archives/edgar/data/1045609/000095013409004079/f51504e10vk.htm"
  },
  {
    "date": "2008-09-30",
    "symbol": "PLD",
    "reportedCurrency": "USD",
    "cik": "0001045609",
    "fillingDate": "2008-11-10",
    "acceptedDate": "2008-11-10 17:27:15",
    "calendarYear": "2008",
    "period": "Q3",
    "revenue": 162495000,
    "costOfRevenue": 43189000,
    "grossProfit": 115288000,
    "grossProfitRatio": 0.7094864457,
    "researchAndDevelopmentExpenses": 0,
    "generalAndAdministrativeExpenses": 0,
    "sellingAndMarketingExpenses": 312000,
    "sellingGeneralAndAdministrativeExpenses": 34725000,
    "otherExpenses": 44711000,
    "operatingExpenses": 79436000,
    "costAndExpenses": 122625000,
    "interestIncome": 0,
    "interestExpense": 33303000,
    "depreciationAndAmortization": 42777000,
    "ebitda": 81651000,
    "ebitdaratio": 0.5024831533,
    "operatingIncome": 35852000,
    "operatingIncomeRatio": 0.2206344811,
    "totalOtherIncomeExpensesNet": -35852000,
    "incomeBeforeTax": 28151000,
    "incomeBeforeTaxRatio": 0.1732422536,
    "incomeTaxExpense": 0,
    "netIncome": 28151000,
    "netIncomeRatio": 0.1732422536,
    "eps": 0.0003,
    "epsdiluted": 0.0003,
    "weightedAverageShsOut": 97149079,
    "weightedAverageShsOutDil": 98952245,
    "link": "https://www.sec.gov/Archives/edgar/data/1045609/000095014908000100/0000950149-08-000100-index.htm",
    "finalLink": "https://www.sec.gov/Archives/edgar/data/1045609/000095014908000100/f50463e10vq.htm"
  },
  {
    "date": "2008-06-30",
    "symbol": "PLD",
    "reportedCurrency": "USD",
    "cik": "0001045609",
    "fillingDate": "2008-08-11",
    "acceptedDate": "2008-08-11 15:44:33",
    "calendarYear": "2008",
    "period": "Q2",
    "revenue": 209299000,
    "costOfRevenue": 46209000,
    "grossProfit": 156331000,
    "grossProfitRatio": 0.7469266456,
    "researchAndDevelopmentExpenses": 0,
    "generalAndAdministrativeExpenses": 0,
    "sellingAndMarketingExpenses": 384000,
    "sellingGeneralAndAdministrativeExpenses": 34128000,
    "otherExpenses": 41152000,
    "operatingExpenses": 75280000,
    "costAndExpenses": 121489000,
    "interestIncome": 0,
    "interestExpense": 36532000,
    "depreciationAndAmortization": 36537000,
    "ebitda": 120781000,
    "ebitdaratio": 0.5770739468,
    "operatingIncome": 81051000,
    "operatingIncomeRatio": 0.3872498196,
    "totalOtherIncomeExpensesNet": -81051000,
    "incomeBeforeTax": 77019000,
    "incomeBeforeTaxRatio": 0.3679855135,
    "incomeTaxExpense": 0,
    "netIncome": 77019000,
    "netIncomeRatio": 0.3679855135,
    "eps": 0.0008,
    "epsdiluted": 0.0008,
    "weightedAverageShsOut": 97083044,
    "weightedAverageShsOutDil": 99432356,
    "link": "https://www.sec.gov/Archives/edgar/data/1045609/000095013408014909/0000950134-08-014909-index.htm",
    "finalLink": "https://www.sec.gov/Archives/edgar/data/1045609/000095013408014909/f42757e10vq.htm"
  },
  {
    "date": "2008-03-31",
    "symbol": "PLD",
    "reportedCurrency": "USD",
    "cik": "0001045609",
    "fillingDate": "2008-05-12",
    "acceptedDate": "2008-05-09 20:14:41",
    "calendarYear": "2008",
    "period": "Q1",
    "revenue": 176486000,
    "costOfRevenue": 44994000,
    "grossProfit": 126864000,
    "grossProfitRatio": 0.7188332219,
    "researchAndDevelopmentExpenses": 17820000,
    "generalAndAdministrativeExpenses": 35153000,
    "sellingAndMarketingExpenses": 0,
    "sellingGeneralAndAdministrativeExpenses": 35348000,
    "otherExpenses": 23057000,
    "operatingExpenses": 76225000,
    "costAndExpenses": 121219000,
    "interestIncome": 0,
    "interestExpense": 29957000,
    "depreciationAndAmortization": 37637000,
    "ebitda": 136738000,
    "ebitdaratio": 0.7747810025,
    "operatingIncome": 50639000,
    "operatingIncomeRatio": 0.2869292748,
    "totalOtherIncomeExpensesNet": 15173000,
    "incomeBeforeTax": 42932000,
    "incomeBeforeTaxRatio": 0.2432600886,
    "incomeTaxExpense": 0,
    "netIncome": 42932000,
    "netIncomeRatio": 0.2432600886,
    "eps": 0.39,
    "epsdiluted": 0.39,
    "weightedAverageShsOut": 97750900,
    "weightedAverageShsOutDil": 99668301,
    "link": "https://www.sec.gov/Archives/edgar/data/1045609/000095013408009135/0000950134-08-009135-index.htm",
    "finalLink": "https://www.sec.gov/Archives/edgar/data/1045609/000095013408009135/f40490e10vq.htm"
  },
  {
    "date": "2007-12-31",
    "symbol": "PLD",
    "reportedCurrency": "USD",
    "cik": "0001045609",
    "fillingDate": "2008-02-29",
    "acceptedDate": "2008-02-28 20:55:39",
    "calendarYear": "2007",
    "period": "Q4",
    "revenue": 169841000,
    "costOfRevenue": 0,
    "grossProfit": 0,
    "grossProfitRatio": 0,
    "researchAndDevelopmentExpenses": 0,
    "generalAndAdministrativeExpenses": 0,
    "sellingAndMarketingExpenses": 0,
    "sellingGeneralAndAdministrativeExpenses": 34251000,
    "otherExpenses": 86945000,
    "operatingExpenses": 121196000,
    "costAndExpenses": 121196000,
    "interestIncome": 0,
    "interestExpense": 0,
    "depreciationAndAmortization": 41132000,
    "ebitda": 89777000,
    "ebitdaratio": 0.5285943912,
    "operatingIncome": 48645000,
    "operatingIncomeRatio": 0.286414941,
    "totalOtherIncomeExpensesNet": -48645000,
    "incomeBeforeTax": 97199000,
    "incomeBeforeTaxRatio": 0.5722940868,
    "incomeTaxExpense": 0,
    "netIncome": 97199000,
    "netIncomeRatio": 0.5722940868,
    "eps": 1,
    "epsdiluted": 0.97,
    "weightedAverageShsOut": 97189748,
    "weightedAverageShsOutDil": 99808454,
    "link": "https://www.sec.gov/Archives/edgar/data/1045609/000095013408003745/0000950134-08-003745-index.htm",
    "finalLink": "https://www.sec.gov/Archives/edgar/data/1045609/000095013408003745/f38413e10vk.htm"
  },
  {
    "date": "2007-09-30",
    "symbol": "PLD",
    "reportedCurrency": "USD",
    "cik": "0001045609",
    "fillingDate": "2007-11-09",
    "acceptedDate": "2007-11-09 14:52:19",
    "calendarYear": "2007",
    "period": "Q3",
    "revenue": 166304000,
    "costOfRevenue": 42664000,
    "grossProfit": 122705000,
    "grossProfitRatio": 0.7378355301,
    "researchAndDevelopmentExpenses": 48298000,
    "generalAndAdministrativeExpenses": 35145000,
    "sellingAndMarketingExpenses": 0,
    "sellingGeneralAndAdministrativeExpenses": 35406000,
    "otherExpenses": -7060000,
    "operatingExpenses": 76644000,
    "costAndExpenses": 119308000,
    "interestIncome": 0,
    "interestExpense": 29326000,
    "depreciationAndAmortization": 37260000,
    "ebitda": 86355000,
    "ebitdaratio": 0.5192599096,
    "operatingIncome": 46061000,
    "operatingIncomeRatio": 0.2769686839,
    "totalOtherIncomeExpensesNet": -46061000,
    "incomeBeforeTax": 73110000,
    "incomeBeforeTaxRatio": 0.4396166057,
    "incomeTaxExpense": 0,
    "netIncome": 73110000,
    "netIncomeRatio": 0.4396166057,
    "eps": 0.0007,
    "epsdiluted": 0.0007,
    "weightedAverageShsOut": 98722381,
    "weightedAverageShsOutDil": 100914340,
    "link": "https://www.sec.gov/Archives/edgar/data/1045609/000095013407023510/0000950134-07-023510-index.htm",
    "finalLink": "https://www.sec.gov/Archives/edgar/data/1045609/000095013407023510/f35262e10vq.htm"
  },
  {
    "date": "2007-06-30",
    "symbol": "PLD",
    "reportedCurrency": "USD",
    "cik": "0001045609",
    "fillingDate": "2007-08-09",
    "acceptedDate": "2007-08-09 12:54:08",
    "calendarYear": "2007",
    "period": "Q2",
    "revenue": 171432000,
    "costOfRevenue": 42568000,
    "grossProfit": 124833000,
    "grossProfitRatio": 0.7281779364,
    "researchAndDevelopmentExpenses": 28996000,
    "generalAndAdministrativeExpenses": 30260000,
    "sellingAndMarketingExpenses": 0,
    "sellingGeneralAndAdministrativeExpenses": 30537000,
    "otherExpenses": 10331000,
    "operatingExpenses": 69864000,
    "costAndExpenses": 112432000,
    "interestIncome": 0,
    "interestExpense": 33151000,
    "depreciationAndAmortization": 34332000,
    "ebitda": 93157000,
    "ebitdaratio": 0.5434049652,
    "operatingIncome": 54969000,
    "operatingIncomeRatio": 0.3206460871,
    "totalOtherIncomeExpensesNet": -54969000,
    "incomeBeforeTax": 118269000,
    "incomeBeforeTaxRatio": 0.6898887022,
    "incomeTaxExpense": 0,
    "netIncome": 118269000,
    "netIncomeRatio": 0.6898887022,
    "eps": 0.0012,
    "epsdiluted": 0.0012,
    "weightedAverageShsOut": 98937407,
    "weightedAverageShsOutDil": 101361013,
    "link": "https://www.sec.gov/Archives/edgar/data/1045609/000095013407017490/0000950134-07-017490-index.htm",
    "finalLink": "https://www.sec.gov/Archives/edgar/data/1045609/000095013407017490/f32597e10vq.htm"
  },
  {
    "date": "2007-03-31",
    "symbol": "PLD",
    "reportedCurrency": "USD",
    "cik": "0001045609",
    "fillingDate": "2007-05-09",
    "acceptedDate": "2007-05-08 18:50:56",
    "calendarYear": "2007",
    "period": "Q1",
    "revenue": 168007000,
    "costOfRevenue": 25029000,
    "grossProfit": 139476000,
    "grossProfitRatio": 0.8301796949,
    "researchAndDevelopmentExpenses": 12192000,
    "generalAndAdministrativeExpenses": 29854000,
    "sellingAndMarketingExpenses": 0,
    "sellingGeneralAndAdministrativeExpenses": 29854000,
    "otherExpenses": 48329000,
    "operatingExpenses": 90375000,
    "costAndExpenses": 115404000,
    "interestIncome": 0,
    "interestExpense": 0,
    "depreciationAndAmortization": 41282000,
    "ebitda": 90383000,
    "ebitdaratio": 0.5379716321,
    "operatingIncome": 49101000,
    "operatingIncomeRatio": 0.2922556798,
    "totalOtherIncomeExpensesNet": -49101000,
    "incomeBeforeTax": 25682000,
    "incomeBeforeTaxRatio": 0.1528626783,
    "incomeTaxExpense": 0,
    "netIncome": 25682000,
    "netIncomeRatio": 0.1528626783,
    "eps": 0.0003,
    "epsdiluted": 0.0003,
    "weightedAverageShsOut": 92265002,
    "weightedAverageShsOutDil": 95098711,
    "link": "https://www.sec.gov/Archives/edgar/data/1045609/000095013407010683/0000950134-07-010683-index.htm",
    "finalLink": "https://www.sec.gov/Archives/edgar/data/1045609/000095013407010683/f29984e10vq.htm"
  },
  {
    "date": "2006-12-31",
    "symbol": "PLD",
    "reportedCurrency": "USD",
    "cik": "0001045609",
    "fillingDate": "2007-02-23",
    "acceptedDate": "2007-02-23 16:14:34",
    "calendarYear": "2006",
    "period": "Q4",
    "revenue": 180918000,
    "costOfRevenue": 0,
    "grossProfit": 0,
    "grossProfitRatio": 0,
    "researchAndDevelopmentExpenses": 0,
    "generalAndAdministrativeExpenses": 0,
    "sellingAndMarketingExpenses": 0,
    "sellingGeneralAndAdministrativeExpenses": 30219000,
    "otherExpenses": 84507000,
    "operatingExpenses": 114726000,
    "costAndExpenses": 114726000,
    "interestIncome": 0,
    "interestExpense": 0,
    "depreciationAndAmortization": 44465000,
    "ebitda": 175152000,
    "ebitdaratio": 0.9681292077,
    "operatingIncome": 66192000,
    "operatingIncomeRatio": 0.3658674095,
    "totalOtherIncomeExpensesNet": -66192000,
    "incomeBeforeTax": 87755000,
    "incomeBeforeTaxRatio": 0.4850540024,
    "incomeTaxExpense": 0,
    "netIncome": 87755000,
    "netIncomeRatio": 0.4850540024,
    "eps": 1,
    "epsdiluted": 0.96,
    "weightedAverageShsOut": 87710499,
    "weightedAverageShsOutDil": 91106892,
    "link": "https://www.sec.gov/Archives/edgar/data/1045609/000095013407003972/0000950134-07-003972-index.htm",
    "finalLink": "https://www.sec.gov/Archives/edgar/data/1045609/000095013407003972/f27574e10vk.htm"
  },
  {
    "date": "2006-09-30",
    "symbol": "PLD",
    "reportedCurrency": "USD",
    "cik": "0001045609",
    "fillingDate": "2006-11-08",
    "acceptedDate": "2006-11-07 20:02:12",
    "calendarYear": "2006",
    "period": "Q3",
    "revenue": 187695000,
    "costOfRevenue": 0,
    "grossProfit": 0,
    "grossProfitRatio": 0,
    "researchAndDevelopmentExpenses": 23517000,
    "generalAndAdministrativeExpenses": 25641000,
    "sellingAndMarketingExpenses": 0,
    "sellingGeneralAndAdministrativeExpenses": 25641000,
    "otherExpenses": 69325000,
    "operatingExpenses": 118483000,
    "costAndExpenses": 118483000,
    "interestIncome": 0,
    "interestExpense": 0,
    "depreciationAndAmortization": 48724000,
    "ebitda": 110576000,
    "ebitdaratio": 0.5891259757,
    "operatingIncome": 61852000,
    "operatingIncomeRatio": 0.3295346173,
    "totalOtherIncomeExpensesNet": -61852000,
    "incomeBeforeTax": 33387000,
    "incomeBeforeTaxRatio": 0.1778790058,
    "incomeTaxExpense": 0,
    "netIncome": 33387000,
    "netIncomeRatio": 0.1778790058,
    "eps": 0.0004,
    "epsdiluted": 0.0004,
    "weightedAverageShsOut": 88029033,
    "weightedAverageShsOutDil": 91058029,
    "link": "https://www.sec.gov/Archives/edgar/data/1045609/000095013406020810/0000950134-06-020810-index.htm",
    "finalLink": "https://www.sec.gov/Archives/edgar/data/1045609/000095013406020810/f24925e10vq.htm"
  },
  {
    "date": "2006-06-30",
    "symbol": "PLD",
    "reportedCurrency": "USD",
    "cik": "0001045609",
    "fillingDate": "2006-08-08",
    "acceptedDate": "2006-08-08 15:25:37",
    "calendarYear": "2006",
    "period": "Q2",
    "revenue": 180273000,
    "costOfRevenue": 0,
    "grossProfit": 0,
    "grossProfitRatio": 0,
    "researchAndDevelopmentExpenses": 45698000,
    "generalAndAdministrativeExpenses": 25144000,
    "sellingAndMarketingExpenses": 0,
    "sellingGeneralAndAdministrativeExpenses": 25142000,
    "otherExpenses": 47968000,
    "operatingExpenses": 118808000,
    "costAndExpenses": 118808000,
    "interestIncome": 0,
    "interestExpense": 0,
    "depreciationAndAmortization": 49832000,
    "ebitda": 106941000,
    "ebitdaratio": 0.5932169543,
    "operatingIncome": 57109000,
    "operatingIncomeRatio": 0.3167917547,
    "totalOtherIncomeExpensesNet": -57109000,
    "incomeBeforeTax": 75353000,
    "incomeBeforeTaxRatio": 0.4179938205,
    "incomeTaxExpense": 0,
    "netIncome": 75353000,
    "netIncomeRatio": 0.4179938205,
    "eps": 0.0009,
    "epsdiluted": 0.0008,
    "weightedAverageShsOut": 87317494,
    "weightedAverageShsOutDil": 90135659,
    "link": "https://www.sec.gov/Archives/edgar/data/1045609/000095013406015251/0000950134-06-015251-index.htm",
    "finalLink": "https://www.sec.gov/Archives/edgar/data/1045609/000095013406015251/f22630e10vq.htm"
  },
  {
    "date": "2006-03-31",
    "symbol": "PLD",
    "reportedCurrency": "USD",
    "cik": "0001045609",
    "fillingDate": "2006-05-10",
    "acceptedDate": "2006-05-10 13:00:24",
    "calendarYear": "2006",
    "period": "Q1",
    "revenue": 181513000,
    "costOfRevenue": 0,
    "grossProfit": 0,
    "grossProfitRatio": 0,
    "researchAndDevelopmentExpenses": 674000,
    "generalAndAdministrativeExpenses": 23048000,
    "sellingAndMarketingExpenses": 0,
    "sellingGeneralAndAdministrativeExpenses": 23048000,
    "otherExpenses": 87374000,
    "operatingExpenses": 111096000,
    "costAndExpenses": 111096000,
    "interestIncome": 0,
    "interestExpense": 0,
    "depreciationAndAmortization": 43268000,
    "ebitda": 108579000,
    "ebitdaratio": 0.5981885595,
    "operatingIncome": 65311000,
    "operatingIncomeRatio": 0.3598144486,
    "totalOtherIncomeExpensesNet": -65311000,
    "incomeBeforeTax": 27577000,
    "incomeBeforeTaxRatio": 0.151928512,
    "incomeTaxExpense": 0,
    "netIncome": 27577000,
    "netIncomeRatio": 0.151928512,
    "eps": 0.0003,
    "epsdiluted": 0.0003,
    "weightedAverageShsOut": 86432895,
    "weightedAverageShsOutDil": 90179329,
    "link": "https://www.sec.gov/Archives/edgar/data/1045609/000095014906000258/0000950149-06-000258-index.htm",
    "finalLink": "https://www.sec.gov/Archives/edgar/data/1045609/000095014906000258/f20390e10vq.htm"
  },
  {
    "date": "2005-12-31",
    "symbol": "PLD",
    "reportedCurrency": "USD",
    "cik": "0001045609",
    "fillingDate": "2006-03-10",
    "acceptedDate": "2006-03-10 17:04:59",
    "calendarYear": "2005",
    "period": "Q4",
    "revenue": 158599000,
    "costOfRevenue": 0,
    "grossProfit": 0,
    "grossProfitRatio": 0,
    "researchAndDevelopmentExpenses": 0,
    "generalAndAdministrativeExpenses": 20339000,
    "sellingAndMarketingExpenses": 0,
    "sellingGeneralAndAdministrativeExpenses": 20339000,
    "otherExpenses": 65919000,
    "operatingExpenses": 86258000,
    "costAndExpenses": 86258000,
    "interestIncome": 0,
    "interestExpense": 0,
    "depreciationAndAmortization": 48010000,
    "ebitda": 120351000,
    "ebitdaratio": 0.7588383281,
    "operatingIncome": 72341000,
    "operatingIncomeRatio": 0.4561251962,
    "totalOtherIncomeExpensesNet": -72341000,
    "incomeBeforeTax": 141183000,
    "incomeBeforeTaxRatio": 0.8901884627,
    "incomeTaxExpense": 0,
    "netIncome": 141183000,
    "netIncomeRatio": 0.8901884627,
    "eps": 1.68,
    "epsdiluted": 1.61,
    "weightedAverageShsOut": 84048935,
    "weightedAverageShsOutDil": 87873398,
    "link": "https://www.sec.gov/Archives/edgar/data/1045609/000095013406004746/0000950134-06-004746-index.htm",
    "finalLink": "https://www.sec.gov/Archives/edgar/data/1045609/000095013406004746/f18099e10vk.htm"
  },
  {
    "date": "2005-09-30",
    "symbol": "PLD",
    "reportedCurrency": "USD",
    "cik": "0001045609",
    "fillingDate": "2005-11-09",
    "acceptedDate": "2005-11-08 18:18:01",
    "calendarYear": "2005",
    "period": "Q3",
    "revenue": 175422000,
    "costOfRevenue": 0,
    "grossProfit": 0,
    "grossProfitRatio": 0,
    "researchAndDevelopmentExpenses": 0,
    "generalAndAdministrativeExpenses": 16815000,
    "sellingAndMarketingExpenses": 0,
    "sellingGeneralAndAdministrativeExpenses": 16815000,
    "otherExpenses": 83590000,
    "operatingExpenses": 100405000,
    "costAndExpenses": 100405000,
    "interestIncome": 0,
    "interestExpense": 0,
    "depreciationAndAmortization": 61126000,
    "ebitda": 120399000,
    "ebitdaratio": 0.6863392277,
    "operatingIncome": 59671000,
    "operatingIncomeRatio": 0.3401568788,
    "totalOtherIncomeExpensesNet": -59671000,
    "incomeBeforeTax": 29068000,
    "incomeBeforeTaxRatio": 0.1657032755,
    "incomeTaxExpense": 0,
    "netIncome": 29068000,
    "netIncomeRatio": 0.1657032755,
    "eps": 0.0003,
    "epsdiluted": 0.0003,
    "weightedAverageShsOut": 84437568,
    "weightedAverageShsOutDil": 88373479,
    "link": "https://www.sec.gov/Archives/edgar/data/1045609/000095013405020896/0000950134-05-020896-index.htm",
    "finalLink": "https://www.sec.gov/Archives/edgar/data/1045609/000095013405020896/f14213e10vq.htm"
  },
  {
    "date": "2005-06-30",
    "symbol": "PLD",
    "reportedCurrency": "USD",
    "cik": "0001045609",
    "fillingDate": "2005-08-09",
    "acceptedDate": "2005-08-08 19:10:44",
    "calendarYear": "2005",
    "period": "Q2",
    "revenue": 172277000,
    "costOfRevenue": 0,
    "grossProfit": 0,
    "grossProfitRatio": 0,
    "researchAndDevelopmentExpenses": 0,
    "generalAndAdministrativeExpenses": 18629000,
    "sellingAndMarketingExpenses": 0,
    "sellingGeneralAndAdministrativeExpenses": 20111000,
    "otherExpenses": 77268000,
    "operatingExpenses": 97379000,
    "costAndExpenses": 97379000,
    "interestIncome": 0,
    "interestExpense": 0,
    "depreciationAndAmortization": 33104000,
    "ebitda": 98193000,
    "ebitdaratio": 0.5699716155,
    "operatingIncome": 60429000,
    "operatingIncomeRatio": 0.3507664981,
    "totalOtherIncomeExpensesNet": -60429000,
    "incomeBeforeTax": 40789000,
    "incomeBeforeTaxRatio": 0.2367640486,
    "incomeTaxExpense": 0,
    "netIncome": 40789000,
    "netIncomeRatio": 0.2367640486,
    "eps": 0.0005,
    "epsdiluted": 0.0005,
    "weightedAverageShsOut": 83521538,
    "weightedAverageShsOutDil": 87076011,
    "link": "https://www.sec.gov/Archives/edgar/data/1045609/000095013405015202/0000950134-05-015202-index.htm",
    "finalLink": "https://www.sec.gov/Archives/edgar/data/1045609/000095013405015202/f11244e10vq.htm"
  },
  {
    "date": "2005-03-31",
    "symbol": "PLD",
    "reportedCurrency": "USD",
    "cik": "0001045609",
    "fillingDate": "2005-05-06",
    "acceptedDate": "2005-05-06 16:38:06",
    "calendarYear": "2005",
    "period": "Q1",
    "revenue": 172374000,
    "costOfRevenue": 0,
    "grossProfit": 0,
    "grossProfitRatio": 0,
    "researchAndDevelopmentExpenses": 0,
    "generalAndAdministrativeExpenses": 18544000,
    "sellingAndMarketingExpenses": 0,
    "sellingGeneralAndAdministrativeExpenses": 18544000,
    "otherExpenses": 80601000,
    "operatingExpenses": 99145000,
    "costAndExpenses": 99145000,
    "interestIncome": 0,
    "interestExpense": 0,
    "depreciationAndAmortization": 39532000,
    "ebitda": 97109000,
    "ebitdaratio": 0.563362224,
    "operatingIncome": 57577000,
    "operatingIncomeRatio": 0.3340236927,
    "totalOtherIncomeExpensesNet": -57577000,
    "incomeBeforeTax": 46767000,
    "incomeBeforeTaxRatio": 0.2713112186,
    "incomeTaxExpense": 0,
    "netIncome": 46767000,
    "netIncomeRatio": 0.2713112186,
    "eps": 0.0006,
    "epsdiluted": 0.0005,
    "weightedAverageShsOut": 83133730,
    "weightedAverageShsOutDil": 86516695,
    "link": "https://www.sec.gov/Archives/edgar/data/1045609/000095013405009273/0000950134-05-009273-index.htm",
    "finalLink": "https://www.sec.gov/Archives/edgar/data/1045609/000095013405009273/f08686e10vq.htm"
  },
  {
    "date": "2004-12-31",
    "symbol": "PLD",
    "reportedCurrency": "USD",
    "cik": "0001045609",
    "fillingDate": "2005-03-11",
    "acceptedDate": "2005-03-11 17:29:50",
    "calendarYear": "2004",
    "period": "Q4",
    "revenue": 160612000,
    "costOfRevenue": 0,
    "grossProfit": 0,
    "grossProfitRatio": 0,
    "researchAndDevelopmentExpenses": 0,
    "generalAndAdministrativeExpenses": 13250000,
    "sellingAndMarketingExpenses": 0,
    "sellingGeneralAndAdministrativeExpenses": 13250000,
    "otherExpenses": 80695000,
    "operatingExpenses": 93945000,
    "costAndExpenses": 93945000,
    "interestIncome": 0,
    "interestExpense": 0,
    "depreciationAndAmortization": 39028000,
    "ebitda": 105695000,
    "ebitdaratio": 0.658076607,
    "operatingIncome": 66667000,
    "operatingIncomeRatio": 0.4150810649,
    "totalOtherIncomeExpensesNet": -66667000,
    "incomeBeforeTax": 57934000,
    "incomeBeforeTaxRatio": 0.3607077927,
    "incomeTaxExpense": 0,
    "netIncome": 57934000,
    "netIncomeRatio": 0.3607077927,
    "eps": 0.71,
    "epsdiluted": 0.68,
    "weightedAverageShsOut": 82133626,
    "weightedAverageShsOutDil": 85368625,
    "link": "https://www.sec.gov/Archives/edgar/data/1045609/000095014905000067/0000950149-05-000067-index.htm",
    "finalLink": "https://www.sec.gov/Archives/edgar/data/1045609/000095014905000067/f06482e10vk.htm"
  },
  {
    "date": "2004-09-30",
    "symbol": "PLD",
    "reportedCurrency": "USD",
    "cik": "0001045609",
    "fillingDate": "2004-11-09",
    "acceptedDate": "2004-11-09 12:17:05",
    "calendarYear": "2004",
    "period": "Q3",
    "revenue": 176529000,
    "costOfRevenue": 0,
    "grossProfit": 0,
    "grossProfitRatio": 0,
    "researchAndDevelopmentExpenses": 0,
    "generalAndAdministrativeExpenses": 15656000,
    "sellingAndMarketingExpenses": 0,
    "sellingGeneralAndAdministrativeExpenses": 15656000,
    "otherExpenses": 80792000,
    "operatingExpenses": 96448000,
    "costAndExpenses": 96448000,
    "interestIncome": 0,
    "interestExpense": 0,
    "depreciationAndAmortization": 32255000,
    "ebitda": 110829000,
    "ebitdaratio": 0.6278231905,
    "operatingIncome": 71341000,
    "operatingIncomeRatio": 0.404131899,
    "totalOtherIncomeExpensesNet": -71341000,
    "incomeBeforeTax": 32049000,
    "incomeBeforeTaxRatio": 0.1815509066,
    "incomeTaxExpense": 0,
    "netIncome": 32049000,
    "netIncomeRatio": 0.1815509066,
    "eps": 0.0004,
    "epsdiluted": 0.0004,
    "weightedAverageShsOut": 82193473,
    "weightedAverageShsOutDil": 85395787,
    "link": "https://www.sec.gov/Archives/edgar/data/1045609/000095013404016875/0000950134-04-016875-index.htm",
    "finalLink": "https://www.sec.gov/Archives/edgar/data/1045609/000095013404016875/f02910e10vq.htm"
  },
  {
    "date": "2004-06-30",
    "symbol": "PLD",
    "reportedCurrency": "USD",
    "cik": "0001045609",
    "fillingDate": "2004-08-06",
    "acceptedDate": "2004-08-06 16:16:28",
    "calendarYear": "2004",
    "period": "Q2",
    "revenue": 165626000,
    "costOfRevenue": 0,
    "grossProfit": 0,
    "grossProfitRatio": 0,
    "researchAndDevelopmentExpenses": 0,
    "generalAndAdministrativeExpenses": 14731000,
    "sellingAndMarketingExpenses": 0,
    "sellingGeneralAndAdministrativeExpenses": 14731000,
    "otherExpenses": 77859000,
    "operatingExpenses": 92590000,
    "costAndExpenses": 92590000,
    "interestIncome": 0,
    "interestExpense": 0,
    "depreciationAndAmortization": 42852000,
    "ebitda": 103022000,
    "ebitdaratio": 0.6220158671,
    "operatingIncome": 63405000,
    "operatingIncomeRatio": 0.3828203301,
    "totalOtherIncomeExpensesNet": -63405000,
    "incomeBeforeTax": 20203000,
    "incomeBeforeTaxRatio": 0.1219796409,
    "incomeTaxExpense": 0,
    "netIncome": 20203000,
    "netIncomeRatio": 0.1219796409,
    "eps": 0.0002,
    "epsdiluted": 0.0002,
    "weightedAverageShsOut": 82071604,
    "weightedAverageShsOutDil": 84535762,
    "link": "https://www.sec.gov/Archives/edgar/data/1045609/000095013404011609/0000950134-04-011609-index.htm",
    "finalLink": "https://www.sec.gov/Archives/edgar/data/1045609/000095013404011609/f00828e10vq.htm"
  },
  {
    "date": "2004-03-31",
    "symbol": "PLD",
    "reportedCurrency": "USD",
    "cik": "0001045609",
    "fillingDate": "2004-05-07",
    "acceptedDate": "2004-05-07 14:19:43",
    "calendarYear": "2004",
    "period": "Q1",
    "revenue": 166241000,
    "costOfRevenue": 0,
    "grossProfit": 0,
    "grossProfitRatio": 0,
    "researchAndDevelopmentExpenses": 0,
    "generalAndAdministrativeExpenses": 14567000,
    "sellingAndMarketingExpenses": 0,
    "sellingGeneralAndAdministrativeExpenses": 14567000,
    "otherExpenses": 78541000,
    "operatingExpenses": 93108000,
    "costAndExpenses": 93108000,
    "interestIncome": 0,
    "interestExpense": 0,
    "depreciationAndAmortization": 37255000,
    "ebitda": 101784000,
    "ebitdaratio": 0.6122677318,
    "operatingIncome": 64529000,
    "operatingIncomeRatio": 0.3881653744,
    "totalOtherIncomeExpensesNet": -64529000,
    "incomeBeforeTax": 17820000,
    "incomeBeforeTaxRatio": 0.1071937729,
    "incomeTaxExpense": 0,
    "netIncome": 17820000,
    "netIncomeRatio": 0.1071937729,
    "eps": 0.18,
    "epsdiluted": 0.17,
    "weightedAverageShsOut": 81691433,
    "weightedAverageShsOutDil": 84861964,
    "link": "https://www.sec.gov/Archives/edgar/data/1045609/000095014904000949/0000950149-04-000949-index.htm",
    "finalLink": "https://www.sec.gov/Archives/edgar/data/1045609/000095014904000949/f98680e10vq.htm"
  },
  {
    "date": "2003-12-31",
    "symbol": "PLD",
    "reportedCurrency": "USD",
    "cik": "0001045609",
    "fillingDate": "2004-03-11",
    "acceptedDate": "2004-03-11 16:19:56",
    "calendarYear": "2003",
    "period": "Q4",
    "revenue": 156281000,
    "costOfRevenue": 0,
    "grossProfit": 0,
    "grossProfitRatio": 0,
    "researchAndDevelopmentExpenses": 0,
    "generalAndAdministrativeExpenses": 12542000,
    "sellingAndMarketingExpenses": 0,
    "sellingGeneralAndAdministrativeExpenses": 12542000,
    "otherExpenses": 75924000,
    "operatingExpenses": 88466000,
    "costAndExpenses": 88466000,
    "interestIncome": 0,
    "interestExpense": 0,
    "depreciationAndAmortization": 34245000,
    "ebitda": 96809000,
    "ebitdaratio": 0.6194547002,
    "operatingIncome": 67815000,
    "operatingIncomeRatio": 0.4339299083,
    "totalOtherIncomeExpensesNet": -67815000,
    "incomeBeforeTax": 29562000,
    "incomeBeforeTaxRatio": 0.1891592708,
    "incomeTaxExpense": 0,
    "netIncome": 29562000,
    "netIncomeRatio": 0.1891592708,
    "eps": 0.36,
    "epsdiluted": 0.36,
    "weightedAverageShsOut": 81096061,
    "weightedAverageShsOutDil": 82852527,
    "link": "https://www.sec.gov/Archives/edgar/data/1045609/000095014904000613/0000950149-04-000613-index.htm",
    "finalLink": "https://www.sec.gov/Archives/edgar/data/1045609/000095014904000613/f97187e10vk.txt"
  },
  {
    "date": "2003-09-30",
    "symbol": "PLD",
    "reportedCurrency": "USD",
    "cik": "0001045609",
    "fillingDate": "2003-11-14",
    "acceptedDate": "2003-11-13 21:33:49",
    "calendarYear": "2003",
    "period": "Q3",
    "revenue": 150167000,
    "costOfRevenue": 0,
    "grossProfit": 0,
    "grossProfitRatio": 0,
    "researchAndDevelopmentExpenses": 0,
    "generalAndAdministrativeExpenses": 10824000,
    "sellingAndMarketingExpenses": 0,
    "sellingGeneralAndAdministrativeExpenses": 10824000,
    "otherExpenses": 72863000,
    "operatingExpenses": 83687000,
    "costAndExpenses": 83687000,
    "interestIncome": 0,
    "interestExpense": 0,
    "depreciationAndAmortization": 31347000,
    "ebitda": 97441000,
    "ebitdaratio": 0.6488842422,
    "operatingIncome": 63707000,
    "operatingIncomeRatio": 0.4242410117,
    "totalOtherIncomeExpensesNet": -63707000,
    "incomeBeforeTax": 26953000,
    "incomeBeforeTaxRatio": 0.179486838,
    "incomeTaxExpense": 0,
    "netIncome": 26953000,
    "netIncomeRatio": 0.179486838,
    "eps": 0.0003,
    "epsdiluted": 0.0003,
    "weightedAverageShsOut": 81096837,
    "weightedAverageShsOutDil": 82720130,
    "link": "https://www.sec.gov/Archives/edgar/data/1045609/000095014903002718/0000950149-03-002718-index.htm",
    "finalLink": "https://www.sec.gov/Archives/edgar/data/1045609/000095014903002718/f94303e10vq.htm"
  },
  {
    "date": "2003-06-03",
    "symbol": "PLD",
    "reportedCurrency": "USD",
    "cik": "0001045609",
    "fillingDate": "2003-08-13",
    "acceptedDate": "2003-08-13 17:10:06",
    "calendarYear": "2003",
    "period": "Q2",
    "revenue": 154687000,
    "costOfRevenue": 0,
    "grossProfit": 0,
    "grossProfitRatio": 0,
    "researchAndDevelopmentExpenses": 0,
    "generalAndAdministrativeExpenses": 12122000,
    "sellingAndMarketingExpenses": 0,
    "sellingGeneralAndAdministrativeExpenses": 12122000,
    "otherExpenses": 76203000,
    "operatingExpenses": 88325000,
    "costAndExpenses": 88325000,
    "interestIncome": 0,
    "interestExpense": 0,
    "depreciationAndAmortization": 37067000,
    "ebitda": 98813000,
    "ebitdaratio": 0.6387931759,
    "operatingIncome": 60663000,
    "operatingIncomeRatio": 0.3921661161,
    "totalOtherIncomeExpensesNet": -60663000,
    "incomeBeforeTax": 18126000,
    "incomeBeforeTaxRatio": 0.1171785606,
    "incomeTaxExpense": 0,
    "netIncome": 18126000,
    "netIncomeRatio": 0.1171785606,
    "eps": 0.0002,
    "epsdiluted": 0.0002,
    "weightedAverageShsOut": 81015506,
    "weightedAverageShsOutDil": 82465984,
    "link": "https://www.sec.gov/Archives/edgar/data/1045609/000095014903001915/0000950149-03-001915-index.htm",
    "finalLink": "https://www.sec.gov/Archives/edgar/data/1045609/000095014903001915/f92134e10vq.htm"
  },
  {
    "date": "2003-03-31",
    "symbol": "PLD",
    "reportedCurrency": "USD",
    "cik": "0001045609",
    "fillingDate": "2003-05-14",
    "acceptedDate": "2003-05-14 13:07:26",
    "calendarYear": "2003",
    "period": "Q1",
    "revenue": 163025000,
    "costOfRevenue": 0,
    "grossProfit": 0,
    "grossProfitRatio": 0,
    "researchAndDevelopmentExpenses": 0,
    "generalAndAdministrativeExpenses": 12186000,
    "sellingAndMarketingExpenses": 0,
    "sellingGeneralAndAdministrativeExpenses": 12186000,
    "otherExpenses": 74089000,
    "operatingExpenses": 86275000,
    "costAndExpenses": 86275000,
    "interestIncome": 0,
    "interestExpense": 0,
    "depreciationAndAmortization": 34433000,
    "ebitda": 99042000,
    "ebitdaratio": 0.607526453,
    "operatingIncome": 64609000,
    "operatingIncomeRatio": 0.3963134489,
    "totalOtherIncomeExpensesNet": -64609000,
    "incomeBeforeTax": 59378000,
    "incomeBeforeTaxRatio": 0.3642263457,
    "incomeTaxExpense": 0,
    "netIncome": 59378000,
    "netIncomeRatio": 0.3642263457,
    "eps": 0.0007,
    "epsdiluted": 0.0007,
    "weightedAverageShsOut": 81097725,
    "weightedAverageShsOutDil": 82514156,
    "link": "https://www.sec.gov/Archives/edgar/data/1045609/000095014903001136/0000950149-03-001136-index.htm",
    "finalLink": "https://www.sec.gov/Archives/edgar/data/1045609/000095014903001136/f89903e10vq.htm"
  },
  {
    "date": "2002-12-31",
    "symbol": "PLD",
    "reportedCurrency": "USD",
    "cik": "0001045609",
    "fillingDate": "2003-03-17",
    "acceptedDate": "2003-03-17 16:27:55",
    "calendarYear": "2002",
    "period": "Q4",
    "revenue": 133506000,
    "costOfRevenue": 0,
    "grossProfit": 0,
    "grossProfitRatio": 0,
    "researchAndDevelopmentExpenses": 0,
    "generalAndAdministrativeExpenses": 13000000,
    "sellingAndMarketingExpenses": 0,
    "sellingGeneralAndAdministrativeExpenses": 13000000,
    "otherExpenses": 63404000,
    "operatingExpenses": 76404000,
    "costAndExpenses": 76404000,
    "interestIncome": 0,
    "interestExpense": 0,
    "depreciationAndAmortization": 39477000,
    "ebitda": 96579000,
    "ebitdaratio": 0.7234056896,
    "operatingIncome": 57102000,
    "operatingIncomeRatio": 0.4277111141,
    "totalOtherIncomeExpensesNet": -57102000,
    "incomeBeforeTax": 38010000,
    "incomeBeforeTaxRatio": 0.2847063053,
    "incomeTaxExpense": 0,
    "netIncome": 38010000,
    "netIncomeRatio": 0.2847063053,
    "eps": 0.46,
    "epsdiluted": 0.45,
    "weightedAverageShsOut": 83310884,
    "weightedAverageShsOutDil": 84795986,
    "link": "https://www.sec.gov/Archives/edgar/data/1045609/000095014903000562/0000950149-03-000562-index.htm",
    "finalLink": "https://www.sec.gov/Archives/edgar/data/1045609/000095014903000562/f87871e10vk.htm"
  },
  {
    "date": "2002-09-30",
    "symbol": "PLD",
    "reportedCurrency": "USD",
    "cik": "0001045609",
    "fillingDate": "2002-11-12",
    "acceptedDate": "2002-11-12 16:12:53",
    "calendarYear": "2002",
    "period": "Q3",
    "revenue": 164980000,
    "costOfRevenue": 0,
    "grossProfit": 0,
    "grossProfitRatio": 0,
    "researchAndDevelopmentExpenses": 0,
    "generalAndAdministrativeExpenses": 12376000,
    "sellingAndMarketingExpenses": 0,
    "sellingGeneralAndAdministrativeExpenses": 12376000,
    "otherExpenses": 74407000,
    "operatingExpenses": 86783000,
    "costAndExpenses": 86783000,
    "interestIncome": 0,
    "interestExpense": 0,
    "depreciationAndAmortization": 32201000,
    "ebitda": 111946000,
    "ebitdaratio": 0.6785428537,
    "operatingIncome": 78197000,
    "operatingIncomeRatio": 0.4739786641,
    "totalOtherIncomeExpensesNet": -78197000,
    "incomeBeforeTax": 27074000,
    "incomeBeforeTaxRatio": 0.16410474,
    "incomeTaxExpense": 0,
    "netIncome": 27074000,
    "netIncomeRatio": 0.16410474,
    "eps": 0.32,
    "epsdiluted": 0.0003,
    "weightedAverageShsOut": 83723897,
    "weightedAverageShsOutDil": 85527829,
    "link": "https://www.sec.gov/Archives/edgar/data/1045609/000095014902002259/0000950149-02-002259-index.htm",
    "finalLink": "https://www.sec.gov/Archives/edgar/data/1045609/000095014902002259/f85594e10vq.htm"
  },
  {
    "date": "2002-06-30",
    "symbol": "PLD",
    "reportedCurrency": "USD",
    "cik": "0001045609",
    "fillingDate": "2002-08-09",
    "acceptedDate": "2002-08-09 15:05:34",
    "calendarYear": "2002",
    "period": "Q2",
    "revenue": 157823000,
    "costOfRevenue": 0,
    "grossProfit": 0,
    "grossProfitRatio": 0,
    "researchAndDevelopmentExpenses": 0,
    "generalAndAdministrativeExpenses": 10762000,
    "sellingAndMarketingExpenses": 0,
    "sellingGeneralAndAdministrativeExpenses": 10762000,
    "otherExpenses": 60966000,
    "operatingExpenses": 71728000,
    "costAndExpenses": 71728000,
    "interestIncome": 0,
    "interestExpense": 0,
    "depreciationAndAmortization": 33310000,
    "ebitda": 246922000,
    "ebitdaratio": 1.5645501606,
    "operatingIncome": 78246000,
    "operatingIncomeRatio": 0.4957832509,
    "totalOtherIncomeExpensesNet": -78246000,
    "incomeBeforeTax": 28850000,
    "incomeBeforeTaxRatio": 0.1827997187,
    "incomeTaxExpense": 0,
    "netIncome": 28850000,
    "netIncomeRatio": 0.1827997187,
    "eps": 0.35,
    "epsdiluted": 0.0003,
    "weightedAverageShsOut": 83319047,
    "weightedAverageShsOutDil": 85529416,
    "link": "https://www.sec.gov/Archives/edgar/data/1045609/000095014902001612/0000950149-02-001612-index.htm",
    "finalLink": "https://www.sec.gov/Archives/edgar/data/1045609/000095014902001612/f83519e10vq.htm"
  },
  {
    "date": "2002-03-31",
    "symbol": "PLD",
    "reportedCurrency": "USD",
    "cik": "0001045609",
    "fillingDate": "2002-04-26",
    "acceptedDate": "2002-04-26 00:00:00",
    "calendarYear": "2002",
    "period": "Q1",
    "revenue": 159162000,
    "costOfRevenue": 0,
    "grossProfit": 0,
    "grossProfitRatio": 0,
    "researchAndDevelopmentExpenses": 0,
    "generalAndAdministrativeExpenses": 10137000,
    "sellingAndMarketingExpenses": 0,
    "sellingGeneralAndAdministrativeExpenses": 10137000,
    "otherExpenses": 55804000,
    "operatingExpenses": 65941000,
    "costAndExpenses": 65941000,
    "interestIncome": 0,
    "interestExpense": 0,
    "depreciationAndAmortization": 29675000,
    "ebitda": 240424000,
    "ebitdaratio": 1.5105615662,
    "operatingIncome": 82473000,
    "operatingIncomeRatio": 0.5181701662,
    "totalOtherIncomeExpensesNet": -82473000,
    "incomeBeforeTax": 30495000,
    "incomeBeforeTaxRatio": 0.1915972405,
    "incomeTaxExpense": 0,
    "netIncome": 30495000,
    "netIncomeRatio": 0.1915972405,
    "eps": 0.37,
    "epsdiluted": 0.0004,
    "weightedAverageShsOut": 83319047,
    "weightedAverageShsOutDil": 84781872,
    "link": "https://www.sec.gov/Archives/edgar/data/1045609/000095014902000781/0000950149-02-000781-index.htm",
    "finalLink": "https://www.sec.gov/Archives/edgar/data/1045609/000095014902000781/f81064e10-q.htm"
  },
  {
    "date": "2001-12-31",
    "symbol": "PLD",
    "reportedCurrency": "USD",
    "cik": "0001045609",
    "fillingDate": "2002-04-01",
    "acceptedDate": "2002-04-01 00:00:00",
    "calendarYear": "2001",
    "period": "Q4",
    "revenue": 154528000,
    "costOfRevenue": 0,
    "grossProfit": 0,
    "grossProfitRatio": 0,
    "researchAndDevelopmentExpenses": 0,
    "generalAndAdministrativeExpenses": 9640000,
    "sellingAndMarketingExpenses": 0,
    "sellingGeneralAndAdministrativeExpenses": 9640000,
    "otherExpenses": 54563000,
    "operatingExpenses": 64203000,
    "costAndExpenses": 64203000,
    "interestIncome": 0,
    "interestExpense": 0,
    "depreciationAndAmortization": 18276000,
    "ebitda": 108601000,
    "ebitdaratio": 0.7027917271,
    "operatingIncome": 90325000,
    "operatingIncomeRatio": 0.5845218989,
    "totalOtherIncomeExpensesNet": -90325000,
    "incomeBeforeTax": 32003000,
    "incomeBeforeTaxRatio": 0.2071016256,
    "incomeTaxExpense": 0,
    "netIncome": 32003000,
    "netIncomeRatio": 0.2071016256,
    "eps": 0.38,
    "epsdiluted": 0.38,
    "weightedAverageShsOut": 84174643,
    "weightedAverageShsOutDil": 85214065,
    "link": "https://www.sec.gov/Archives/edgar/data/1045609/000095014902000600/0000950149-02-000600-index.htm",
    "finalLink": "https://www.sec.gov/Archives/edgar/data/1045609/000095014902000600/f80308e10-k.htm"
  },
  {
    "date": "2001-09-30",
    "symbol": "PLD",
    "reportedCurrency": "USD",
    "cik": "0001045609",
    "fillingDate": "2001-11-13",
    "acceptedDate": "2001-11-13 00:00:00",
    "calendarYear": "2001",
    "period": "Q3",
    "revenue": 155457000,
    "costOfRevenue": 0,
    "grossProfit": 0,
    "grossProfitRatio": 0,
    "researchAndDevelopmentExpenses": 0,
    "generalAndAdministrativeExpenses": 8796000,
    "sellingAndMarketingExpenses": 0,
    "sellingGeneralAndAdministrativeExpenses": 8796000,
    "otherExpenses": 74310000,
    "operatingExpenses": 83106000,
    "costAndExpenses": 83106000,
    "interestIncome": 0,
    "interestExpense": 0,
    "depreciationAndAmortization": 38961000,
    "ebitda": 111312000,
    "ebitdaratio": 0.7160307995,
    "operatingIncome": 72351000,
    "operatingIncomeRatio": 0.4654084409,
    "totalOtherIncomeExpensesNet": -72351000,
    "incomeBeforeTax": 31577000,
    "incomeBeforeTaxRatio": 0.2031236934,
    "incomeTaxExpense": 0,
    "netIncome": 31577000,
    "netIncomeRatio": 0.2031236934,
    "eps": 0.37,
    "epsdiluted": 0.37,
    "weightedAverageShsOut": 84395107,
    "weightedAverageShsOutDil": 85644840,
    "link": "https://www.sec.gov/Archives/edgar/data/1045609/000095014901501756/0000950149-01-501756-index.htm",
    "finalLink": "https://www.sec.gov/Archives/edgar/data/1045609/000095014901501756/f76600e10-q.htm"
  },
  {
    "date": "2001-06-30",
    "symbol": "PLD",
    "reportedCurrency": "USD",
    "cik": "0001045609",
    "fillingDate": "2001-08-14",
    "acceptedDate": "2001-08-14 00:00:00",
    "calendarYear": "2001",
    "period": "Q2",
    "revenue": 146026000,
    "costOfRevenue": 0,
    "grossProfit": 0,
    "grossProfitRatio": 0,
    "researchAndDevelopmentExpenses": 0,
    "generalAndAdministrativeExpenses": 9201000,
    "sellingAndMarketingExpenses": 0,
    "sellingGeneralAndAdministrativeExpenses": 9201000,
    "otherExpenses": 77066000,
    "operatingExpenses": 86267000,
    "costAndExpenses": 86267000,
    "interestIncome": 0,
    "interestExpense": 0,
    "depreciationAndAmortization": 27323000,
    "ebitda": 87082000,
    "ebitdaratio": 0.5963458562,
    "operatingIncome": 59759000,
    "operatingIncomeRatio": 0.4092353417,
    "totalOtherIncomeExpensesNet": -59759000,
    "incomeBeforeTax": 29933000,
    "incomeBeforeTaxRatio": 0.2049840439,
    "incomeTaxExpense": 0,
    "netIncome": 29933000,
    "netIncomeRatio": 0.2049840439,
    "eps": 0.33,
    "epsdiluted": 0.33,
    "weightedAverageShsOut": 84461543,
    "weightedAverageShsOutDil": 85378726,
    "link": "https://www.sec.gov/Archives/edgar/data/1045609/000095014901501233/0000950149-01-501233-index.htm",
    "finalLink": "https://www.sec.gov/Archives/edgar/data/1045609/000095014901501233/f74831e10-q.htm"
  },
  {
    "date": "2001-03-31",
    "symbol": "PLD",
    "reportedCurrency": "USD",
    "cik": "0001045609",
    "fillingDate": "2001-05-09",
    "acceptedDate": "2001-05-09 00:00:00",
    "calendarYear": "2001",
    "period": "Q1",
    "revenue": 144834000,
    "costOfRevenue": 0,
    "grossProfit": 0,
    "grossProfitRatio": 0,
    "researchAndDevelopmentExpenses": 0,
    "generalAndAdministrativeExpenses": 8183000,
    "sellingAndMarketingExpenses": 0,
    "sellingGeneralAndAdministrativeExpenses": 8183000,
    "otherExpenses": 64429000,
    "operatingExpenses": 72612000,
    "costAndExpenses": 72612000,
    "interestIncome": 0,
    "interestExpense": 0,
    "depreciationAndAmortization": 26854000,
    "ebitda": 99076000,
    "ebitdaratio": 0.6840658961,
    "operatingIncome": 72222000,
    "operatingIncomeRatio": 0.4986536311,
    "totalOtherIncomeExpensesNet": -72222000,
    "incomeBeforeTax": 44440000,
    "incomeBeforeTaxRatio": 0.3068340307,
    "incomeTaxExpense": 0,
    "netIncome": 44440000,
    "netIncomeRatio": 0.3068340307,
    "eps": 0.5,
    "epsdiluted": 0.5,
    "weightedAverageShsOut": 83895992,
    "weightedAverageShsOutDil": 84720916,
    "link": "https://www.sec.gov/Archives/edgar/data/1045609/000095014901500651/0000950149-01-500651-index.htm",
    "finalLink": "https://www.sec.gov/Archives/edgar/data/1045609/000095014901500651/f72235e10-q.txt"
  },
  {
    "date": "2000-12-31",
    "symbol": "PLD",
    "reportedCurrency": "USD",
    "cik": "0001045609",
    "fillingDate": "2001-03-28",
    "acceptedDate": "2001-03-28 00:00:00",
    "calendarYear": "2000",
    "period": "Q4",
    "revenue": 132534000,
    "costOfRevenue": 0,
    "grossProfit": 0,
    "grossProfitRatio": 0,
    "researchAndDevelopmentExpenses": 0,
    "generalAndAdministrativeExpenses": 6428000,
    "sellingAndMarketingExpenses": 0,
    "sellingGeneralAndAdministrativeExpenses": 6428000,
    "otherExpenses": 61398000,
    "operatingExpenses": 67826000,
    "costAndExpenses": 67826000,
    "interestIncome": 0,
    "interestExpense": 0,
    "depreciationAndAmortization": 31123000,
    "ebitda": 95831000,
    "ebitdaratio": 0.7230672884,
    "operatingIncome": 64708000,
    "operatingIncomeRatio": 0.4882369807,
    "totalOtherIncomeExpensesNet": -64708000,
    "incomeBeforeTax": 25884000,
    "incomeBeforeTaxRatio": 0.1953008285,
    "incomeTaxExpense": 0,
    "netIncome": 25884000,
    "netIncomeRatio": 0.1953008285,
    "eps": 0.31,
    "epsdiluted": 0.31,
    "weightedAverageShsOut": 83697169,
    "weightedAverageShsOutDil": 84155305,
    "link": "https://www.sec.gov/Archives/edgar/data/1045609/000095014901000375/0000950149-01-000375-index.htm",
    "finalLink": "https://www.sec.gov/Archives/edgar/data/1045609/000095014901000375/f70165e10-k.txt"
  },
  {
    "date": "2000-09-30",
    "symbol": "PLD",
    "reportedCurrency": "USD",
    "cik": "0001045609",
    "fillingDate": "2000-11-07",
    "acceptedDate": "2000-11-07 00:00:00",
    "calendarYear": "2000",
    "period": "Q3",
    "revenue": 121371000,
    "costOfRevenue": 0,
    "grossProfit": 0,
    "grossProfitRatio": 0,
    "researchAndDevelopmentExpenses": 0,
    "generalAndAdministrativeExpenses": 5987000,
    "sellingAndMarketingExpenses": 0,
    "sellingGeneralAndAdministrativeExpenses": 5987000,
    "otherExpenses": 50706000,
    "operatingExpenses": 56693000,
    "costAndExpenses": 56693000,
    "interestIncome": 0,
    "interestExpense": 0,
    "depreciationAndAmortization": 23312000,
    "ebitda": 87990000,
    "ebitdaratio": 0.7249672492,
    "operatingIncome": 64678000,
    "operatingIncomeRatio": 0.5328950079,
    "totalOtherIncomeExpensesNet": -64678000,
    "incomeBeforeTax": 34846000,
    "incomeBeforeTaxRatio": 0.2871031795,
    "incomeTaxExpense": 0,
    "netIncome": 34846000,
    "netIncomeRatio": 0.2871031795,
    "eps": 0.39,
    "epsdiluted": 0.39,
    "weightedAverageShsOut": 84115612,
    "weightedAverageShsOutDil": 84725108,
    "link": "https://www.sec.gov/Archives/edgar/data/1045609/000095014900002338/0000950149-00-002338-index.htm",
    "finalLink": "https://www.sec.gov/Archives/edgar/data/1045609/000095014900002338/f66750e10-q.txt"
  },
  {
    "date": "2000-06-30",
    "symbol": "PLD",
    "reportedCurrency": "USD",
    "cik": "0001045609",
    "fillingDate": "2000-08-03",
    "acceptedDate": "2000-08-03 00:00:00",
    "calendarYear": "2000",
    "period": "Q2",
    "revenue": 113479000,
    "costOfRevenue": 0,
    "grossProfit": 0,
    "grossProfitRatio": 0,
    "researchAndDevelopmentExpenses": 0,
    "generalAndAdministrativeExpenses": 5984000,
    "sellingAndMarketingExpenses": 0,
    "sellingGeneralAndAdministrativeExpenses": 5984000,
    "otherExpenses": 47719000,
    "operatingExpenses": 53703000,
    "costAndExpenses": 53703000,
    "interestIncome": 0,
    "interestExpense": 0,
    "depreciationAndAmortization": 22631000,
    "ebitda": 82407000,
    "ebitdaratio": 0.7261872241,
    "operatingIncome": 59776000,
    "operatingIncomeRatio": 0.5267582548,
    "totalOtherIncomeExpensesNet": -59776000,
    "incomeBeforeTax": 30007000,
    "incomeBeforeTaxRatio": 0.2644277796,
    "incomeTaxExpense": 0,
    "netIncome": 30007000,
    "netIncomeRatio": 0.2644277796,
    "eps": 0.33,
    "epsdiluted": 0.33,
    "weightedAverageShsOut": 83848882,
    "weightedAverageShsOutDil": 84125276,
    "link": "https://www.sec.gov/Archives/edgar/data/1045609/000095014900001684/0000950149-00-001684-index.htm",
    "finalLink": "https://www.sec.gov/Archives/edgar/data/1045609/000095014900001684/e10-q.txt"
  },
  {
    "date": "2000-03-31",
    "symbol": "PLD",
    "reportedCurrency": "USD",
    "cik": "0001045609",
    "fillingDate": "2000-05-12",
    "acceptedDate": "2000-05-12 00:00:00",
    "calendarYear": "2000",
    "period": "Q1",
    "revenue": 110323000,
    "costOfRevenue": 0,
    "grossProfit": 0,
    "grossProfitRatio": 0,
    "researchAndDevelopmentExpenses": 0,
    "generalAndAdministrativeExpenses": 5351000,
    "sellingAndMarketingExpenses": 0,
    "sellingGeneralAndAdministrativeExpenses": 5351000,
    "otherExpenses": 44165000,
    "operatingExpenses": 49516000,
    "costAndExpenses": 49516000,
    "interestIncome": 0,
    "interestExpense": 0,
    "depreciationAndAmortization": 19192000,
    "ebitda": 79999000,
    "ebitdaratio": 0.7251343781,
    "operatingIncome": 60807000,
    "operatingIncomeRatio": 0.5511724663,
    "totalOtherIncomeExpensesNet": -60807000,
    "incomeBeforeTax": 31045000,
    "incomeBeforeTaxRatio": 0.2814009771,
    "incomeTaxExpense": 0,
    "netIncome": 31045000,
    "netIncomeRatio": 0.2814009771,
    "eps": 0.34,
    "epsdiluted": 0.34,
    "weightedAverageShsOut": 83849156,
    "weightedAverageShsOutDil": 83863197,
    "link": "https://www.sec.gov/Archives/edgar/data/1045609/000095014900001085/0000950149-00-001085-index.html",
    "finalLink": "https://www.sec.gov/Archives/edgar/data/1045609/000095014900001085/"
  },
  {
    "date": "1999-12-31",
    "symbol": "PLD",
    "reportedCurrency": "USD",
    "cik": "0001045609",
    "fillingDate": "2000-03-22",
    "acceptedDate": "2000-03-22 00:00:00",
    "calendarYear": "1999",
    "period": "Q4",
    "revenue": 78393000,
    "costOfRevenue": 0,
    "grossProfit": 0,
    "grossProfitRatio": 0,
    "researchAndDevelopmentExpenses": 0,
    "generalAndAdministrativeExpenses": 6107000,
    "sellingAndMarketingExpenses": 0,
    "sellingGeneralAndAdministrativeExpenses": 6107000,
    "otherExpenses": 326380000,
    "operatingExpenses": 332487000,
    "costAndExpenses": 332487000,
    "interestIncome": 0,
    "interestExpense": 0,
    "depreciationAndAmortization": 20366000,
    "ebitda": -233728000,
    "ebitdaratio": -2.9814906943,
    "operatingIncome": -254094000,
    "operatingIncomeRatio": -3.2412842983,
    "totalOtherIncomeExpensesNet": 254094000,
    "incomeBeforeTax": 52193000,
    "incomeBeforeTaxRatio": 0.665786486,
    "incomeTaxExpense": 0,
    "netIncome": 52193000,
    "netIncomeRatio": 0.665786486,
    "eps": 0.6,
    "epsdiluted": 0.6,
    "weightedAverageShsOut": 86271861,
    "weightedAverageShsOutDil": 86347486,
    "link": "https://www.sec.gov/Archives/edgar/data/1045609/000095014900000578/0000950149-00-000578-index.html",
    "finalLink": "https://www.sec.gov/Archives/edgar/data/1045609/000095014900000578/"
  },
  {
    "date": "1999-09-30",
    "symbol": "PLD",
    "reportedCurrency": "USD",
    "cik": "0001045609",
    "fillingDate": "1999-11-12",
    "acceptedDate": "1999-11-12 00:00:00",
    "calendarYear": "1999",
    "period": "Q3",
    "revenue": 133316000,
    "costOfRevenue": 0,
    "grossProfit": 0,
    "grossProfitRatio": 0,
    "researchAndDevelopmentExpenses": 0,
    "generalAndAdministrativeExpenses": 6107000,
    "sellingAndMarketingExpenses": 0,
    "sellingGeneralAndAdministrativeExpenses": 6107000,
    "otherExpenses": -54707000,
    "operatingExpenses": -48600000,
    "costAndExpenses": -48600000,
    "interestIncome": 0,
    "interestExpense": 0,
    "depreciationAndAmortization": 14950000,
    "ebitda": 181900000,
    "ebitdaratio": 1.3644273756,
    "operatingIncome": 181900000,
    "operatingIncomeRatio": 1.3644273756,
    "totalOtherIncomeExpensesNet": -181900000,
    "incomeBeforeTax": 52579000,
    "incomeBeforeTaxRatio": 0.3943937712,
    "incomeTaxExpense": 0,
    "netIncome": 52579000,
    "netIncomeRatio": 0.3943937712,
    "eps": 0.58,
    "epsdiluted": 0.58,
    "weightedAverageShsOut": 86536917,
    "weightedAverageShsOutDil": 86637632,
    "link": "https://www.sec.gov/Archives/edgar/data/1045609/000095014999001968/0000950149-99-001968-index.html",
    "finalLink": "https://www.sec.gov/Archives/edgar/data/1045609/000095014999001968/"
  },
  {
    "date": "1999-06-30",
    "symbol": "PLD",
    "reportedCurrency": "USD",
    "cik": "0001045609",
    "fillingDate": "1999-08-16",
    "acceptedDate": "1999-08-16 00:00:00",
    "calendarYear": "1999",
    "period": "Q2",
    "revenue": 126902000,
    "costOfRevenue": 0,
    "grossProfit": 0,
    "grossProfitRatio": 0,
    "researchAndDevelopmentExpenses": 0,
    "generalAndAdministrativeExpenses": 4300000,
    "sellingAndMarketingExpenses": 0,
    "sellingGeneralAndAdministrativeExpenses": 4300000,
    "otherExpenses": -50300000,
    "operatingExpenses": -46000000,
    "costAndExpenses": -46000000,
    "interestIncome": 0,
    "interestExpense": 0,
    "depreciationAndAmortization": 14503000,
    "ebitda": 187405000,
    "ebitdaratio": 1.4767694757,
    "operatingIncome": 172902000,
    "operatingIncomeRatio": 1.3624844368,
    "totalOtherIncomeExpensesNet": -172902000,
    "incomeBeforeTax": 43317000,
    "incomeBeforeTaxRatio": 0.341342138,
    "incomeTaxExpense": 0,
    "netIncome": 43317000,
    "netIncomeRatio": 0.341342138,
    "eps": 0.48,
    "epsdiluted": 0.48,
    "weightedAverageShsOut": 86286612,
    "weightedAverageShsOutDil": 86468819,
    "link": "https://www.sec.gov/Archives/edgar/data/1045609/000095014999001505/0000950149-99-001505-index.html",
    "finalLink": "https://www.sec.gov/Archives/edgar/data/1045609/000095014999001505/"
  },
  {
    "date": "1999-03-31",
    "symbol": "PLD",
    "reportedCurrency": "USD",
    "cik": "0001045609",
    "fillingDate": "1999-05-14",
    "acceptedDate": "1999-05-14 00:00:00",
    "calendarYear": "1999",
    "period": "Q1",
    "revenue": 109572000,
    "costOfRevenue": 0,
    "grossProfit": 0,
    "grossProfitRatio": 0,
    "researchAndDevelopmentExpenses": 0,
    "generalAndAdministrativeExpenses": 4072000,
    "sellingAndMarketingExpenses": 0,
    "sellingGeneralAndAdministrativeExpenses": 4072000,
    "otherExpenses": -52030000,
    "operatingExpenses": -47958000,
    "costAndExpenses": -47958000,
    "interestIncome": 0,
    "interestExpense": 0,
    "depreciationAndAmortization": 17697000,
    "ebitda": 175227000,
    "ebitdaratio": 1.5991950498,
    "operatingIncome": 157530000,
    "operatingIncomeRatio": 1.43768481,
    "totalOtherIncomeExpensesNet": -157530000,
    "incomeBeforeTax": 28014000,
    "incomeBeforeTaxRatio": 0.2556675063,
    "incomeTaxExpense": 0,
    "netIncome": 28014000,
    "netIncomeRatio": 0.2556675063,
    "eps": 0.3,
    "epsdiluted": 0.3,
    "weightedAverageShsOut": 86000999,
    "weightedAverageShsOutDil": 86020999,
    "link": "https://www.sec.gov/Archives/edgar/data/1045609/000095014999000961/0000950149-99-000961-index.html",
    "finalLink": "https://www.sec.gov/Archives/edgar/data/1045609/"
  },
  {
    "date": "1998-12-31",
    "symbol": "PLD",
    "reportedCurrency": "USD",
    "cik": "0001045609",
    "fillingDate": "1999-03-24",
    "acceptedDate": "1999-03-24 00:00:00",
    "calendarYear": "1998",
    "period": "Q4",
    "revenue": 104027000,
    "costOfRevenue": 0,
    "grossProfit": 0,
    "grossProfitRatio": 0,
    "researchAndDevelopmentExpenses": 0,
    "generalAndAdministrativeExpenses": 3235000,
    "sellingAndMarketingExpenses": 0,
    "sellingGeneralAndAdministrativeExpenses": 3235000,
    "otherExpenses": 269921000,
    "operatingExpenses": 273156000,
    "costAndExpenses": 273156000,
    "interestIncome": 0,
    "interestExpense": 0,
    "depreciationAndAmortization": 19153000,
    "ebitda": -149976000,
    "ebitdaratio": -1.4417026349,
    "operatingIncome": -169129000,
    "operatingIncomeRatio": -1.6258182972,
    "totalOtherIncomeExpensesNet": 169129000,
    "incomeBeforeTax": 27836000,
    "incomeBeforeTaxRatio": 0.2675843771,
    "incomeTaxExpense": 0,
    "netIncome": 27836000,
    "netIncomeRatio": 0.2675843771,
    "eps": 0.32,
    "epsdiluted": 0.32,
    "weightedAverageShsOut": 85876382,
    "weightedAverageShsOutDil": 86235175,
    "link": "https://www.sec.gov/Archives/edgar/data/1045609/000095014999000495/0000950149-99-000495-index.html",
    "finalLink": "https://www.sec.gov/Archives/edgar/data/1045609/"
  },
  {
    "date": "1998-09-30",
    "symbol": "PLD",
    "reportedCurrency": "USD",
    "cik": "0001045609",
    "fillingDate": "1998-11-13",
    "acceptedDate": "1998-11-13 00:00:00",
    "calendarYear": "1998",
    "period": "Q3",
    "revenue": 94061000,
    "costOfRevenue": 0,
    "grossProfit": 0,
    "grossProfitRatio": 0,
    "researchAndDevelopmentExpenses": 0,
    "generalAndAdministrativeExpenses": 2832000,
    "sellingAndMarketingExpenses": 0,
    "sellingGeneralAndAdministrativeExpenses": 2832000,
    "otherExpenses": -42715000,
    "operatingExpenses": -39883000,
    "costAndExpenses": -39883000,
    "interestIncome": 0,
    "interestExpense": 0,
    "depreciationAndAmortization": 14283000,
    "ebitda": 148227000,
    "ebitdaratio": 1.5758603459,
    "operatingIncome": 133944000,
    "operatingIncomeRatio": 1.4240120773,
    "totalOtherIncomeExpensesNet": -133944000,
    "incomeBeforeTax": 28872000,
    "incomeBeforeTaxRatio": 0.3069497454,
    "incomeTaxExpense": 0,
    "netIncome": 28872000,
    "netIncomeRatio": 0.3069497454,
    "eps": 0.32,
    "epsdiluted": 0.32,
    "weightedAverageShsOut": 85874999,
    "weightedAverageShsOutDil": 86251999,
    "link": "https://www.sec.gov/Archives/edgar/data/1045609/000095014998001873/0000950149-98-001873-index.html",
    "finalLink": "https://www.sec.gov/Archives/edgar/data/1045609/"
  },
  {
    "date": "1998-06-30",
    "symbol": "PLD",
    "reportedCurrency": "USD",
    "cik": "0001045609",
    "fillingDate": "1998-08-14",
    "acceptedDate": "1998-08-14 00:00:00",
    "calendarYear": "1998",
    "period": "Q2",
    "revenue": 85014000,
    "costOfRevenue": 0,
    "grossProfit": 0,
    "grossProfitRatio": 0,
    "researchAndDevelopmentExpenses": 0,
    "generalAndAdministrativeExpenses": 3144000,
    "sellingAndMarketingExpenses": 0,
    "sellingGeneralAndAdministrativeExpenses": 3144000,
    "otherExpenses": -38912000,
    "operatingExpenses": -35768000,
    "costAndExpenses": -35768000,
    "interestIncome": 0,
    "interestExpense": 0,
    "depreciationAndAmortization": 12911000,
    "ebitda": 133693000,
    "ebitdaratio": 1.5725998071,
    "operatingIncome": 120782000,
    "operatingIncomeRatio": 1.4207307032,
    "totalOtherIncomeExpensesNet": -120782000,
    "incomeBeforeTax": 27978000,
    "incomeBeforeTaxRatio": 0.3290987367,
    "incomeTaxExpense": 0,
    "netIncome": 27978000,
    "netIncomeRatio": 0.3290987367,
    "eps": 0.33,
    "epsdiluted": 0.32,
    "weightedAverageShsOut": 85874999,
    "weightedAverageShsOutDil": 86252999,
    "link": "https://www.sec.gov/Archives/edgar/data/1045609/000095014998001478/0000950149-98-001478-index.html",
    "finalLink": "https://www.sec.gov/Archives/edgar/data/1045609/"
  },
  {
    "date": "1998-03-31",
    "symbol": "PLD",
    "reportedCurrency": "USD",
    "cik": "0001045609",
    "fillingDate": "1998-05-15",
    "acceptedDate": "1998-05-15 00:00:00",
    "calendarYear": "1998",
    "period": "Q1",
    "revenue": 75785000,
    "costOfRevenue": 0,
    "grossProfit": 0,
    "grossProfitRatio": 0,
    "researchAndDevelopmentExpenses": 0,
    "generalAndAdministrativeExpenses": 2718000,
    "sellingAndMarketingExpenses": 0,
    "sellingGeneralAndAdministrativeExpenses": 2718000,
    "otherExpenses": -34756000,
    "operatingExpenses": -32038000,
    "costAndExpenses": -32038000,
    "interestIncome": 0,
    "interestExpense": 0,
    "depreciationAndAmortization": 11117000,
    "ebitda": 118940000,
    "ebitdaratio": 1.5694398628,
    "operatingIncome": 107823000,
    "operatingIncomeRatio": 1.422748565,
    "totalOtherIncomeExpensesNet": -107823000,
    "incomeBeforeTax": 27906000,
    "incomeBeforeTaxRatio": 0.3682259022,
    "incomeTaxExpense": 0,
    "netIncome": 27906000,
    "netIncomeRatio": 0.3682259022,
    "eps": 0.33,
    "epsdiluted": 0.32,
    "weightedAverageShsOut": 85874999,
    "weightedAverageShsOutDil": 86284999,
    "link": "https://www.sec.gov/Archives/edgar/data/1045609/000095014998001006/0000950149-98-001006-index.html",
    "finalLink": "https://www.sec.gov/Archives/edgar/data/1045609/"
  }
]