[
  {
    "date": "2024-12-31",
    "symbol": "PLD",
    "reportedCurrency": "USD",
    "cik": "0001045609",
    "fillingDate": "2025-02-14",
    "acceptedDate": "2025-02-14 16:27:00",
    "calendarYear": "2024",
    "period": "FY",
    "revenue": 8201610000,
    "costOfRevenue": 2057241000,
    "grossProfit": 6144369000,
    "grossProfitRatio": 0.7491662003,
    "researchAndDevelopmentExpenses": 0,
    "generalAndAdministrativeExpenses": 418765000,
    "sellingAndMarketingExpenses": 0,
    "sellingGeneralAndAdministrativeExpenses": 418765000,
    "otherExpenses": 1309684000,
    "operatingExpenses": 1728449000,
    "costAndExpenses": 3785690000,
    "interestIncome": -26636000,
    "interestExpense": 837296000,
    "depreciationAndAmortization": 2580519000,
    "ebitda": 7532693000,
    "ebitdaratio": 0.9184407696,
    "operatingIncome": 4415920000,
    "operatingIncomeRatio": 0.5384211149,
    "totalOtherIncomeExpensesNet": -301042000,
    "incomeBeforeTax": 4114878000,
    "incomeBeforeTaxRatio": 0.5017158826,
    "incomeTaxExpense": 166943000,
    "netIncome": 3731635000,
    "netIncomeRatio": 0.454988106,
    "eps": 4.03,
    "epsdiluted": 4.01,
    "weightedAverageShsOut": 926172000,
    "weightedAverageShsOutDil": 953590000,
    "link": "https://www.sec.gov/Archives/edgar/data/1045609/000095017025021272/0000950170-25-021272-index.htm",
    "finalLink": "https://www.sec.gov/Archives/edgar/data/1045609/000095017025021272/pld-20241231.htm"
  },
  {
    "date": "2023-12-31",
    "symbol": "PLD",
    "reportedCurrency": "USD",
    "cik": "0001045609",
    "fillingDate": "2024-02-13",
    "acceptedDate": "2024-02-13 16:06:27",
    "calendarYear": "2023",
    "period": "FY",
    "revenue": 8023469000,
    "costOfRevenue": 2010335000,
    "grossProfit": 6013134000,
    "grossProfitRatio": 0.7494431648,
    "researchAndDevelopmentExpenses": 0,
    "generalAndAdministrativeExpenses": 390406000,
    "sellingAndMarketingExpenses": 0,
    "sellingGeneralAndAdministrativeExpenses": 390406000,
    "otherExpenses": 1914936000,
    "operatingExpenses": 2305342000,
    "costAndExpenses": 4315677000,
    "interestIncome": -22609000,
    "interestExpense": 618723000,
    "depreciationAndAmortization": 2484891000,
    "ebitda": 6567797000,
    "ebitdaratio": 0.8185732381,
    "operatingIncome": 3707792000,
    "operatingIncomeRatio": 0.4621183181,
    "totalOtherIncomeExpensesNet": -243609000,
    "incomeBeforeTax": 3464183000,
    "incomeBeforeTaxRatio": 0.431756264,
    "incomeTaxExpense": 211038000,
    "netIncome": 3059214000,
    "netIncomeRatio": 0.381283208,
    "eps": 3.3,
    "epsdiluted": 3.29,
    "weightedAverageShsOut": 947706000,
    "weightedAverageShsOutDil": 951791000,
    "link": "https://www.sec.gov/Archives/edgar/data/1045609/000095017024014539/0000950170-24-014539-index.htm",
    "finalLink": "https://www.sec.gov/Archives/edgar/data/1045609/000095017024014539/pld-20231231.htm"
  },
  {
    "date": "2022-12-31",
    "symbol": "PLD",
    "reportedCurrency": "USD",
    "cik": "0001045609",
    "fillingDate": "2023-02-14",
    "acceptedDate": "2023-02-14 16:54:39",
    "calendarYear": "2022",
    "period": "FY",
    "revenue": 5973692000,
    "costOfRevenue": 1509094000,
    "grossProfit": 4464598000,
    "grossProfitRatio": 0.7473766642,
    "researchAndDevelopmentExpenses": 0,
    "generalAndAdministrativeExpenses": 331083000,
    "sellingAndMarketingExpenses": 0,
    "sellingGeneralAndAdministrativeExpenses": 331083000,
    "otherExpenses": 665977000,
    "operatingExpenses": 997060000,
    "costAndExpenses": 2506154000,
    "interestIncome": 0,
    "interestExpense": 309037000,
    "depreciationAndAmortization": 1812777000,
    "ebitda": 5795490000,
    "ebitdaratio": 0.9701688671,
    "operatingIncome": 3467538000,
    "operatingIncomeRatio": 0.5804681594,
    "totalOtherIncomeExpensesNet": 223272000,
    "incomeBeforeTax": 3690810000,
    "incomeBeforeTaxRatio": 0.6178440402,
    "incomeTaxExpense": 135412000,
    "netIncome": 3364856000,
    "netIncomeRatio": 0.5632791245,
    "eps": 4.15,
    "epsdiluted": 4.13,
    "weightedAverageShsOut": 808910000,
    "weightedAverageShsOutDil": 834843000,
    "link": "https://www.sec.gov/Archives/edgar/data/1045609/000156459023001902/0001564590-23-001902-index.htm",
    "finalLink": "https://www.sec.gov/Archives/edgar/data/1045609/000156459023001902/pld-10k_20221231.htm"
  },
  {
    "date": "2021-12-31",
    "symbol": "PLD",
    "reportedCurrency": "USD",
    "cik": "0001045609",
    "fillingDate": "2022-02-09",
    "acceptedDate": "2022-02-09 17:07:38",
    "calendarYear": "2021",
    "period": "FY",
    "revenue": 4759440000,
    "costOfRevenue": 1248487000,
    "grossProfit": 3510953000,
    "grossProfitRatio": 0.7376819542,
    "researchAndDevelopmentExpenses": 0,
    "generalAndAdministrativeExpenses": 293167000,
    "sellingAndMarketingExpenses": 0,
    "sellingGeneralAndAdministrativeExpenses": 293167000,
    "otherExpenses": 10790000,
    "operatingExpenses": 303957000,
    "costAndExpenses": 1552444000,
    "interestIncome": 0,
    "interestExpense": 266228000,
    "depreciationAndAmortization": 1577942000,
    "ebitda": 5150884000,
    "ebitdaratio": 1.0822458104,
    "operatingIncome": 3206996000,
    "operatingIncomeRatio": 0.6738179282,
    "totalOtherIncomeExpensesNet": 115852000,
    "incomeBeforeTax": 3322848000,
    "incomeBeforeTaxRatio": 0.6981594473,
    "incomeTaxExpense": 174258000,
    "netIncome": 2939723000,
    "netIncomeRatio": 0.6176615316,
    "eps": 3.86,
    "epsdiluted": 3.84,
    "weightedAverageShsOut": 760312000,
    "weightedAverageShsOutDil": 785711000,
    "link": "https://www.sec.gov/Archives/edgar/data/1045609/000156459022004436/0001564590-22-004436-index.htm",
    "finalLink": "https://www.sec.gov/Archives/edgar/data/1045609/000156459022004436/pld-10k_20211231.htm"
  },
  {
    "date": "2020-12-31",
    "symbol": "PLD",
    "reportedCurrency": "USD",
    "cik": "0001045609",
    "fillingDate": "2021-02-11",
    "acceptedDate": "2021-02-10 17:36:58",
    "calendarYear": "2020",
    "period": "FY",
    "revenue": 4438735000,
    "costOfRevenue": 1170104000,
    "grossProfit": 3268631000,
    "grossProfitRatio": 0.7363879574,
    "researchAndDevelopmentExpenses": 0,
    "generalAndAdministrativeExpenses": 274845000,
    "sellingAndMarketingExpenses": 0,
    "sellingGeneralAndAdministrativeExpenses": 274845000,
    "otherExpenses": 874842000,
    "operatingExpenses": 1149687000,
    "costAndExpenses": 2319791000,
    "interestIncome": 0,
    "interestExpense": 313463000,
    "depreciationAndAmortization": 1561969000,
    "ebitda": 3608964000,
    "ebitdaratio": 0.813061379,
    "operatingIncome": 2118944000,
    "operatingIncomeRatio": 0.4773756487,
    "totalOtherIncomeExpensesNet": -371856000,
    "incomeBeforeTax": 1747088000,
    "incomeBeforeTaxRatio": 0.393600429,
    "incomeTaxExpense": 130458000,
    "netIncome": 1481814000,
    "netIncomeRatio": 0.3338370054,
    "eps": 1.97,
    "epsdiluted": 1.95,
    "weightedAverageShsOut": 749060000,
    "weightedAverageShsOutDil": 775151000,
    "link": "https://www.sec.gov/Archives/edgar/data/1045609/000156459021005312/0001564590-21-005312-index.htm",
    "finalLink": "https://www.sec.gov/Archives/edgar/data/1045609/000156459021005312/pld-10k_20201231.htm"
  },
  {
    "date": "2019-12-31",
    "symbol": "PLD",
    "reportedCurrency": "USD",
    "cik": "0001045609",
    "fillingDate": "2020-02-11",
    "acceptedDate": "2020-02-10 19:43:14",
    "calendarYear": "2019",
    "period": "FY",
    "revenue": 3330621000,
    "costOfRevenue": 918927000,
    "grossProfit": 2411694000,
    "grossProfitRatio": 0.7240973981,
    "researchAndDevelopmentExpenses": 0,
    "generalAndAdministrativeExpenses": 266718000,
    "sellingAndMarketingExpenses": 0,
    "sellingGeneralAndAdministrativeExpenses": 266718000,
    "otherExpenses": 295210000,
    "operatingExpenses": 561928000,
    "costAndExpenses": 1480855000,
    "interestIncome": 24213000,
    "interestExpense": 226660000,
    "depreciationAndAmortization": 1139879000,
    "ebitda": 3142902000,
    "ebitdaratio": 0.9436384386,
    "operatingIncome": 1849766000,
    "operatingIncomeRatio": 0.5553817141,
    "totalOtherIncomeExpensesNet": -73403000,
    "incomeBeforeTax": 1776363000,
    "incomeBeforeTaxRatio": 0.5333428811,
    "incomeTaxExpense": 74517000,
    "netIncome": 1572959000,
    "netIncomeRatio": 0.4722719877,
    "eps": 2.41,
    "epsdiluted": 2.4,
    "weightedAverageShsOut": 649126000,
    "weightedAverageShsOutDil": 673449000,
    "link": "https://www.sec.gov/Archives/edgar/data/1045609/000156459020004096/0001564590-20-004096-index.htm",
    "finalLink": "https://www.sec.gov/Archives/edgar/data/1045609/000156459020004096/pld-10k_20191231.htm"
  },
  {
    "date": "2018-12-31",
    "symbol": "PLD",
    "reportedCurrency": "USD",
    "cik": "0001045609",
    "fillingDate": "2019-02-13",
    "acceptedDate": "2019-02-13 17:31:20",
    "calendarYear": "2018",
    "period": "FY",
    "revenue": 2804449000,
    "costOfRevenue": 757688000,
    "grossProfit": 2046761000,
    "grossProfitRatio": 0.7298264294,
    "researchAndDevelopmentExpenses": 0,
    "generalAndAdministrativeExpenses": 238985000,
    "sellingAndMarketingExpenses": 0,
    "sellingGeneralAndAdministrativeExpenses": 238985000,
    "otherExpenses": 119778000,
    "operatingExpenses": 358763000,
    "costAndExpenses": 1116451000,
    "interestIncome": 14663000,
    "interestExpense": 215898000,
    "depreciationAndAmortization": 947214000,
    "ebitda": 3049402000,
    "ebitdaratio": 1.0873444302,
    "operatingIncome": 1687998000,
    "operatingIncomeRatio": 0.6019000524,
    "totalOtherIncomeExpensesNet": 198292000,
    "incomeBeforeTax": 1886290000,
    "incomeBeforeTaxRatio": 0.6726062767,
    "incomeTaxExpense": 63330000,
    "netIncome": 1649361000,
    "netIncomeRatio": 0.5881230145,
    "eps": 2.91,
    "epsdiluted": 2.79,
    "weightedAverageShsOut": 567366997,
    "weightedAverageShsOutDil": 590239000,
    "link": "https://www.sec.gov/Archives/edgar/data/1045609/000156459019002872/0001564590-19-002872-index.htm",
    "finalLink": "https://www.sec.gov/Archives/edgar/data/1045609/000156459019002872/pld-10k_20181231.htm"
  },
  {
    "date": "2017-12-31",
    "symbol": "PLD",
    "reportedCurrency": "USD",
    "cik": "0001045609",
    "fillingDate": "2018-02-15",
    "acceptedDate": "2018-02-15 16:57:10",
    "calendarYear": "2017",
    "period": "FY",
    "revenue": 2618134000,
    "costOfRevenue": 724664000,
    "grossProfit": 1893470000,
    "grossProfitRatio": 0.7232135559,
    "researchAndDevelopmentExpenses": 0,
    "generalAndAdministrativeExpenses": 231059000,
    "sellingAndMarketingExpenses": 0,
    "sellingGeneralAndAdministrativeExpenses": 231059000,
    "otherExpenses": -291620000,
    "operatingExpenses": -60561000,
    "costAndExpenses": 664103000,
    "interestIncome": 13731000,
    "interestExpense": 260007000,
    "depreciationAndAmortization": 879140000,
    "ebitda": 2954715000,
    "ebitdaratio": 1.128557591,
    "operatingIncome": 1954031000,
    "operatingIncomeRatio": 0.7463449159,
    "totalOtherIncomeExpensesNet": -138463000,
    "incomeBeforeTax": 1815568000,
    "incomeBeforeTaxRatio": 0.6934587764,
    "incomeTaxExpense": 54609000,
    "netIncome": 1652325000,
    "netIncomeRatio": 0.6311078807,
    "eps": 3.1,
    "epsdiluted": 3.06,
    "weightedAverageShsOut": 530400000,
    "weightedAverageShsOutDil": 552300000,
    "link": "https://www.sec.gov/Archives/edgar/data/1045609/000156459018002228/0001564590-18-002228-index.htm",
    "finalLink": "https://www.sec.gov/Archives/edgar/data/1045609/000156459018002228/pld-10k_20171231.htm"
  },
  {
    "date": "2016-12-31",
    "symbol": "PLD",
    "reportedCurrency": "USD",
    "cik": "0001045609",
    "fillingDate": "2017-02-15",
    "acceptedDate": "2017-02-14 18:08:50",
    "calendarYear": "2016",
    "period": "FY",
    "revenue": 2533135000,
    "costOfRevenue": 697376000,
    "grossProfit": 1835759000,
    "grossProfitRatio": 0.7246984468,
    "researchAndDevelopmentExpenses": 0,
    "generalAndAdministrativeExpenses": 222067000,
    "sellingAndMarketingExpenses": 0,
    "sellingGeneralAndAdministrativeExpenses": 222067000,
    "otherExpenses": 945314000,
    "operatingExpenses": 1167381000,
    "costAndExpenses": 1864757000,
    "interestIncome": 8101000,
    "interestExpense": 287687000,
    "depreciationAndAmortization": 930985000,
    "ebitda": 2565776000,
    "ebitdaratio": 1.0128856141,
    "operatingIncome": 668378000,
    "operatingIncomeRatio": 0.263854078,
    "totalOtherIncomeExpensesNet": 678726000,
    "incomeBeforeTax": 1347104000,
    "incomeBeforeTaxRatio": 0.5317932128,
    "incomeTaxExpense": 54564000,
    "netIncome": 1209932000,
    "netIncomeRatio": 0.4776421312,
    "eps": 2.29,
    "epsdiluted": 2.27,
    "weightedAverageShsOut": 526103000,
    "weightedAverageShsOutDil": 546666000,
    "link": "https://www.sec.gov/Archives/edgar/data/1045609/000156459017001559/0001564590-17-001559-index.htm",
    "finalLink": "https://www.sec.gov/Archives/edgar/data/1045609/000156459017001559/pld-10k_20161231.htm"
  },
  {
    "date": "2015-12-31",
    "symbol": "PLD",
    "reportedCurrency": "USD",
    "cik": "0001045609",
    "fillingDate": "2016-02-19",
    "acceptedDate": "2016-02-19 16:15:11",
    "calendarYear": "2015",
    "period": "FY",
    "revenue": 2197074000,
    "costOfRevenue": 652604000,
    "grossProfit": 1544470000,
    "grossProfitRatio": 0.702966764,
    "researchAndDevelopmentExpenses": 0,
    "generalAndAdministrativeExpenses": 217227000,
    "sellingAndMarketingExpenses": 0,
    "sellingGeneralAndAdministrativeExpenses": 217227000,
    "otherExpenses": 947071000,
    "operatingExpenses": 1164298000,
    "costAndExpenses": 1816902000,
    "interestIncome": 25484000,
    "interestExpense": 287951000,
    "depreciationAndAmortization": 880373000,
    "ebitda": 2116929000,
    "ebitdaratio": 0.9635219387,
    "operatingIncome": 380172000,
    "operatingIncomeRatio": 0.1730355919,
    "totalOtherIncomeExpensesNet": 568433000,
    "incomeBeforeTax": 948605000,
    "incomeBeforeTaxRatio": 0.4317583295,
    "incomeTaxExpense": 23090000,
    "netIncome": 869439000,
    "netIncomeRatio": 0.3957258608,
    "eps": 1.66,
    "epsdiluted": 1.64,
    "weightedAverageShsOut": 521241000,
    "weightedAverageShsOutDil": 533944000,
    "link": "https://www.sec.gov/Archives/edgar/data/1045609/000156459016012933/0001564590-16-012933-index.htm",
    "finalLink": "https://www.sec.gov/Archives/edgar/data/1045609/000156459016012933/pld-10k_20151231.htm"
  },
  {
    "date": "2014-12-31",
    "symbol": "PLD",
    "reportedCurrency": "USD",
    "cik": "0001045609",
    "fillingDate": "2015-02-25",
    "acceptedDate": "2015-02-25 16:33:25",
    "calendarYear": "2014",
    "period": "FY",
    "revenue": 1760787000,
    "costOfRevenue": 545719000,
    "grossProfit": 1215068000,
    "grossProfitRatio": 0.6900709739,
    "researchAndDevelopmentExpenses": 0,
    "generalAndAdministrativeExpenses": 229332000,
    "sellingAndMarketingExpenses": 0,
    "sellingGeneralAndAdministrativeExpenses": 229332000,
    "otherExpenses": 665928000,
    "operatingExpenses": 895260000,
    "costAndExpenses": 1440979000,
    "interestIncome": 25768000,
    "interestExpense": 294769000,
    "depreciationAndAmortization": 642461000,
    "ebitda": 1650858000,
    "ebitdaratio": 0.9375682578,
    "operatingIncome": 319808000,
    "operatingIncomeRatio": 0.1816278744,
    "totalOtherIncomeExpensesNet": 393820000,
    "incomeBeforeTax": 713628000,
    "incomeBeforeTaxRatio": 0.4052892258,
    "incomeTaxExpense": -25656000,
    "netIncome": 636183000,
    "netIncomeRatio": 0.3613060524,
    "eps": 1.25,
    "epsdiluted": 1.24,
    "weightedAverageShsOut": 499582998,
    "weightedAverageShsOutDil": 506390997,
    "link": "https://www.sec.gov/Archives/edgar/data/1045609/000119312515062622/0001193125-15-062622-index.htm",
    "finalLink": "https://www.sec.gov/Archives/edgar/data/1045609/000119312515062622/d834674d10k.htm"
  },
  {
    "date": "2013-12-31",
    "symbol": "PLD",
    "reportedCurrency": "USD",
    "cik": "0001045609",
    "fillingDate": "2014-02-26",
    "acceptedDate": "2014-02-26 17:12:26",
    "calendarYear": "2013",
    "period": "FY",
    "revenue": 1750486000,
    "costOfRevenue": 541217000,
    "grossProfit": 1209269000,
    "grossProfitRatio": 0.6908190068,
    "researchAndDevelopmentExpenses": 0,
    "generalAndAdministrativeExpenses": 229207000,
    "sellingAndMarketingExpenses": 0,
    "sellingGeneralAndAdministrativeExpenses": 229207000,
    "otherExpenses": 675650000,
    "operatingExpenses": 904857000,
    "costAndExpenses": 1446074000,
    "interestIncome": 26948000,
    "interestExpense": 364953000,
    "depreciationAndAmortization": 664007000,
    "ebitda": 1365222000,
    "ebitdaratio": 0.7799102649,
    "operatingIncome": 304412000,
    "operatingIncomeRatio": 0.1739014194,
    "totalOtherIncomeExpensesNet": 31850000,
    "incomeBeforeTax": 336262000,
    "incomeBeforeTaxRatio": 0.1920963664,
    "incomeTaxExpense": 106733000,
    "netIncome": 342921000,
    "netIncomeRatio": 0.1959004528,
    "eps": 0.65,
    "epsdiluted": 0.64,
    "weightedAverageShsOut": 486075998,
    "weightedAverageShsOutDil": 491545998,
    "link": "https://www.sec.gov/Archives/edgar/data/1045609/000119312514070012/0001193125-14-070012-index.htm",
    "finalLink": "https://www.sec.gov/Archives/edgar/data/1045609/000119312514070012/d630904d10k.htm"
  },
  {
    "date": "2012-12-31",
    "symbol": "PLD",
    "reportedCurrency": "USD",
    "cik": "0001045609",
    "fillingDate": "2013-02-28",
    "acceptedDate": "2013-02-28 06:42:49",
    "calendarYear": "2012",
    "period": "FY",
    "revenue": 2005961000,
    "costOfRevenue": 555059000,
    "grossProfit": 1405459000,
    "grossProfitRatio": 0.7006412388,
    "researchAndDevelopmentExpenses": 0,
    "generalAndAdministrativeExpenses": 228068000,
    "sellingAndMarketingExpenses": 0,
    "sellingGeneralAndAdministrativeExpenses": 228068000,
    "otherExpenses": 1084408000,
    "operatingExpenses": 1312476000,
    "costAndExpenses": 1867535000,
    "interestIncome": 22878000,
    "interestExpense": 488434000,
    "depreciationAndAmortization": 767459000,
    "ebitda": 1153076000,
    "ebitdaratio": 0.5748247349,
    "operatingIncome": 92983000,
    "operatingIncomeRatio": 0.0463533439,
    "totalOtherIncomeExpensesNet": -195800000,
    "incomeBeforeTax": -89622000,
    "incomeBeforeTaxRatio": -0.0446778377,
    "incomeTaxExpense": 3580000,
    "netIncome": -39720000,
    "netIncomeRatio": -0.0198009832,
    "eps": -0.0864,
    "epsdiluted": -0.086,
    "weightedAverageShsOut": 459894998,
    "weightedAverageShsOutDil": 461847998,
    "link": "https://www.sec.gov/Archives/edgar/data/1045609/000119312513081863/0001193125-13-081863-index.htm",
    "finalLink": "https://www.sec.gov/Archives/edgar/data/1045609/000119312513081863/d446045d10k.htm"
  },
  {
    "date": "2011-12-31",
    "symbol": "PLD",
    "reportedCurrency": "USD",
    "cik": "0001045609",
    "fillingDate": "2012-02-29",
    "acceptedDate": "2012-02-29 11:00:25",
    "calendarYear": "2011",
    "period": "FY",
    "revenue": 1533291000,
    "costOfRevenue": 403650000,
    "grossProfit": 1018121000,
    "grossProfitRatio": 0.664010289,
    "researchAndDevelopmentExpenses": 0,
    "generalAndAdministrativeExpenses": 195161000,
    "sellingAndMarketingExpenses": 0,
    "sellingGeneralAndAdministrativeExpenses": 195161000,
    "otherExpenses": 728182000,
    "operatingExpenses": 923343000,
    "costAndExpenses": 1326993000,
    "interestIncome": 14175000,
    "interestExpense": 446095000,
    "depreciationAndAmortization": 603884000,
    "ebitda": 776811000,
    "ebitdaratio": 0.506629857,
    "operatingIncome": 94778000,
    "operatingIncomeRatio": 0.0618134457,
    "totalOtherIncomeExpensesNet": -367946000,
    "incomeBeforeTax": -242683000,
    "incomeBeforeTaxRatio": -0.1582758915,
    "incomeTaxExpense": 1776000,
    "netIncome": -153414000,
    "netIncomeRatio": -0.1000553711,
    "eps": -0.41,
    "epsdiluted": -0.41,
    "weightedAverageShsOut": 370533998,
    "weightedAverageShsOutDil": 371729998,
    "link": "https://www.sec.gov/Archives/edgar/data/1045609/000119312512087643/0001193125-12-087643-index.htm",
    "finalLink": "https://www.sec.gov/Archives/edgar/data/1045609/000119312512087643/d257901d10k.htm"
  },
  {
    "date": "2010-12-31",
    "symbol": "PLD",
    "reportedCurrency": "USD",
    "cik": "0001045609",
    "fillingDate": "2011-02-18",
    "acceptedDate": "2011-02-18 16:44:09",
    "calendarYear": "2010",
    "period": "FY",
    "revenue": 633500000,
    "costOfRevenue": 239858000,
    "grossProfit": 600294000,
    "grossProfitRatio": 0.9475832676,
    "researchAndDevelopmentExpenses": 0,
    "generalAndAdministrativeExpenses": 165981000,
    "sellingAndMarketingExpenses": 0,
    "sellingGeneralAndAdministrativeExpenses": 165981000,
    "otherExpenses": 1047834000,
    "operatingExpenses": 1213815000,
    "costAndExpenses": 1453673000,
    "interestIncome": 15847000,
    "interestExpense": 428764000,
    "depreciationAndAmortization": 356694000,
    "ebitda": -846528000,
    "ebitdaratio": -1.3362715075,
    "operatingIncome": -613521000,
    "operatingIncomeRatio": -0.9684625099,
    "totalOtherIncomeExpensesNet": -1018465000,
    "incomeBeforeTax": 27119000,
    "incomeBeforeTaxRatio": 0.0428082084,
    "incomeTaxExpense": -30499000,
    "netIncome": 27119000,
    "netIncomeRatio": 0.0428082084,
    "eps": 0.06,
    "epsdiluted": 0.06,
    "weightedAverageShsOut": 161987999,
    "weightedAverageShsOutDil": 161987999,
    "link": "https://www.sec.gov/Archives/edgar/data/1045609/000095012311015736/0000950123-11-015736-index.htm",
    "finalLink": "https://www.sec.gov/Archives/edgar/data/1045609/000095012311015736/f57426e10vk.htm"
  },
  {
    "date": "2009-12-31",
    "symbol": "PLD",
    "reportedCurrency": "USD",
    "cik": "0001045609",
    "fillingDate": "2010-02-22",
    "acceptedDate": "2010-02-19 19:50:07",
    "calendarYear": "2009",
    "period": "FY",
    "revenue": 633842000,
    "costOfRevenue": 183271000,
    "grossProfit": 435153000,
    "grossProfitRatio": 0.6865322904,
    "researchAndDevelopmentExpenses": 0,
    "generalAndAdministrativeExpenses": 0,
    "sellingAndMarketingExpenses": 0,
    "sellingGeneralAndAdministrativeExpenses": 116404000,
    "otherExpenses": 184015000,
    "operatingExpenses": 300419000,
    "costAndExpenses": 483690000,
    "interestIncome": 0,
    "interestExpense": 118867000,
    "depreciationAndAmortization": 164803000,
    "ebitda": 310068000,
    "ebitdaratio": 0.4891881573,
    "operatingIncome": 134734000,
    "operatingIncomeRatio": 0.2125671697,
    "totalOtherIncomeExpensesNet": -134734000,
    "incomeBeforeTax": -43001000,
    "incomeBeforeTaxRatio": -0.0678418281,
    "incomeTaxExpense": 0,
    "netIncome": -34271000,
    "netIncomeRatio": -0.0540686796,
    "eps": -0.26,
    "epsdiluted": -0.26,
    "weightedAverageShsOut": 129859646,
    "weightedAverageShsOutDil": 134320999,
    "link": "https://www.sec.gov/Archives/edgar/data/1045609/000095012310014699/0000950123-10-014699-index.htm",
    "finalLink": "https://www.sec.gov/Archives/edgar/data/1045609/000095012310014699/f54839e10vk.htm"
  },
  {
    "date": "2008-12-31",
    "symbol": "PLD",
    "reportedCurrency": "USD",
    "cik": "0001045609",
    "fillingDate": "2009-03-02",
    "acceptedDate": "2009-02-27 21:14:17",
    "calendarYear": "2008",
    "period": "FY",
    "revenue": 715045000,
    "costOfRevenue": 179370000,
    "grossProfit": 514193000,
    "grossProfitRatio": 0.7191057905,
    "researchAndDevelopmentExpenses": 0,
    "generalAndAdministrativeExpenses": 0,
    "sellingAndMarketingExpenses": 0,
    "sellingGeneralAndAdministrativeExpenses": 145040000,
    "otherExpenses": 164708000,
    "operatingExpenses": 309748000,
    "costAndExpenses": 489118000,
    "interestIncome": 0,
    "interestExpense": 133955000,
    "depreciationAndAmortization": 153639000,
    "ebitda": 368633000,
    "ebitdaratio": 0.5155381829,
    "operatingIncome": 204445000,
    "operatingIncomeRatio": 0.285919068,
    "totalOtherIncomeExpensesNet": -204445000,
    "incomeBeforeTax": -49310000,
    "incomeBeforeTaxRatio": -0.0689606948,
    "incomeTaxExpense": 0,
    "netIncome": -49862000,
    "netIncomeRatio": -0.0697326742,
    "eps": -0.51,
    "epsdiluted": -0.51,
    "weightedAverageShsOut": 97339576,
    "weightedAverageShsOutDil": 97403999,
    "link": "https://www.sec.gov/Archives/edgar/data/1045609/000095013409004079/0000950134-09-004079-index.htm",
    "finalLink": "https://www.sec.gov/Archives/edgar/data/1045609/000095013409004079/f51504e10vk.htm"
  },
  {
    "date": "2007-12-31",
    "symbol": "PLD",
    "reportedCurrency": "USD",
    "cik": "0001045609",
    "fillingDate": "2008-02-29",
    "acceptedDate": "2008-02-28 20:55:39",
    "calendarYear": "2007",
    "period": "FY",
    "revenue": 669671000,
    "costOfRevenue": 174406000,
    "grossProfit": 496884000,
    "grossProfitRatio": 0.741982257,
    "researchAndDevelopmentExpenses": 0,
    "generalAndAdministrativeExpenses": 0,
    "sellingAndMarketingExpenses": 0,
    "sellingGeneralAndAdministrativeExpenses": 130586000,
    "otherExpenses": 169472000,
    "operatingExpenses": 300058000,
    "costAndExpenses": 474464000,
    "interestIncome": 0,
    "interestExpense": 126968000,
    "depreciationAndAmortization": 149065000,
    "ebitda": 361186000,
    "ebitdaratio": 0.5393484263,
    "operatingIncome": 196826000,
    "operatingIncomeRatio": 0.2939144744,
    "totalOtherIncomeExpensesNet": -196826000,
    "incomeBeforeTax": 314260000,
    "incomeBeforeTaxRatio": 0.4692752113,
    "incomeTaxExpense": 0,
    "netIncome": 314260000,
    "netIncomeRatio": 0.4692752113,
    "eps": 3.04,
    "epsdiluted": 2.96,
    "weightedAverageShsOut": 97189748,
    "weightedAverageShsOutDil": 99808454,
    "link": "https://www.sec.gov/Archives/edgar/data/1045609/000095013408003745/0000950134-08-003745-index.htm",
    "finalLink": "https://www.sec.gov/Archives/edgar/data/1045609/000095013408003745/f38413e10vk.htm"
  },
  {
    "date": "2006-12-31",
    "symbol": "PLD",
    "reportedCurrency": "USD",
    "cik": "0001045609",
    "fillingDate": "2007-02-23",
    "acceptedDate": "2007-02-23 16:14:34",
    "calendarYear": "2006",
    "period": "FY",
    "revenue": 729896000,
    "costOfRevenue": 96146000,
    "grossProfit": 615175000,
    "grossProfitRatio": 0.8428255532,
    "researchAndDevelopmentExpenses": 106389000,
    "generalAndAdministrativeExpenses": 0,
    "sellingAndMarketingExpenses": 0,
    "sellingGeneralAndAdministrativeExpenses": 104262000,
    "otherExpenses": 156256000,
    "operatingExpenses": 366907000,
    "costAndExpenses": 463053000,
    "interestIncome": 0,
    "interestExpense": 0,
    "depreciationAndAmortization": 186289000,
    "ebitda": 434557000,
    "ebitdaratio": 0.5953683812,
    "operatingIncome": 248268000,
    "operatingIncomeRatio": 0.3401416092,
    "totalOtherIncomeExpensesNet": -248268000,
    "incomeBeforeTax": 224072000,
    "incomeBeforeTaxRatio": 0.306991681,
    "incomeTaxExpense": 0,
    "netIncome": 224072000,
    "netIncomeRatio": 0.306991681,
    "eps": 2.39,
    "epsdiluted": 2.3,
    "weightedAverageShsOut": 87710499,
    "weightedAverageShsOutDil": 91106892,
    "link": "https://www.sec.gov/Archives/edgar/data/1045609/000095013407003972/0000950134-07-003972-index.htm",
    "finalLink": "https://www.sec.gov/Archives/edgar/data/1045609/000095013407003972/f27574e10vk.htm"
  },
  {
    "date": "2005-12-31",
    "symbol": "PLD",
    "reportedCurrency": "USD",
    "cik": "0001045609",
    "fillingDate": "2006-03-16",
    "acceptedDate": "2006-03-16 16:51:20",
    "calendarYear": "2005",
    "period": "FY",
    "revenue": 676149000,
    "costOfRevenue": 84851000,
    "grossProfit": 562026000,
    "grossProfitRatio": 0.8312161964,
    "researchAndDevelopmentExpenses": 0,
    "generalAndAdministrativeExpenses": 77409000,
    "sellingAndMarketingExpenses": 0,
    "sellingGeneralAndAdministrativeExpenses": 71564000,
    "otherExpenses": 238148000,
    "operatingExpenses": 309712000,
    "costAndExpenses": 394563000,
    "interestIncome": 0,
    "interestExpense": 0,
    "depreciationAndAmortization": 180304000,
    "ebitda": 432618000,
    "ebitdaratio": 0.6398264288,
    "operatingIncome": 252314000,
    "operatingIncomeRatio": 0.3731633116,
    "totalOtherIncomeExpensesNet": -252314000,
    "incomeBeforeTax": 257807000,
    "incomeBeforeTaxRatio": 0.3812872606,
    "incomeTaxExpense": 0,
    "netIncome": 257807000,
    "netIncomeRatio": 0.3812872606,
    "eps": 2.98,
    "epsdiluted": 2.85,
    "weightedAverageShsOut": 84048935,
    "weightedAverageShsOutDil": 87873398,
    "link": "https://www.sec.gov/Archives/edgar/data/1045609/000095013406005334/0000950134-06-005334-index.htm",
    "finalLink": "https://www.sec.gov/Archives/edgar/data/1045609/000095013406005334/f18695e10vkza.htm"
  },
  {
    "date": "2004-12-31",
    "symbol": "PLD",
    "reportedCurrency": "USD",
    "cik": "0001045609",
    "fillingDate": "2005-03-11",
    "acceptedDate": "2005-03-11 17:29:50",
    "calendarYear": "2004",
    "period": "FY",
    "revenue": 665689000,
    "costOfRevenue": 0,
    "grossProfit": 0,
    "grossProfitRatio": 0,
    "researchAndDevelopmentExpenses": 0,
    "generalAndAdministrativeExpenses": 58956000,
    "sellingAndMarketingExpenses": 0,
    "sellingGeneralAndAdministrativeExpenses": 58956000,
    "otherExpenses": 228939000,
    "operatingExpenses": 287895000,
    "costAndExpenses": 287895000,
    "interestIncome": 0,
    "interestExpense": 0,
    "depreciationAndAmortization": 147364000,
    "ebitda": 711719000,
    "ebitdaratio": 1.0691464032,
    "operatingIncome": 276460000,
    "operatingIncomeRatio": 0.415299036,
    "totalOtherIncomeExpensesNet": -276460000,
    "incomeBeforeTax": 125471000,
    "incomeBeforeTaxRatio": 0.1884829102,
    "incomeTaxExpense": 0,
    "netIncome": 125471000,
    "netIncomeRatio": 0.1884829102,
    "eps": 1.44,
    "epsdiluted": 1.39,
    "weightedAverageShsOut": 82180555,
    "weightedAverageShsOutDil": 85136690,
    "link": "https://www.sec.gov/Archives/edgar/data/1045609/000095014905000067/0000950149-05-000067-index.htm",
    "finalLink": "https://www.sec.gov/Archives/edgar/data/1045609/000095014905000067/f06482e10vk.htm"
  },
  {
    "date": "2003-12-31",
    "symbol": "PLD",
    "reportedCurrency": "USD",
    "cik": "0001045609",
    "fillingDate": "2004-03-15",
    "acceptedDate": "2004-03-12 21:51:10",
    "calendarYear": "2003",
    "period": "FY",
    "revenue": 615037000,
    "costOfRevenue": 0,
    "grossProfit": 0,
    "grossProfitRatio": 0,
    "researchAndDevelopmentExpenses": 0,
    "generalAndAdministrativeExpenses": 47729000,
    "sellingAndMarketingExpenses": 0,
    "sellingGeneralAndAdministrativeExpenses": 47729000,
    "otherExpenses": 173533000,
    "operatingExpenses": 221262000,
    "costAndExpenses": 221262000,
    "interestIncome": 0,
    "interestExpense": 0,
    "depreciationAndAmortization": 144970000,
    "ebitda": 587139000,
    "ebitdaratio": 0.9546401273,
    "operatingIncome": 268636000,
    "operatingIncomeRatio": 0.4367802262,
    "totalOtherIncomeExpensesNet": -268636000,
    "incomeBeforeTax": 134019000,
    "incomeBeforeTaxRatio": 0.2179039635,
    "incomeTaxExpense": 0,
    "netIncome": 134019000,
    "netIncomeRatio": 0.2179039635,
    "eps": 1.44,
    "epsdiluted": 1.41,
    "weightedAverageShsOut": 81052777,
    "weightedAverageShsOutDil": 82777305,
    "link": "https://www.sec.gov/Archives/edgar/data/1045609/000095014904000629/0000950149-04-000629-index.htm",
    "finalLink": "https://www.sec.gov/Archives/edgar/data/1045609/000095014904000629/f97187ae10vkza.txt"
  },
  {
    "date": "2002-12-31",
    "symbol": "PLD",
    "reportedCurrency": "USD",
    "cik": "0001045609",
    "fillingDate": "2003-03-17",
    "acceptedDate": "2003-03-17 16:27:55",
    "calendarYear": "2002",
    "period": "FY",
    "revenue": 615843000,
    "costOfRevenue": 0,
    "grossProfit": 0,
    "grossProfitRatio": 0,
    "researchAndDevelopmentExpenses": 0,
    "generalAndAdministrativeExpenses": 47207000,
    "sellingAndMarketingExpenses": 0,
    "sellingGeneralAndAdministrativeExpenses": 47207000,
    "otherExpenses": 137660000,
    "operatingExpenses": 184867000,
    "costAndExpenses": 184867000,
    "interestIncome": 0,
    "interestExpense": 0,
    "depreciationAndAmortization": 139928000,
    "ebitda": 893431000,
    "ebitdaratio": 1.4507447515,
    "operatingIncome": 295606000,
    "operatingIncomeRatio": 0.4800022084,
    "totalOtherIncomeExpensesNet": -295606000,
    "incomeBeforeTax": 124237000,
    "incomeBeforeTaxRatio": 0.2017348577,
    "incomeTaxExpense": 0,
    "netIncome": 124237000,
    "netIncomeRatio": 0.2017348577,
    "eps": 0.75,
    "epsdiluted": 0.75,
    "weightedAverageShsOut": 83755194,
    "weightedAverageShsOutDil": 84988721,
    "link": "https://www.sec.gov/Archives/edgar/data/1045609/000095014903000562/0000950149-03-000562-index.htm",
    "finalLink": "https://www.sec.gov/Archives/edgar/data/1045609/000095014903000562/f87871e10vk.htm"
  },
  {
    "date": "2001-12-31",
    "symbol": "PLD",
    "reportedCurrency": "USD",
    "cik": "0001045609",
    "fillingDate": "2002-04-01",
    "acceptedDate": "2002-04-01 00:00:00",
    "calendarYear": "2001",
    "period": "FY",
    "revenue": 600845000,
    "costOfRevenue": 0,
    "grossProfit": 0,
    "grossProfitRatio": 0,
    "researchAndDevelopmentExpenses": 0,
    "generalAndAdministrativeExpenses": 35820000,
    "sellingAndMarketingExpenses": 0,
    "sellingGeneralAndAdministrativeExpenses": 35820000,
    "otherExpenses": 120001000,
    "operatingExpenses": 155821000,
    "costAndExpenses": 155821000,
    "interestIncome": 0,
    "interestExpense": 0,
    "depreciationAndAmortization": 108467000,
    "ebitda": 812294000,
    "ebitdaratio": 1.3519193802,
    "operatingIncome": 294657000,
    "operatingIncomeRatio": 0.4904043472,
    "totalOtherIncomeExpensesNet": -294657000,
    "incomeBeforeTax": 137953000,
    "incomeBeforeTaxRatio": 0.2295983157,
    "incomeTaxExpense": 0,
    "netIncome": 137953000,
    "netIncomeRatio": 0.2295983157,
    "eps": 1.43,
    "epsdiluted": 1.41,
    "weightedAverageShsOut": 83986014,
    "weightedAverageShsOutDil": 85177305,
    "link": "https://www.sec.gov/Archives/edgar/data/1045609/000095014902000600/0000950149-02-000600-index.htm",
    "finalLink": "https://www.sec.gov/Archives/edgar/data/1045609/000095014902000600/f80308e10-k.htm"
  },
  {
    "date": "2000-12-31",
    "symbol": "PLD",
    "reportedCurrency": "USD",
    "cik": "0001045609",
    "fillingDate": "2001-03-28",
    "acceptedDate": "2001-03-28 00:00:00",
    "calendarYear": "2000",
    "period": "FY",
    "revenue": 477707000,
    "costOfRevenue": 0,
    "grossProfit": 0,
    "grossProfitRatio": 0,
    "researchAndDevelopmentExpenses": 0,
    "generalAndAdministrativeExpenses": 23750000,
    "sellingAndMarketingExpenses": 0,
    "sellingGeneralAndAdministrativeExpenses": 23750000,
    "otherExpenses": 141453000,
    "operatingExpenses": 165203000,
    "costAndExpenses": 165203000,
    "interestIncome": 0,
    "interestExpense": 0,
    "depreciationAndAmortization": 90203000,
    "ebitda": 691250000,
    "ebitdaratio": 1.447016686,
    "operatingIncome": 249969000,
    "operatingIncomeRatio": 0.523268447,
    "totalOtherIncomeExpensesNet": -249969000,
    "incomeBeforeTax": 121782000,
    "incomeBeforeTaxRatio": 0.2549303234,
    "incomeTaxExpense": 0,
    "netIncome": 121782000,
    "netIncomeRatio": 0.2549303234,
    "eps": 1.35,
    "epsdiluted": 1.35,
    "weightedAverageShsOut": 83912592,
    "weightedAverageShsOutDil": 83912592,
    "link": "https://www.sec.gov/Archives/edgar/data/1045609/000095014901000375/0000950149-01-000375-index.htm",
    "finalLink": "https://www.sec.gov/Archives/edgar/data/1045609/000095014901000375/f70165e10-k.txt"
  },
  {
    "date": "1999-12-31",
    "symbol": "PLD",
    "reportedCurrency": "USD",
    "cik": "0001045609",
    "fillingDate": "2000-03-22",
    "acceptedDate": "2000-03-22 00:00:00",
    "calendarYear": "1999",
    "period": "FY",
    "revenue": 448183000,
    "costOfRevenue": 0,
    "grossProfit": 0,
    "grossProfitRatio": 0,
    "researchAndDevelopmentExpenses": 0,
    "generalAndAdministrativeExpenses": 25200000,
    "sellingAndMarketingExpenses": 0,
    "sellingGeneralAndAdministrativeExpenses": 25200000,
    "otherExpenses": 140023000,
    "operatingExpenses": 165223000,
    "costAndExpenses": 165223000,
    "interestIncome": 0,
    "interestExpense": 0,
    "depreciationAndAmortization": 64500000,
    "ebitda": 652655000,
    "ebitdaratio": 1.4562243548,
    "operatingIncome": 247532000,
    "operatingIncomeRatio": 0.5523011805,
    "totalOtherIncomeExpensesNet": -247532000,
    "incomeBeforeTax": 176103000,
    "incomeBeforeTaxRatio": 0.3929265501,
    "incomeTaxExpense": 0,
    "netIncome": 176103000,
    "netIncomeRatio": 0.3929265501,
    "eps": 1.94,
    "epsdiluted": 1.94,
    "weightedAverageShsOut": 86393299,
    "weightedAverageShsOutDil": 86393299,
    "link": "https://www.sec.gov/Archives/edgar/data/1045609/000095014900000578/0000950149-00-000578-index.html",
    "finalLink": "https://www.sec.gov/Archives/edgar/data/1045609/000095014900000578/"
  },
  {
    "date": "1998-12-31",
    "symbol": "PLD",
    "reportedCurrency": "USD",
    "cik": "0001045609",
    "fillingDate": "1999-03-24",
    "acceptedDate": "1999-03-24 00:00:00",
    "calendarYear": "1998",
    "period": "FY",
    "revenue": 358887000,
    "costOfRevenue": 0,
    "grossProfit": 0,
    "grossProfitRatio": 0,
    "researchAndDevelopmentExpenses": 0,
    "generalAndAdministrativeExpenses": 19588000,
    "sellingAndMarketingExpenses": 0,
    "sellingGeneralAndAdministrativeExpenses": 19588000,
    "otherExpenses": 145879000,
    "operatingExpenses": 165467000,
    "costAndExpenses": 165467000,
    "interestIncome": 0,
    "interestExpense": 0,
    "depreciationAndAmortization": 57464000,
    "ebitda": 250884000,
    "ebitdaratio": 0.6990612644,
    "operatingIncome": 193420000,
    "operatingIncomeRatio": 0.538944013,
    "totalOtherIncomeExpensesNet": -193420000,
    "incomeBeforeTax": 112593000,
    "incomeBeforeTaxRatio": 0.3137282766,
    "incomeTaxExpense": 0,
    "netIncome": 112593000,
    "netIncomeRatio": 0.3137282766,
    "eps": 1.27,
    "epsdiluted": 1.26,
    "weightedAverageShsOut": 85876382,
    "weightedAverageShsOutDil": 86235175,
    "link": "https://www.sec.gov/Archives/edgar/data/1045609/000095014999000495/0000950149-99-000495-index.html",
    "finalLink": "https://www.sec.gov/Archives/edgar/data/1045609/"
  },
  {
    "date": "1997-12-31",
    "symbol": "PLD",
    "reportedCurrency": "USD",
    "cik": "0001045609",
    "fillingDate": "1998-03-31",
    "acceptedDate": "1998-03-31 00:00:00",
    "calendarYear": "1997",
    "period": "FY",
    "revenue": 56062000,
    "costOfRevenue": 0,
    "grossProfit": 0,
    "grossProfitRatio": 0,
    "researchAndDevelopmentExpenses": 0,
    "generalAndAdministrativeExpenses": 1200000,
    "sellingAndMarketingExpenses": 0,
    "sellingGeneralAndAdministrativeExpenses": 1200000,
    "otherExpenses": 32487000,
    "operatingExpenses": 33687000,
    "costAndExpenses": 33687000,
    "interestIncome": 0,
    "interestExpense": 0,
    "depreciationAndAmortization": 3900000,
    "ebitda": 92400000,
    "ebitdaratio": 1.6481752346,
    "operatingIncome": 22413000,
    "operatingIncomeRatio": 0.3997895187,
    "totalOtherIncomeExpensesNet": -22413000,
    "incomeBeforeTax": 18228000,
    "incomeBeforeTaxRatio": 0.3251400235,
    "incomeTaxExpense": 0,
    "netIncome": 18228000,
    "netIncomeRatio": 0.3251400235,
    "eps": 1.39,
    "epsdiluted": 1.38,
    "weightedAverageShsOut": 85875000,
    "weightedAverageShsOutDil": 85875000,
    "link": "https://www.sec.gov/Archives/edgar/data/1045609/000095014998000586/0000950149-98-000586-index.html",
    "finalLink": "https://www.sec.gov/Archives/edgar/data/1045609/"
  }
]