[
  {
    "date": "2025-06-30",
    "symbol": "PM",
    "reportedCurrency": "USD",
    "cik": "0001413329",
    "fillingDate": "2025-07-25",
    "acceptedDate": "2025-07-25 08:11:01",
    "calendarYear": "2025",
    "period": "Q2",
    "revenue": 10140000000,
    "costOfRevenue": 3279000000,
    "grossProfit": 6861000000,
    "grossProfitRatio": 0.6766272189,
    "researchAndDevelopmentExpenses": 0,
    "generalAndAdministrativeExpenses": 3108000000,
    "sellingAndMarketingExpenses": 0,
    "sellingGeneralAndAdministrativeExpenses": 3108000000,
    "otherExpenses": 0,
    "operatingExpenses": 3108000000,
    "costAndExpenses": 6387000000,
    "interestIncome": 0,
    "interestExpense": 277000000,
    "depreciationAndAmortization": 0,
    "ebitda": 3701000000,
    "ebitdaratio": 0.3649901381,
    "operatingIncome": 3753000000,
    "operatingIncomeRatio": 0.3701183432,
    "totalOtherIncomeExpensesNet": 47000000,
    "incomeBeforeTax": 3800000000,
    "incomeBeforeTaxRatio": 0.3747534517,
    "incomeTaxExpense": 652000000,
    "netIncome": 3031000000,
    "netIncomeRatio": 0.2989151874,
    "eps": 1.95,
    "epsdiluted": 1.95,
    "weightedAverageShsOut": 1557000000,
    "weightedAverageShsOutDil": 1558000000,
    "link": "https://www.sec.gov/Archives/edgar/data/1413329/000141332925000150/0001413329-25-000150-index.htm",
    "finalLink": "https://www.sec.gov/Archives/edgar/data/1413329/000141332925000150/pm-20250630.htm"
  },
  {
    "date": "2025-03-31",
    "symbol": "PM",
    "reportedCurrency": "USD",
    "cik": "0001413329",
    "fillingDate": "2025-04-24",
    "acceptedDate": "2025-04-24 08:26:13",
    "calendarYear": "2025",
    "period": "Q1",
    "revenue": 9249000000,
    "costOfRevenue": 3281000000,
    "grossProfit": 5968000000,
    "grossProfitRatio": 0.6452589469,
    "researchAndDevelopmentExpenses": 0,
    "generalAndAdministrativeExpenses": 2193000000,
    "sellingAndMarketingExpenses": 0,
    "sellingGeneralAndAdministrativeExpenses": 2193000000,
    "otherExpenses": 0,
    "operatingExpenses": 2193000000,
    "costAndExpenses": 5474000000,
    "interestIncome": 0,
    "interestExpense": 465000000,
    "depreciationAndAmortization": 480000000,
    "ebitda": 4236000000,
    "ebitdaratio": 0.457995459,
    "operatingIncome": 3775000000,
    "operatingIncomeRatio": 0.4081522327,
    "totalOtherIncomeExpensesNet": -279000000,
    "incomeBeforeTax": 3496000000,
    "incomeBeforeTaxRatio": 0.3779868094,
    "incomeTaxExpense": 659000000,
    "netIncome": 2682000000,
    "netIncomeRatio": 0.2899772948,
    "eps": 1.72,
    "epsdiluted": 1.72,
    "weightedAverageShsOut": 1554000000,
    "weightedAverageShsOutDil": 1556000000,
    "link": "https://www.sec.gov/Archives/edgar/data/1413329/000141332925000094/0001413329-25-000094-index.htm",
    "finalLink": "https://www.sec.gov/Archives/edgar/data/1413329/000141332925000094/pm-20250331.htm"
  },
  {
    "date": "2024-12-31",
    "symbol": "PM",
    "reportedCurrency": "USD",
    "cik": "0001413329",
    "fillingDate": "2025-02-06",
    "acceptedDate": "2025-02-06 07:16:19",
    "calendarYear": "2024",
    "period": "Q4",
    "revenue": 9706000000,
    "costOfRevenue": 3423000000,
    "grossProfit": 6283000000,
    "grossProfitRatio": 0.6473315475,
    "researchAndDevelopmentExpenses": 0,
    "generalAndAdministrativeExpenses": 3024000000,
    "sellingAndMarketingExpenses": 0,
    "sellingGeneralAndAdministrativeExpenses": 3024000000,
    "otherExpenses": 0,
    "operatingExpenses": 3024000000,
    "costAndExpenses": 6447000000,
    "interestIncome": 620000000,
    "interestExpense": 946000000,
    "depreciationAndAmortization": 477000000,
    "ebitda": 4340000000,
    "ebitdaratio": 0.4471460952,
    "operatingIncome": 3259000000,
    "operatingIncomeRatio": 0.3357716876,
    "totalOtherIncomeExpensesNet": -1194000000,
    "incomeBeforeTax": 2065000000,
    "incomeBeforeTaxRatio": 0.2127549969,
    "incomeTaxExpense": 235000000,
    "netIncome": -579000000,
    "netIncomeRatio": -0.0596538224,
    "eps": -0.37,
    "epsdiluted": -0.37,
    "weightedAverageShsOut": 1554000000,
    "weightedAverageShsOutDil": 1556000000,
    "link": "https://www.sec.gov/Archives/edgar/data/1413329/000141332925000013/0001413329-25-000013-index.htm",
    "finalLink": "https://www.sec.gov/Archives/edgar/data/1413329/000141332925000013/pm-20241231.htm"
  },
  {
    "date": "2024-09-30",
    "symbol": "PM",
    "reportedCurrency": "USD",
    "cik": "0001413329",
    "fillingDate": "2024-10-24",
    "acceptedDate": "2024-10-24 08:05:43",
    "calendarYear": "2024",
    "period": "Q3",
    "revenue": 9911000000,
    "costOfRevenue": 3366000000,
    "grossProfit": 6545000000,
    "grossProfitRatio": 0.6603773585,
    "researchAndDevelopmentExpenses": 0,
    "generalAndAdministrativeExpenses": 2891000000,
    "sellingAndMarketingExpenses": 0,
    "sellingGeneralAndAdministrativeExpenses": 2891000000,
    "otherExpenses": 0,
    "operatingExpenses": 2891000000,
    "costAndExpenses": 6257000000,
    "interestIncome": 0,
    "interestExpense": 189000000,
    "depreciationAndAmortization": 498000000,
    "ebitda": 4137000000,
    "ebitdaratio": 0.4174149934,
    "operatingIncome": 3654000000,
    "operatingIncomeRatio": 0.3686812632,
    "totalOtherIncomeExpensesNet": 296000000,
    "incomeBeforeTax": 3950000000,
    "incomeBeforeTaxRatio": 0.3985470689,
    "incomeTaxExpense": 735000000,
    "netIncome": 3082000000,
    "netIncomeRatio": 0.3109676117,
    "eps": 1.98,
    "epsdiluted": 1.97,
    "weightedAverageShsOut": 1555000000,
    "weightedAverageShsOutDil": 1556000000,
    "link": "https://www.sec.gov/Archives/edgar/data/1413329/000141332924000172/0001413329-24-000172-index.htm",
    "finalLink": "https://www.sec.gov/Archives/edgar/data/1413329/000141332924000172/pm-20240930.htm"
  },
  {
    "date": "2024-06-30",
    "symbol": "PM",
    "reportedCurrency": "USD",
    "cik": "0001413329",
    "fillingDate": "2024-07-25",
    "acceptedDate": "2024-07-25 07:35:39",
    "calendarYear": "2024",
    "period": "Q2",
    "revenue": 9468000000,
    "costOfRevenue": 3345000000,
    "grossProfit": 6123000000,
    "grossProfitRatio": 0.6467046895,
    "researchAndDevelopmentExpenses": 0,
    "generalAndAdministrativeExpenses": 2693000000,
    "sellingAndMarketingExpenses": -322000000,
    "sellingGeneralAndAdministrativeExpenses": 2371000000,
    "otherExpenses": 308000000,
    "operatingExpenses": 2679000000,
    "costAndExpenses": 6024000000,
    "interestIncome": 0,
    "interestExpense": 329000000,
    "depreciationAndAmortization": 445000000,
    "ebitda": 3875000000,
    "ebitdaratio": 0.4092733418,
    "operatingIncome": 3444000000,
    "operatingIncomeRatio": 0.3637515843,
    "totalOtherIncomeExpensesNet": -182000000,
    "incomeBeforeTax": 3262000000,
    "incomeBeforeTaxRatio": 0.3445289396,
    "incomeTaxExpense": 734000000,
    "netIncome": 2406000000,
    "netIncomeRatio": 0.2541191381,
    "eps": 1.54,
    "epsdiluted": 1.54,
    "weightedAverageShsOut": 1555000000,
    "weightedAverageShsOutDil": 1556000000,
    "link": "https://www.sec.gov/Archives/edgar/data/1413329/000141332924000145/0001413329-24-000145-index.htm",
    "finalLink": "https://www.sec.gov/Archives/edgar/data/1413329/000141332924000145/pm-20240630.htm"
  },
  {
    "date": "2024-03-31",
    "symbol": "PM",
    "reportedCurrency": "USD",
    "cik": "0001413329",
    "fillingDate": "2024-04-26",
    "acceptedDate": "2024-04-26 07:14:33",
    "calendarYear": "2024",
    "period": "Q1",
    "revenue": 8793000000,
    "costOfRevenue": 3195000000,
    "grossProfit": 5598000000,
    "grossProfitRatio": 0.636642784,
    "researchAndDevelopmentExpenses": 0,
    "generalAndAdministrativeExpenses": 2568000000,
    "sellingAndMarketingExpenses": 201000000,
    "sellingGeneralAndAdministrativeExpenses": 2769000000,
    "otherExpenses": -216000000,
    "operatingExpenses": 2553000000,
    "costAndExpenses": 5748000000,
    "interestIncome": 0,
    "interestExpense": 299000000,
    "depreciationAndAmortization": 367000000,
    "ebitda": 3397000000,
    "ebitdaratio": 0.3863300353,
    "operatingIncome": 3045000000,
    "operatingIncomeRatio": 0.3462981917,
    "totalOtherIncomeExpensesNet": -123000000,
    "incomeBeforeTax": 2922000000,
    "incomeBeforeTaxRatio": 0.3323097919,
    "incomeTaxExpense": 676000000,
    "netIncome": 2148000000,
    "netIncomeRatio": 0.2442852269,
    "eps": 1.38,
    "epsdiluted": 1.38,
    "weightedAverageShsOut": 1553000000,
    "weightedAverageShsOutDil": 1555000000,
    "link": "https://www.sec.gov/Archives/edgar/data/1413329/000141332924000087/0001413329-24-000087-index.htm",
    "finalLink": "https://www.sec.gov/Archives/edgar/data/1413329/000141332924000087/pm-20240331.htm"
  },
  {
    "date": "2023-12-31",
    "symbol": "PM",
    "reportedCurrency": "USD",
    "cik": "0001413329",
    "fillingDate": "2024-02-08",
    "acceptedDate": "2024-02-08 07:10:55",
    "calendarYear": "2023",
    "period": "Q4",
    "revenue": 9047000000,
    "costOfRevenue": 3426000000,
    "grossProfit": 5621000000,
    "grossProfitRatio": 0.6213109318,
    "researchAndDevelopmentExpenses": 0,
    "generalAndAdministrativeExpenses": 2031000000,
    "sellingAndMarketingExpenses": 0,
    "sellingGeneralAndAdministrativeExpenses": 2031000000,
    "otherExpenses": 701000000,
    "operatingExpenses": 2732000000,
    "costAndExpenses": 6158000000,
    "interestIncome": 465000000,
    "interestExpense": 738000000,
    "depreciationAndAmortization": 369000000,
    "ebitda": 4058000000,
    "ebitdaratio": 0.4485464795,
    "operatingIncome": 2889000000,
    "operatingIncomeRatio": 0.3193323754,
    "totalOtherIncomeExpensesNet": -256000000,
    "incomeBeforeTax": 2633000000,
    "incomeBeforeTaxRatio": 0.2910357024,
    "incomeTaxExpense": 320000000,
    "netIncome": 2196000000,
    "netIncomeRatio": 0.2427323975,
    "eps": 1.41,
    "epsdiluted": 1.41,
    "weightedAverageShsOut": 1552000000,
    "weightedAverageShsOutDil": 1554000000,
    "link": "https://www.sec.gov/Archives/edgar/data/1413329/000141332924000013/0001413329-24-000013-index.htm",
    "finalLink": "https://www.sec.gov/Archives/edgar/data/1413329/000141332924000013/pm-20231231.htm"
  },
  {
    "date": "2023-09-30",
    "symbol": "PM",
    "reportedCurrency": "USD",
    "cik": "0001413329",
    "fillingDate": "2023-10-26",
    "acceptedDate": "2023-10-26 08:43:47",
    "calendarYear": "2023",
    "period": "Q3",
    "revenue": 9141000000,
    "costOfRevenue": 3154000000,
    "grossProfit": 5987000000,
    "grossProfitRatio": 0.654961164,
    "researchAndDevelopmentExpenses": 0,
    "generalAndAdministrativeExpenses": 2614000000,
    "sellingAndMarketingExpenses": 0,
    "sellingGeneralAndAdministrativeExpenses": 2614000000,
    "otherExpenses": -8000000,
    "operatingExpenses": 2606000000,
    "costAndExpenses": 5771000000,
    "interestIncome": 0,
    "interestExpense": 261000000,
    "depreciationAndAmortization": 429000000,
    "ebitda": 3791000000,
    "ebitdaratio": 0.414724866,
    "operatingIncome": 3370000000,
    "operatingIncomeRatio": 0.3686686358,
    "totalOtherIncomeExpensesNet": -168000000,
    "incomeBeforeTax": 3202000000,
    "incomeBeforeTaxRatio": 0.3502899026,
    "incomeTaxExpense": 1031000000,
    "netIncome": 2054000000,
    "netIncomeRatio": 0.2247018926,
    "eps": 1.32,
    "epsdiluted": 1.32,
    "weightedAverageShsOut": 1552000000,
    "weightedAverageShsOutDil": 1554000000,
    "link": "https://www.sec.gov/Archives/edgar/data/1413329/000141332923000201/0001413329-23-000201-index.htm",
    "finalLink": "https://www.sec.gov/Archives/edgar/data/1413329/000141332923000201/pm-20230930.htm"
  },
  {
    "date": "2023-06-30",
    "symbol": "PM",
    "reportedCurrency": "USD",
    "cik": "0001413329",
    "fillingDate": "2023-07-27",
    "acceptedDate": "2023-07-27 08:41:34",
    "calendarYear": "2023",
    "period": "Q2",
    "revenue": 8967000000,
    "costOfRevenue": 3228000000,
    "grossProfit": 5739000000,
    "grossProfitRatio": 0.6400133824,
    "researchAndDevelopmentExpenses": 0,
    "generalAndAdministrativeExpenses": 3179000000,
    "sellingAndMarketingExpenses": -117000000,
    "sellingGeneralAndAdministrativeExpenses": 3062000000,
    "otherExpenses": 111000000,
    "operatingExpenses": 3173000000,
    "costAndExpenses": 6401000000,
    "interestIncome": 0,
    "interestExpense": 297000000,
    "depreciationAndAmortization": 301000000,
    "ebitda": 2861000000,
    "ebitdaratio": 0.319058771,
    "operatingIncome": 2566000000,
    "operatingIncomeRatio": 0.2861603658,
    "totalOtherIncomeExpensesNet": -324000000,
    "incomeBeforeTax": 2242000000,
    "incomeBeforeTaxRatio": 0.25002788,
    "incomeTaxExpense": 560000000,
    "netIncome": 1568000000,
    "netIncomeRatio": 0.174863388,
    "eps": 1.01,
    "epsdiluted": 1.01,
    "weightedAverageShsOut": 1552000000,
    "weightedAverageShsOutDil": 1553000000,
    "link": "https://www.sec.gov/Archives/edgar/data/1413329/000141332923000176/0001413329-23-000176-index.htm",
    "finalLink": "https://www.sec.gov/Archives/edgar/data/1413329/000141332923000176/pm-20230630.htm"
  },
  {
    "date": "2023-03-31",
    "symbol": "PM",
    "reportedCurrency": "USD",
    "cik": "0001413329",
    "fillingDate": "2023-04-26",
    "acceptedDate": "2023-04-26 07:41:43",
    "calendarYear": "2023",
    "period": "Q1",
    "revenue": 8019000000,
    "costOfRevenue": 3020000000,
    "grossProfit": 4999000000,
    "grossProfitRatio": 0.6233944382,
    "researchAndDevelopmentExpenses": 0,
    "generalAndAdministrativeExpenses": 2272000000,
    "sellingAndMarketingExpenses": 0,
    "sellingGeneralAndAdministrativeExpenses": 2272000000,
    "otherExpenses": -4000000,
    "operatingExpenses": 2268000000,
    "costAndExpenses": 5288000000,
    "interestIncome": 0,
    "interestExpense": 230000000,
    "depreciationAndAmortization": 299000000,
    "ebitda": 3008000000,
    "ebitdaratio": 0.3751091158,
    "operatingIncome": 2731000000,
    "operatingIncomeRatio": 0.3405661554,
    "totalOtherIncomeExpensesNet": -201000000,
    "incomeBeforeTax": 2530000000,
    "incomeBeforeTaxRatio": 0.3155006859,
    "incomeTaxExpense": 428000000,
    "netIncome": 1995000000,
    "netIncomeRatio": 0.2487841377,
    "eps": 1.28,
    "epsdiluted": 1.28,
    "weightedAverageShsOut": 1552000000,
    "weightedAverageShsOutDil": 1553000000,
    "link": "https://www.sec.gov/Archives/edgar/data/1413329/000141332923000117/0001413329-23-000117-index.htm",
    "finalLink": "https://www.sec.gov/Archives/edgar/data/1413329/000141332923000117/pm-20230331.htm"
  },
  {
    "date": "2022-12-31",
    "symbol": "PM",
    "reportedCurrency": "USD",
    "cik": "0001413329",
    "fillingDate": "2023-02-10",
    "acceptedDate": "2023-02-10 08:20:35",
    "calendarYear": "2022",
    "period": "Q4",
    "revenue": 8152000000,
    "costOfRevenue": 3083000000,
    "grossProfit": 5069000000,
    "grossProfitRatio": 0.6218105986,
    "researchAndDevelopmentExpenses": 642000000,
    "generalAndAdministrativeExpenses": 2025000000,
    "sellingAndMarketingExpenses": 392000000,
    "sellingGeneralAndAdministrativeExpenses": 2417000000,
    "otherExpenses": -914000000,
    "operatingExpenses": 2145000000,
    "costAndExpenses": 5228000000,
    "interestIncome": 0,
    "interestExpense": 170000000,
    "depreciationAndAmortization": 291000000,
    "ebitda": 3387000000,
    "ebitdaratio": 0.4154808636,
    "operatingIncome": 2924000000,
    "operatingIncomeRatio": 0.3586849853,
    "totalOtherIncomeExpensesNet": -21000000,
    "incomeBeforeTax": 2903000000,
    "incomeBeforeTaxRatio": 0.3561089303,
    "incomeTaxExpense": 409000000,
    "netIncome": 2397000000,
    "netIncomeRatio": 0.2940382728,
    "eps": 1.54,
    "epsdiluted": 1.54,
    "weightedAverageShsOut": 1550000000,
    "weightedAverageShsOutDil": 1552000000,
    "link": "https://www.sec.gov/Archives/edgar/data/1413329/000141332923000025/0001413329-23-000025-index.htm",
    "finalLink": "https://www.sec.gov/Archives/edgar/data/1413329/000141332923000025/pm-20221231.htm"
  },
  {
    "date": "2022-09-30",
    "symbol": "PM",
    "reportedCurrency": "USD",
    "cik": "0001413329",
    "fillingDate": "2022-10-27",
    "acceptedDate": "2022-10-27 08:17:59",
    "calendarYear": "2022",
    "period": "Q3",
    "revenue": 8032000000,
    "costOfRevenue": 2935000000,
    "grossProfit": 5097000000,
    "grossProfitRatio": 0.6345866534,
    "researchAndDevelopmentExpenses": 0,
    "generalAndAdministrativeExpenses": 2136000000,
    "sellingAndMarketingExpenses": -472000000,
    "sellingGeneralAndAdministrativeExpenses": 1664000000,
    "otherExpenses": 465000000,
    "operatingExpenses": 2129000000,
    "costAndExpenses": 5064000000,
    "interestIncome": 0,
    "interestExpense": 138000000,
    "depreciationAndAmortization": 358000000,
    "ebitda": 3319000000,
    "ebitdaratio": 0.4132221116,
    "operatingIncome": 2968000000,
    "operatingIncomeRatio": 0.3695219124,
    "totalOtherIncomeExpensesNet": -124000000,
    "incomeBeforeTax": 2844000000,
    "incomeBeforeTaxRatio": 0.3540836653,
    "incomeTaxExpense": 622000000,
    "netIncome": 2087000000,
    "netIncomeRatio": 0.2598356574,
    "eps": 1.34,
    "epsdiluted": 1.34,
    "weightedAverageShsOut": 1550000000,
    "weightedAverageShsOutDil": 1552000000,
    "link": "https://www.sec.gov/Archives/edgar/data/1413329/000141332922000114/0001413329-22-000114-index.htm",
    "finalLink": "https://www.sec.gov/Archives/edgar/data/1413329/000141332922000114/pm-20220930.htm"
  },
  {
    "date": "2022-06-30",
    "symbol": "PM",
    "reportedCurrency": "USD",
    "cik": "0001413329",
    "fillingDate": "2022-07-29",
    "acceptedDate": "2022-07-29 08:12:48",
    "calendarYear": "2022",
    "period": "Q2",
    "revenue": 7832000000,
    "costOfRevenue": 2648000000,
    "grossProfit": 5184000000,
    "grossProfitRatio": 0.6618998979,
    "researchAndDevelopmentExpenses": 0,
    "generalAndAdministrativeExpenses": 2133000000,
    "sellingAndMarketingExpenses": 0,
    "sellingGeneralAndAdministrativeExpenses": 2133000000,
    "otherExpenses": -5000000,
    "operatingExpenses": 2128000000,
    "costAndExpenses": 4776000000,
    "interestIncome": 0,
    "interestExpense": 126000000,
    "depreciationAndAmortization": 287000000,
    "ebitda": 3338000000,
    "ebitdaratio": 0.4262002043,
    "operatingIncome": 3056000000,
    "operatingIncomeRatio": 0.3901940756,
    "totalOtherIncomeExpensesNet": -116000000,
    "incomeBeforeTax": 2940000000,
    "incomeBeforeTaxRatio": 0.3753830439,
    "incomeTaxExpense": 594000000,
    "netIncome": 2233000000,
    "netIncomeRatio": 0.2851123596,
    "eps": 1.44,
    "epsdiluted": 1.43,
    "weightedAverageShsOut": 1551000000,
    "weightedAverageShsOutDil": 1552000000,
    "link": "https://www.sec.gov/Archives/edgar/data/1413329/000141332922000072/0001413329-22-000072-index.htm",
    "finalLink": "https://www.sec.gov/Archives/edgar/data/1413329/000141332922000072/pm-20220630.htm"
  },
  {
    "date": "2022-03-31",
    "symbol": "PM",
    "reportedCurrency": "USD",
    "cik": "0001413329",
    "fillingDate": "2022-04-28",
    "acceptedDate": "2022-04-28 16:29:26",
    "calendarYear": "2022",
    "period": "Q1",
    "revenue": 7746000000,
    "costOfRevenue": 2582000000,
    "grossProfit": 5164000000,
    "grossProfitRatio": 0.6666666667,
    "researchAndDevelopmentExpenses": 0,
    "generalAndAdministrativeExpenses": 1844000000,
    "sellingAndMarketingExpenses": 0,
    "sellingGeneralAndAdministrativeExpenses": 1844000000,
    "otherExpenses": 22000000,
    "operatingExpenses": 1866000000,
    "costAndExpenses": 4448000000,
    "interestIncome": 0,
    "interestExpense": 154000000,
    "depreciationAndAmortization": 253000000,
    "ebitda": 3548000000,
    "ebitdaratio": 0.4580428608,
    "operatingIncome": 3298000000,
    "operatingIncomeRatio": 0.4257681384,
    "totalOtherIncomeExpensesNet": -214000000,
    "incomeBeforeTax": 3084000000,
    "incomeBeforeTaxRatio": 0.398140976,
    "incomeTaxExpense": 619000000,
    "netIncome": 2331000000,
    "netIncomeRatio": 0.300929512,
    "eps": 1.5,
    "epsdiluted": 1.5,
    "weightedAverageShsOut": 1550000000,
    "weightedAverageShsOutDil": 1552000000,
    "link": "https://www.sec.gov/Archives/edgar/data/1413329/000141332922000035/0001413329-22-000035-index.htm",
    "finalLink": "https://www.sec.gov/Archives/edgar/data/1413329/000141332922000035/pm-20220331.htm"
  },
  {
    "date": "2021-12-31",
    "symbol": "PM",
    "reportedCurrency": "USD",
    "cik": "0001413329",
    "fillingDate": "2022-02-11",
    "acceptedDate": "2022-02-11 08:29:22",
    "calendarYear": "2021",
    "period": "Q4",
    "revenue": 8104000000,
    "costOfRevenue": 2807000000,
    "grossProfit": 5297000000,
    "grossProfitRatio": 0.6536278381,
    "researchAndDevelopmentExpenses": 617000000,
    "generalAndAdministrativeExpenses": 2342000000,
    "sellingAndMarketingExpenses": 0,
    "sellingGeneralAndAdministrativeExpenses": 2337000000,
    "otherExpenses": -604000000,
    "operatingExpenses": 2350000000,
    "costAndExpenses": 5157000000,
    "interestIncome": 0,
    "interestExpense": 146000000,
    "depreciationAndAmortization": 279000000,
    "ebitda": 3245000000,
    "ebitdaratio": 0.4004195459,
    "operatingIncome": 2960000000,
    "operatingIncomeRatio": 0.3652517275,
    "totalOtherIncomeExpensesNet": -138000000,
    "incomeBeforeTax": 2822000000,
    "incomeBeforeTaxRatio": 0.3482230997,
    "incomeTaxExpense": 593000000,
    "netIncome": 2093000000,
    "netIncomeRatio": 0.2582675222,
    "eps": 1.34,
    "epsdiluted": 1.34,
    "weightedAverageShsOut": 1556000000,
    "weightedAverageShsOutDil": 1557000000,
    "link": "https://www.sec.gov/Archives/edgar/data/1413329/000141332922000011/0001413329-22-000011-index.htm",
    "finalLink": "https://www.sec.gov/Archives/edgar/data/1413329/000141332922000011/pm-20211231.htm"
  },
  {
    "date": "2021-09-30",
    "symbol": "PM",
    "reportedCurrency": "USD",
    "cik": "0001413329",
    "fillingDate": "2021-10-27",
    "acceptedDate": "2021-10-27 16:41:25",
    "calendarYear": "2021",
    "period": "Q3",
    "revenue": 8122000000,
    "costOfRevenue": 2596000000,
    "grossProfit": 5526000000,
    "grossProfitRatio": 0.680374292,
    "researchAndDevelopmentExpenses": 0,
    "generalAndAdministrativeExpenses": 2098000000,
    "sellingAndMarketingExpenses": 0,
    "sellingGeneralAndAdministrativeExpenses": 2098000000,
    "otherExpenses": -27000000,
    "operatingExpenses": 2071000000,
    "costAndExpenses": 4667000000,
    "interestIncome": 0,
    "interestExpense": 154000000,
    "depreciationAndAmortization": 235000000,
    "ebitda": 3710000000,
    "ebitdaratio": 0.4567840433,
    "operatingIncome": 3455000000,
    "operatingIncomeRatio": 0.4253878355,
    "totalOtherIncomeExpensesNet": -132000000,
    "incomeBeforeTax": 3323000000,
    "incomeBeforeTaxRatio": 0.4091356809,
    "incomeTaxExpense": 735000000,
    "netIncome": 2426000000,
    "netIncomeRatio": 0.2986949027,
    "eps": 1.55,
    "epsdiluted": 1.55,
    "weightedAverageShsOut": 1558000000,
    "weightedAverageShsOutDil": 1560000000,
    "link": "https://www.sec.gov/Archives/edgar/data/1413329/000141332921000091/0001413329-21-000091-index.htm",
    "finalLink": "https://www.sec.gov/Archives/edgar/data/1413329/000141332921000091/pm-20210930.htm"
  },
  {
    "date": "2021-06-30",
    "symbol": "PM",
    "reportedCurrency": "USD",
    "cik": "0001413329",
    "fillingDate": "2021-07-27",
    "acceptedDate": "2021-07-27 16:42:01",
    "calendarYear": "2021",
    "period": "Q2",
    "revenue": 7594000000,
    "costOfRevenue": 2353000000,
    "grossProfit": 5241000000,
    "grossProfitRatio": 0.6901501185,
    "researchAndDevelopmentExpenses": 0,
    "generalAndAdministrativeExpenses": 2120000000,
    "sellingAndMarketingExpenses": 0,
    "sellingGeneralAndAdministrativeExpenses": 2120000000,
    "otherExpenses": -8000000,
    "operatingExpenses": 2112000000,
    "costAndExpenses": 4465000000,
    "interestIncome": 0,
    "interestExpense": 161000000,
    "depreciationAndAmortization": 239000000,
    "ebitda": 3341000000,
    "ebitdaratio": 0.4399525942,
    "operatingIncome": 3129000000,
    "operatingIncomeRatio": 0.4120358178,
    "totalOtherIncomeExpensesNet": -185000000,
    "incomeBeforeTax": 2944000000,
    "incomeBeforeTaxRatio": 0.3876744799,
    "incomeTaxExpense": 646000000,
    "netIncome": 2172000000,
    "netIncomeRatio": 0.2860152752,
    "eps": 1.39,
    "epsdiluted": 1.39,
    "weightedAverageShsOut": 1558000000,
    "weightedAverageShsOutDil": 1560000000,
    "link": "https://www.sec.gov/Archives/edgar/data/1413329/000141332921000058/0001413329-21-000058-index.htm",
    "finalLink": "https://www.sec.gov/Archives/edgar/data/1413329/000141332921000058/pm-20210630.htm"
  },
  {
    "date": "2021-03-31",
    "symbol": "PM",
    "reportedCurrency": "USD",
    "cik": "0001413329",
    "fillingDate": "2021-04-27",
    "acceptedDate": "2021-04-27 13:24:49",
    "calendarYear": "2021",
    "period": "Q1",
    "revenue": 7585000000,
    "costOfRevenue": 2292000000,
    "grossProfit": 5293000000,
    "grossProfitRatio": 0.6978246539,
    "researchAndDevelopmentExpenses": 0,
    "generalAndAdministrativeExpenses": 2070000000,
    "sellingAndMarketingExpenses": 0,
    "sellingGeneralAndAdministrativeExpenses": 2070000000,
    "otherExpenses": 0,
    "operatingExpenses": 2070000000,
    "costAndExpenses": 4362000000,
    "interestIncome": 0,
    "interestExpense": 167000000,
    "depreciationAndAmortization": 245000000,
    "ebitda": 3711000000,
    "ebitdaratio": 0.4892551088,
    "operatingIncome": 3223000000,
    "operatingIncomeRatio": 0.4249176005,
    "totalOtherIncomeExpensesNet": 69000000,
    "incomeBeforeTax": 3292000000,
    "incomeBeforeTaxRatio": 0.4340145023,
    "incomeTaxExpense": 697000000,
    "netIncome": 2418000000,
    "netIncomeRatio": 0.3187870798,
    "eps": 1.55,
    "epsdiluted": 1.55,
    "weightedAverageShsOut": 1558000000,
    "weightedAverageShsOutDil": 1560000000,
    "link": "https://www.sec.gov/Archives/edgar/data/1413329/000141332921000025/0001413329-21-000025-index.htm",
    "finalLink": "https://www.sec.gov/Archives/edgar/data/1413329/000141332921000025/pm-20210331.htm"
  },
  {
    "date": "2020-12-31",
    "symbol": "PM",
    "reportedCurrency": "USD",
    "cik": "0001413329",
    "fillingDate": "2021-02-09",
    "acceptedDate": "2021-02-09 16:20:37",
    "calendarYear": "2020",
    "period": "Q4",
    "revenue": 7444000000,
    "costOfRevenue": 2572000000,
    "grossProfit": 4872000000,
    "grossProfitRatio": 0.654486835,
    "researchAndDevelopmentExpenses": 495000000,
    "generalAndAdministrativeExpenses": 1978000000,
    "sellingAndMarketingExpenses": 0,
    "sellingGeneralAndAdministrativeExpenses": 1978000000,
    "otherExpenses": -506000000,
    "operatingExpenses": 1967000000,
    "costAndExpenses": 4539000000,
    "interestIncome": 0,
    "interestExpense": 164000000,
    "depreciationAndAmortization": 272000000,
    "ebitda": 3258000000,
    "ebitdaratio": 0.4376679205,
    "operatingIncome": 2905000000,
    "operatingIncomeRatio": 0.3902471789,
    "totalOtherIncomeExpensesNet": -173000000,
    "incomeBeforeTax": 2732000000,
    "incomeBeforeTaxRatio": 0.3670069855,
    "incomeTaxExpense": 613000000,
    "netIncome": 1976000000,
    "netIncomeRatio": 0.2654486835,
    "eps": 1.27,
    "epsdiluted": 1.27,
    "weightedAverageShsOut": 1557000000,
    "weightedAverageShsOutDil": 1558000000,
    "link": "https://www.sec.gov/Archives/edgar/data/1413329/000141332921000007/0001413329-21-000007-index.htm",
    "finalLink": "https://www.sec.gov/Archives/edgar/data/1413329/000141332921000007/pm-20201231.htm"
  },
  {
    "date": "2020-09-30",
    "symbol": "PM",
    "reportedCurrency": "USD",
    "cik": "0001413329",
    "fillingDate": "2020-10-27",
    "acceptedDate": "2020-10-27 08:26:43",
    "calendarYear": "2020",
    "period": "Q3",
    "revenue": 7446000000,
    "costOfRevenue": 2416000000,
    "grossProfit": 5030000000,
    "grossProfitRatio": 0.6755304862,
    "researchAndDevelopmentExpenses": 0,
    "generalAndAdministrativeExpenses": 1792000000,
    "sellingAndMarketingExpenses": 0,
    "sellingGeneralAndAdministrativeExpenses": 1792000000,
    "otherExpenses": -5000000,
    "operatingExpenses": 1787000000,
    "costAndExpenses": 4203000000,
    "interestIncome": 0,
    "interestExpense": 163000000,
    "depreciationAndAmortization": 239000000,
    "ebitda": 3459000000,
    "ebitdaratio": 0.464544722,
    "operatingIncome": 3243000000,
    "operatingIncomeRatio": 0.4355358582,
    "totalOtherIncomeExpensesNet": -166000000,
    "incomeBeforeTax": 3077000000,
    "incomeBeforeTaxRatio": 0.4132420091,
    "incomeTaxExpense": 640000000,
    "netIncome": 2307000000,
    "netIncomeRatio": 0.3098307816,
    "eps": 1.48,
    "epsdiluted": 1.48,
    "weightedAverageShsOut": 1558000000,
    "weightedAverageShsOutDil": 1558000000,
    "link": "https://www.sec.gov/Archives/edgar/data/1413329/000141332920000062/0001413329-20-000062-index.htm",
    "finalLink": "https://www.sec.gov/Archives/edgar/data/1413329/000141332920000062/pm-20200930.htm"
  },
  {
    "date": "2020-06-30",
    "symbol": "PM",
    "reportedCurrency": "USD",
    "cik": "0001413329",
    "fillingDate": "2020-07-29",
    "acceptedDate": "2020-07-29 08:19:57",
    "calendarYear": "2020",
    "period": "Q2",
    "revenue": 6651000000,
    "costOfRevenue": 2179000000,
    "grossProfit": 4472000000,
    "grossProfitRatio": 0.6723800932,
    "researchAndDevelopmentExpenses": 0,
    "generalAndAdministrativeExpenses": 1744000000,
    "sellingAndMarketingExpenses": 0,
    "sellingGeneralAndAdministrativeExpenses": 1744000000,
    "otherExpenses": -3000000,
    "operatingExpenses": 1741000000,
    "costAndExpenses": 3920000000,
    "interestIncome": 0,
    "interestExpense": 162000000,
    "depreciationAndAmortization": 229000000,
    "ebitda": 2938000000,
    "ebitdaratio": 0.4417380845,
    "operatingIncome": 2731000000,
    "operatingIncomeRatio": 0.4106149451,
    "totalOtherIncomeExpensesNet": -154000000,
    "incomeBeforeTax": 2577000000,
    "incomeBeforeTaxRatio": 0.3874605323,
    "incomeTaxExpense": 528000000,
    "netIncome": 1947000000,
    "netIncomeRatio": 0.2927379341,
    "eps": 1.25,
    "epsdiluted": 1.25,
    "weightedAverageShsOut": 1558000000,
    "weightedAverageShsOutDil": 1558000000,
    "link": "https://www.sec.gov/Archives/edgar/data/1413329/000141332920000053/0001413329-20-000053-index.htm",
    "finalLink": "https://www.sec.gov/Archives/edgar/data/1413329/000141332920000053/pm-063020x10qxdoc.htm"
  },
  {
    "date": "2020-03-31",
    "symbol": "PM",
    "reportedCurrency": "USD",
    "cik": "0001413329",
    "fillingDate": "2020-04-28",
    "acceptedDate": "2020-04-28 09:11:51",
    "calendarYear": "2020",
    "period": "Q1",
    "revenue": 7153000000,
    "costOfRevenue": 2402000000,
    "grossProfit": 4751000000,
    "grossProfitRatio": 0.6641968405,
    "researchAndDevelopmentExpenses": 0,
    "generalAndAdministrativeExpenses": 1967000000,
    "sellingAndMarketingExpenses": 0,
    "sellingGeneralAndAdministrativeExpenses": 1967000000,
    "otherExpenses": -5000000,
    "operatingExpenses": 1962000000,
    "costAndExpenses": 4364000000,
    "interestIncome": 0,
    "interestExpense": 129000000,
    "depreciationAndAmortization": 241000000,
    "ebitda": 3007000000,
    "ebitdaratio": 0.4203830561,
    "operatingIncome": 2789000000,
    "operatingIncomeRatio": 0.389906333,
    "totalOtherIncomeExpensesNet": -206000000,
    "incomeBeforeTax": 2583000000,
    "incomeBeforeTaxRatio": 0.3611072277,
    "incomeTaxExpense": 596000000,
    "netIncome": 1826000000,
    "netIncomeRatio": 0.2552775059,
    "eps": 1.17,
    "epsdiluted": 1.17,
    "weightedAverageShsOut": 1557000000,
    "weightedAverageShsOutDil": 1558000000,
    "link": "https://www.sec.gov/Archives/edgar/data/1413329/000141332920000032/0001413329-20-000032-index.htm",
    "finalLink": "https://www.sec.gov/Archives/edgar/data/1413329/000141332920000032/pm-033120x10qxdoc.htm"
  },
  {
    "date": "2019-12-31",
    "symbol": "PM",
    "reportedCurrency": "USD",
    "cik": "0001413329",
    "fillingDate": "2020-02-07",
    "acceptedDate": "2020-02-07 06:47:13",
    "calendarYear": "2019",
    "period": "Q4",
    "revenue": 7713000000,
    "costOfRevenue": 2778000000,
    "grossProfit": 4935000000,
    "grossProfitRatio": 0.6398288604,
    "researchAndDevelopmentExpenses": 465000000,
    "generalAndAdministrativeExpenses": 2441000000,
    "sellingAndMarketingExpenses": 0,
    "sellingGeneralAndAdministrativeExpenses": 2441000000,
    "otherExpenses": -477000000,
    "operatingExpenses": 2429000000,
    "costAndExpenses": 5207000000,
    "interestIncome": 0,
    "interestExpense": 136000000,
    "depreciationAndAmortization": 255000000,
    "ebitda": 2959000000,
    "ebitdaratio": 0.3836380137,
    "operatingIncome": 2506000000,
    "operatingIncomeRatio": 0.3249060029,
    "totalOtherIncomeExpensesNet": -101000000,
    "incomeBeforeTax": 2405000000,
    "incomeBeforeTaxRatio": 0.3118112278,
    "incomeTaxExpense": 623000000,
    "netIncome": 1616000000,
    "netIncomeRatio": 0.2095164009,
    "eps": 1.04,
    "epsdiluted": 1.04,
    "weightedAverageShsOut": 1556000000,
    "weightedAverageShsOutDil": 1557000000,
    "link": "https://www.sec.gov/Archives/edgar/data/1413329/000141332920000007/0001413329-20-000007-index.htm",
    "finalLink": "https://www.sec.gov/Archives/edgar/data/1413329/000141332920000007/pm123119form10kwrapinc.htm"
  },
  {
    "date": "2019-09-30",
    "symbol": "PM",
    "reportedCurrency": "USD",
    "cik": "0001413329",
    "fillingDate": "2019-10-24",
    "acceptedDate": "2019-10-24 07:05:38",
    "calendarYear": "2019",
    "period": "Q3",
    "revenue": 7642000000,
    "costOfRevenue": 2605000000,
    "grossProfit": 5037000000,
    "grossProfitRatio": 0.659120649,
    "researchAndDevelopmentExpenses": 0,
    "generalAndAdministrativeExpenses": 2254000000,
    "sellingAndMarketingExpenses": 0,
    "sellingGeneralAndAdministrativeExpenses": 2254000000,
    "otherExpenses": -5000000,
    "operatingExpenses": 2249000000,
    "costAndExpenses": 4854000000,
    "interestIncome": 0,
    "interestExpense": 132000000,
    "depreciationAndAmortization": 237000000,
    "ebitda": 3005000000,
    "ebitdaratio": 0.3932216697,
    "operatingIncome": 2790000000,
    "operatingIncomeRatio": 0.3650876734,
    "totalOtherIncomeExpensesNet": -107000000,
    "incomeBeforeTax": 2681000000,
    "incomeBeforeTaxRatio": 0.3508243915,
    "incomeTaxExpense": 635000000,
    "netIncome": 1896000000,
    "netIncomeRatio": 0.2481025909,
    "eps": 1.22,
    "epsdiluted": 1.22,
    "weightedAverageShsOut": 1556000000,
    "weightedAverageShsOutDil": 1556000000,
    "link": "https://www.sec.gov/Archives/edgar/data/1413329/000141332919000071/0001413329-19-000071-index.htm",
    "finalLink": "https://www.sec.gov/Archives/edgar/data/1413329/000141332919000071/pm-093019x10qxdoc.htm"
  },
  {
    "date": "2019-06-30",
    "symbol": "PM",
    "reportedCurrency": "USD",
    "cik": "0001413329",
    "fillingDate": "2019-07-25",
    "acceptedDate": "2019-07-25 06:40:07",
    "calendarYear": "2019",
    "period": "Q2",
    "revenue": 7699000000,
    "costOfRevenue": 2665000000,
    "grossProfit": 5034000000,
    "grossProfitRatio": 0.6538511495,
    "researchAndDevelopmentExpenses": 0,
    "generalAndAdministrativeExpenses": 1851000000,
    "sellingAndMarketingExpenses": 0,
    "sellingGeneralAndAdministrativeExpenses": 1851000000,
    "otherExpenses": -4000000,
    "operatingExpenses": 1847000000,
    "costAndExpenses": 4512000000,
    "interestIncome": 0,
    "interestExpense": 150000000,
    "depreciationAndAmortization": 232000000,
    "ebitda": 3399000000,
    "ebitdaratio": 0.4414859073,
    "operatingIncome": 3190000000,
    "operatingIncomeRatio": 0.4143395246,
    "totalOtherIncomeExpensesNet": -140000000,
    "incomeBeforeTax": 3047000000,
    "incomeBeforeTaxRatio": 0.3957656839,
    "incomeTaxExpense": 611000000,
    "netIncome": 2319000000,
    "netIncomeRatio": 0.3012079491,
    "eps": 1.49,
    "epsdiluted": 1.49,
    "weightedAverageShsOut": 1556000000,
    "weightedAverageShsOutDil": 1556000000,
    "link": "https://www.sec.gov/Archives/edgar/data/1413329/000141332919000055/0001413329-19-000055-index.htm",
    "finalLink": "https://www.sec.gov/Archives/edgar/data/1413329/000141332919000055/pm-063019x10qxdoc.htm"
  },
  {
    "date": "2019-03-31",
    "symbol": "PM",
    "reportedCurrency": "USD",
    "cik": "0001413329",
    "fillingDate": "2019-04-25",
    "acceptedDate": "2019-04-25 07:17:40",
    "calendarYear": "2019",
    "period": "Q1",
    "revenue": 6751000000,
    "costOfRevenue": 2465000000,
    "grossProfit": 4286000000,
    "grossProfitRatio": 0.6348689083,
    "researchAndDevelopmentExpenses": 0,
    "generalAndAdministrativeExpenses": 2238000000,
    "sellingAndMarketingExpenses": 0,
    "sellingGeneralAndAdministrativeExpenses": 2238000000,
    "otherExpenses": -2000000,
    "operatingExpenses": 2236000000,
    "costAndExpenses": 4701000000,
    "interestIncome": 0,
    "interestExpense": 152000000,
    "depreciationAndAmortization": 240000000,
    "ebitda": 2269000000,
    "ebitdaratio": 0.3360983558,
    "operatingIncome": 2049000000,
    "operatingIncomeRatio": 0.303510591,
    "totalOtherIncomeExpensesNet": -162000000,
    "incomeBeforeTax": 1888000000,
    "incomeBeforeTaxRatio": 0.2796622723,
    "incomeTaxExpense": 424000000,
    "netIncome": 1354000000,
    "netIncomeRatio": 0.2005628796,
    "eps": 0.87,
    "epsdiluted": 0.87,
    "weightedAverageShsOut": 1555000000,
    "weightedAverageShsOutDil": 1556000000,
    "link": "https://www.sec.gov/Archives/edgar/data/1413329/000141332919000034/0001413329-19-000034-index.htm",
    "finalLink": "https://www.sec.gov/Archives/edgar/data/1413329/000141332919000034/pm-033119x10qxdoc.htm"
  },
  {
    "date": "2018-12-31",
    "symbol": "PM",
    "reportedCurrency": "USD",
    "cik": "0001413329",
    "fillingDate": "2019-02-07",
    "acceptedDate": "2019-02-07 15:09:20",
    "calendarYear": "2018",
    "period": "Q4",
    "revenue": 7499000000,
    "costOfRevenue": 2781000000,
    "grossProfit": 4718000000,
    "grossProfitRatio": 0.6291505534,
    "researchAndDevelopmentExpenses": 383000000,
    "generalAndAdministrativeExpenses": 2019000000,
    "sellingAndMarketingExpenses": 0,
    "sellingGeneralAndAdministrativeExpenses": 2019000000,
    "otherExpenses": -386000000,
    "operatingExpenses": 2016000000,
    "costAndExpenses": 4797000000,
    "interestIncome": 0,
    "interestExpense": 125000000,
    "depreciationAndAmortization": 255000000,
    "ebitda": 3125000000,
    "ebitdaratio": 0.4167222296,
    "operatingIncome": 2702000000,
    "operatingIncomeRatio": 0.3603147086,
    "totalOtherIncomeExpensesNet": -148000000,
    "incomeBeforeTax": 2554000000,
    "incomeBeforeTaxRatio": 0.3405787438,
    "incomeTaxExpense": 551000000,
    "netIncome": 1910000000,
    "netIncomeRatio": 0.2547006268,
    "eps": 1.23,
    "epsdiluted": 1.23,
    "weightedAverageShsOut": 1555000000,
    "weightedAverageShsOutDil": 1555000000,
    "link": "https://www.sec.gov/Archives/edgar/data/1413329/000141332919000007/0001413329-19-000007-index.htm",
    "finalLink": "https://www.sec.gov/Archives/edgar/data/1413329/000141332919000007/pm123118form10kwrapinclfsm.htm"
  },
  {
    "date": "2018-09-30",
    "symbol": "PM",
    "reportedCurrency": "USD",
    "cik": "0001413329",
    "fillingDate": "2018-10-25",
    "acceptedDate": "2018-10-25 07:12:24",
    "calendarYear": "2018",
    "period": "Q3",
    "revenue": 7504000000,
    "costOfRevenue": 2618000000,
    "grossProfit": 4886000000,
    "grossProfitRatio": 0.651119403,
    "researchAndDevelopmentExpenses": 0,
    "generalAndAdministrativeExpenses": 1717000000,
    "sellingAndMarketingExpenses": 0,
    "sellingGeneralAndAdministrativeExpenses": 1717000000,
    "otherExpenses": 13000000,
    "operatingExpenses": 1730000000,
    "costAndExpenses": 4348000000,
    "interestIncome": 0,
    "interestExpense": 145000000,
    "depreciationAndAmortization": 246000000,
    "ebitda": 3395000000,
    "ebitdaratio": 0.4524253731,
    "operatingIncome": 3149000000,
    "operatingIncomeRatio": 0.4196428571,
    "totalOtherIncomeExpensesNet": -124000000,
    "incomeBeforeTax": 3032000000,
    "incomeBeforeTaxRatio": 0.4040511727,
    "incomeTaxExpense": 691000000,
    "netIncome": 2247000000,
    "netIncomeRatio": 0.2994402985,
    "eps": 1.44,
    "epsdiluted": 1.44,
    "weightedAverageShsOut": 1555000000,
    "weightedAverageShsOutDil": 1555000000,
    "link": "https://www.sec.gov/Archives/edgar/data/1413329/000141332918000053/0001413329-18-000053-index.htm",
    "finalLink": "https://www.sec.gov/Archives/edgar/data/1413329/000141332918000053/pm-093018x10qxdoc.htm"
  },
  {
    "date": "2018-06-30",
    "symbol": "PM",
    "reportedCurrency": "USD",
    "cik": "0001413329",
    "fillingDate": "2018-07-26",
    "acceptedDate": "2018-07-26 07:37:19",
    "calendarYear": "2018",
    "period": "Q2",
    "revenue": 7726000000,
    "costOfRevenue": 2744000000,
    "grossProfit": 4982000000,
    "grossProfitRatio": 0.64483562,
    "researchAndDevelopmentExpenses": 0,
    "generalAndAdministrativeExpenses": 1874000000,
    "sellingAndMarketingExpenses": 0,
    "sellingGeneralAndAdministrativeExpenses": 1874000000,
    "otherExpenses": 15000000,
    "operatingExpenses": 1889000000,
    "costAndExpenses": 4633000000,
    "interestIncome": 0,
    "interestExpense": 168000000,
    "depreciationAndAmortization": 246000000,
    "ebitda": 3333000000,
    "ebitdaratio": 0.431400466,
    "operatingIncome": 3087000000,
    "operatingIncomeRatio": 0.3995599275,
    "totalOtherIncomeExpensesNet": -154000000,
    "incomeBeforeTax": 2939000000,
    "incomeBeforeTaxRatio": 0.3804038312,
    "incomeTaxExpense": 644000000,
    "netIncome": 2198000000,
    "netIncomeRatio": 0.2844939166,
    "eps": 1.41,
    "epsdiluted": 1.41,
    "weightedAverageShsOut": 1555000000,
    "weightedAverageShsOutDil": 1555000000,
    "link": "https://www.sec.gov/Archives/edgar/data/1413329/000141332918000039/0001413329-18-000039-index.htm",
    "finalLink": "https://www.sec.gov/Archives/edgar/data/1413329/000141332918000039/pm-063018x10qxdoc.htm"
  },
  {
    "date": "2018-03-31",
    "symbol": "PM",
    "reportedCurrency": "USD",
    "cik": "0001413329",
    "fillingDate": "2018-04-26",
    "acceptedDate": "2018-04-26 07:58:37",
    "calendarYear": "2018",
    "period": "Q1",
    "revenue": 6896000000,
    "costOfRevenue": 2615000000,
    "grossProfit": 4281000000,
    "grossProfitRatio": 0.6207946636,
    "researchAndDevelopmentExpenses": 0,
    "generalAndAdministrativeExpenses": 1839000000,
    "sellingAndMarketingExpenses": 0,
    "sellingGeneralAndAdministrativeExpenses": 1839000000,
    "otherExpenses": 16000000,
    "operatingExpenses": 1855000000,
    "costAndExpenses": 4470000000,
    "interestIncome": 0,
    "interestExpense": 227000000,
    "depreciationAndAmortization": 242000000,
    "ebitda": 2662000000,
    "ebitdaratio": 0.3860208817,
    "operatingIncome": 2420000000,
    "operatingIncomeRatio": 0.3509280742,
    "totalOtherIncomeExpensesNet": -220000000,
    "incomeBeforeTax": 2206000000,
    "incomeBeforeTaxRatio": 0.3198955916,
    "incomeTaxExpense": 559000000,
    "netIncome": 1556000000,
    "netIncomeRatio": 0.225638051,
    "eps": 1,
    "epsdiluted": 1,
    "weightedAverageShsOut": 1553000000,
    "weightedAverageShsOutDil": 1554000000,
    "link": "https://www.sec.gov/Archives/edgar/data/1413329/000141332918000023/0001413329-18-000023-index.htm",
    "finalLink": "https://www.sec.gov/Archives/edgar/data/1413329/000141332918000023/pm-033118x10qxdoc.htm"
  },
  {
    "date": "2017-12-31",
    "symbol": "PM",
    "reportedCurrency": "USD",
    "cik": "0001413329",
    "fillingDate": "2018-02-13",
    "acceptedDate": "2018-02-13 08:07:16",
    "calendarYear": "2017",
    "period": "Q4",
    "revenue": 8294000000,
    "costOfRevenue": 3001000000,
    "grossProfit": 5293000000,
    "grossProfitRatio": 0.6381721727,
    "researchAndDevelopmentExpenses": 453000000,
    "generalAndAdministrativeExpenses": 1952000000,
    "sellingAndMarketingExpenses": 0,
    "sellingGeneralAndAdministrativeExpenses": 1952000000,
    "otherExpenses": -430000000,
    "operatingExpenses": 1975000000,
    "costAndExpenses": 4976000000,
    "interestIncome": 0,
    "interestExpense": 259000000,
    "depreciationAndAmortization": 243000000,
    "ebitda": 3561000000,
    "ebitdaratio": 0.4293465156,
    "operatingIncome": 3318000000,
    "operatingIncomeRatio": 0.4000482276,
    "totalOtherIncomeExpensesNet": -257000000,
    "incomeBeforeTax": 3061000000,
    "incomeBeforeTaxRatio": 0.3690619725,
    "incomeTaxExpense": 2265000000,
    "netIncome": 694000000,
    "netIncomeRatio": 0.0836749457,
    "eps": 0.45,
    "epsdiluted": 0.45,
    "weightedAverageShsOut": 1553000000,
    "weightedAverageShsOutDil": 1554000000,
    "link": "https://www.sec.gov/Archives/edgar/data/1413329/000141332918000007/0001413329-18-000007-index.htm",
    "finalLink": "https://www.sec.gov/Archives/edgar/data/1413329/000141332918000007/pm123117form10kwrapinclfsm.htm"
  },
  {
    "date": "2017-09-30",
    "symbol": "PM",
    "reportedCurrency": "USD",
    "cik": "0001413329",
    "fillingDate": "2017-10-26",
    "acceptedDate": "2017-10-26 07:02:28",
    "calendarYear": "2017",
    "period": "Q3",
    "revenue": 7473000000,
    "costOfRevenue": 2735000000,
    "grossProfit": 4738000000,
    "grossProfitRatio": 0.6340157902,
    "researchAndDevelopmentExpenses": 0,
    "generalAndAdministrativeExpenses": 1649000000,
    "sellingAndMarketingExpenses": 0,
    "sellingGeneralAndAdministrativeExpenses": 1649000000,
    "otherExpenses": 1000000,
    "operatingExpenses": 1650000000,
    "costAndExpenses": 4385000000,
    "interestIncome": 0,
    "interestExpense": 223000000,
    "depreciationAndAmortization": 225000000,
    "ebitda": 3293000000,
    "ebitdaratio": 0.4406530175,
    "operatingIncome": 3088000000,
    "operatingIncomeRatio": 0.4132209287,
    "totalOtherIncomeExpensesNet": -231000000,
    "incomeBeforeTax": 2857000000,
    "incomeBeforeTaxRatio": 0.3823096481,
    "incomeTaxExpense": 812000000,
    "netIncome": 1970000000,
    "netIncomeRatio": 0.2636156831,
    "eps": 1.27,
    "epsdiluted": 1.27,
    "weightedAverageShsOut": 1553000000,
    "weightedAverageShsOutDil": 1554000000,
    "link": "https://www.sec.gov/Archives/edgar/data/1413329/000141332917000054/0001413329-17-000054-index.htm",
    "finalLink": "https://www.sec.gov/Archives/edgar/data/1413329/000141332917000054/pm-093017x10qxdoc.htm"
  },
  {
    "date": "2017-06-30",
    "symbol": "PM",
    "reportedCurrency": "USD",
    "cik": "0001413329",
    "fillingDate": "2017-07-27",
    "acceptedDate": "2017-07-27 08:01:46",
    "calendarYear": "2017",
    "period": "Q2",
    "revenue": 6917000000,
    "costOfRevenue": 2519000000,
    "grossProfit": 4398000000,
    "grossProfitRatio": 0.6358247795,
    "researchAndDevelopmentExpenses": 0,
    "generalAndAdministrativeExpenses": 1655000000,
    "sellingAndMarketingExpenses": 0,
    "sellingGeneralAndAdministrativeExpenses": 1655000000,
    "otherExpenses": 8000000,
    "operatingExpenses": 1663000000,
    "costAndExpenses": 4182000000,
    "interestIncome": 0,
    "interestExpense": 213000000,
    "depreciationAndAmortization": 210000000,
    "ebitda": 2931000000,
    "ebitdaratio": 0.423738615,
    "operatingIncome": 2737000000,
    "operatingIncomeRatio": 0.3956917739,
    "totalOtherIncomeExpensesNet": -206000000,
    "incomeBeforeTax": 2531000000,
    "incomeBeforeTaxRatio": 0.3659100766,
    "incomeTaxExpense": 689000000,
    "netIncome": 1781000000,
    "netIncomeRatio": 0.2574815672,
    "eps": 1.14,
    "epsdiluted": 1.14,
    "weightedAverageShsOut": 1553000000,
    "weightedAverageShsOutDil": 1554000000,
    "link": "https://www.sec.gov/Archives/edgar/data/1413329/000141332917000043/0001413329-17-000043-index.htm",
    "finalLink": "https://www.sec.gov/Archives/edgar/data/1413329/000141332917000043/pm-063017x10qxdoc.htm"
  },
  {
    "date": "2017-03-31",
    "symbol": "PM",
    "reportedCurrency": "USD",
    "cik": "0001413329",
    "fillingDate": "2017-04-27",
    "acceptedDate": "2017-04-27 10:32:07",
    "calendarYear": "2017",
    "period": "Q1",
    "revenue": 6064000000,
    "costOfRevenue": 2177000000,
    "grossProfit": 3887000000,
    "grossProfitRatio": 0.6409960422,
    "researchAndDevelopmentExpenses": 0,
    "generalAndAdministrativeExpenses": 1469000000,
    "sellingAndMarketingExpenses": 0,
    "sellingGeneralAndAdministrativeExpenses": 1469000000,
    "otherExpenses": 3000000,
    "operatingExpenses": 1472000000,
    "costAndExpenses": 3649000000,
    "interestIncome": 0,
    "interestExpense": 219000000,
    "depreciationAndAmortization": 197000000,
    "ebitda": 2593000000,
    "ebitdaratio": 0.4276055409,
    "operatingIncome": 2416000000,
    "operatingIncomeRatio": 0.3984168865,
    "totalOtherIncomeExpensesNet": -239000000,
    "incomeBeforeTax": 2177000000,
    "incomeBeforeTaxRatio": 0.3590039578,
    "incomeTaxExpense": 541000000,
    "netIncome": 1590000000,
    "netIncomeRatio": 0.2622031662,
    "eps": 1.02,
    "epsdiluted": 1.02,
    "weightedAverageShsOut": 1552000000,
    "weightedAverageShsOutDil": 1553000000,
    "link": "https://www.sec.gov/Archives/edgar/data/1413329/000141332917000023/0001413329-17-000023-index.htm",
    "finalLink": "https://www.sec.gov/Archives/edgar/data/1413329/000141332917000023/pm-033117x10qxdoc.htm"
  },
  {
    "date": "2016-12-31",
    "symbol": "PM",
    "reportedCurrency": "USD",
    "cik": "0001413329",
    "fillingDate": "2017-02-14",
    "acceptedDate": "2017-02-14 08:22:52",
    "calendarYear": "2016",
    "period": "Q4",
    "revenue": 6971000000,
    "costOfRevenue": 2499000000,
    "grossProfit": 4472000000,
    "grossProfitRatio": 0.6415148472,
    "researchAndDevelopmentExpenses": 429000000,
    "generalAndAdministrativeExpenses": 1842000000,
    "sellingAndMarketingExpenses": 0,
    "sellingGeneralAndAdministrativeExpenses": 1842000000,
    "otherExpenses": -411000000,
    "operatingExpenses": 1860000000,
    "costAndExpenses": 4359000000,
    "interestIncome": 178000000,
    "interestExpense": 379000000,
    "depreciationAndAmortization": 195000000,
    "ebitda": 2807000000,
    "ebitdaratio": 0.4026681968,
    "operatingIncome": 2612000000,
    "operatingIncomeRatio": 0.3746951657,
    "totalOtherIncomeExpensesNet": -201000000,
    "incomeBeforeTax": 2411000000,
    "incomeBeforeTaxRatio": 0.3458614259,
    "incomeTaxExpense": 658000000,
    "netIncome": 1711000000,
    "netIncomeRatio": 0.2454454167,
    "eps": 1.1,
    "epsdiluted": 1.1,
    "weightedAverageShsOut": 1551000000,
    "weightedAverageShsOutDil": 1551000000,
    "link": "https://www.sec.gov/Archives/edgar/data/1413329/000141332917000014/0001413329-17-000014-index.htm",
    "finalLink": "https://www.sec.gov/Archives/edgar/data/1413329/000141332917000014/pm123116form10kwrapinclfsm.htm"
  },
  {
    "date": "2016-09-30",
    "symbol": "PM",
    "reportedCurrency": "USD",
    "cik": "0001413329",
    "fillingDate": "2016-10-25",
    "acceptedDate": "2016-10-25 06:11:03",
    "calendarYear": "2016",
    "period": "Q3",
    "revenue": 6982000000,
    "costOfRevenue": 2432000000,
    "grossProfit": 4550000000,
    "grossProfitRatio": 0.6516757376,
    "researchAndDevelopmentExpenses": 0,
    "generalAndAdministrativeExpenses": 1554000000,
    "sellingAndMarketingExpenses": 0,
    "sellingGeneralAndAdministrativeExpenses": 1554000000,
    "otherExpenses": 19000000,
    "operatingExpenses": 1573000000,
    "costAndExpenses": 4005000000,
    "interestIncome": 0,
    "interestExpense": 220000000,
    "depreciationAndAmortization": 188000000,
    "ebitda": 3165000000,
    "ebitdaratio": 0.4533085076,
    "operatingIncome": 2977000000,
    "operatingIncomeRatio": 0.4263821255,
    "totalOtherIncomeExpensesNet": -220000000,
    "incomeBeforeTax": 2757000000,
    "incomeBeforeTaxRatio": 0.3948725294,
    "incomeTaxExpense": 764000000,
    "netIncome": 1938000000,
    "netIncomeRatio": 0.2775708966,
    "eps": 1.25,
    "epsdiluted": 1.25,
    "weightedAverageShsOut": 1551000000,
    "weightedAverageShsOutDil": 1551000000,
    "link": "https://www.sec.gov/Archives/edgar/data/1413329/000141332916000105/0001413329-16-000105-index.htm",
    "finalLink": "https://www.sec.gov/Archives/edgar/data/1413329/000141332916000105/pm-093016x10qxdoc.htm"
  },
  {
    "date": "2016-06-30",
    "symbol": "PM",
    "reportedCurrency": "USD",
    "cik": "0001413329",
    "fillingDate": "2016-07-26",
    "acceptedDate": "2016-07-26 06:12:07",
    "calendarYear": "2016",
    "period": "Q2",
    "revenue": 6649000000,
    "costOfRevenue": 2364000000,
    "grossProfit": 4285000000,
    "grossProfitRatio": 0.6444578132,
    "researchAndDevelopmentExpenses": 0,
    "generalAndAdministrativeExpenses": 1513000000,
    "sellingAndMarketingExpenses": 0,
    "sellingGeneralAndAdministrativeExpenses": 1513000000,
    "otherExpenses": 3000000,
    "operatingExpenses": 1516000000,
    "costAndExpenses": 3880000000,
    "interestIncome": 0,
    "interestExpense": 223000000,
    "depreciationAndAmortization": 185000000,
    "ebitda": 2938000000,
    "ebitdaratio": 0.441870958,
    "operatingIncome": 2753000000,
    "operatingIncomeRatio": 0.4140472251,
    "totalOtherIncomeExpensesNet": -223000000,
    "incomeBeforeTax": 2530000000,
    "incomeBeforeTaxRatio": 0.3805083471,
    "incomeTaxExpense": 716000000,
    "netIncome": 1788000000,
    "netIncomeRatio": 0.2689126184,
    "eps": 1.15,
    "epsdiluted": 1.15,
    "weightedAverageShsOut": 1551000000,
    "weightedAverageShsOutDil": 1551000000,
    "link": "https://www.sec.gov/Archives/edgar/data/1413329/000141332916000096/0001413329-16-000096-index.htm",
    "finalLink": "https://www.sec.gov/Archives/edgar/data/1413329/000141332916000096/pm-063016x10qxdoc.htm"
  },
  {
    "date": "2016-03-31",
    "symbol": "PM",
    "reportedCurrency": "USD",
    "cik": "0001413329",
    "fillingDate": "2016-04-26",
    "acceptedDate": "2016-04-26 10:22:31",
    "calendarYear": "2016",
    "period": "Q1",
    "revenue": 6083000000,
    "costOfRevenue": 2096000000,
    "grossProfit": 3987000000,
    "grossProfitRatio": 0.6554331744,
    "researchAndDevelopmentExpenses": 0,
    "generalAndAdministrativeExpenses": 1496000000,
    "sellingAndMarketingExpenses": 0,
    "sellingGeneralAndAdministrativeExpenses": 1496000000,
    "otherExpenses": 18000000,
    "operatingExpenses": 1514000000,
    "costAndExpenses": 3618000000,
    "interestIncome": 0,
    "interestExpense": 247000000,
    "depreciationAndAmortization": 175000000,
    "ebitda": 2648000000,
    "ebitdaratio": 0.4353115239,
    "operatingIncome": 2473000000,
    "operatingIncomeRatio": 0.4065428243,
    "totalOtherIncomeExpensesNet": -238000000,
    "incomeBeforeTax": 2235000000,
    "incomeBeforeTaxRatio": 0.3674173927,
    "incomeTaxExpense": 630000000,
    "netIncome": 1530000000,
    "netIncomeRatio": 0.2515206313,
    "eps": 0.98,
    "epsdiluted": 0.98,
    "weightedAverageShsOut": 1550000000,
    "weightedAverageShsOutDil": 1550000000,
    "link": "https://www.sec.gov/Archives/edgar/data/1413329/000141332916000082/0001413329-16-000082-index.htm",
    "finalLink": "https://www.sec.gov/Archives/edgar/data/1413329/000141332916000082/pm-033116x10qxdoc.htm"
  },
  {
    "date": "2015-12-31",
    "symbol": "PM",
    "reportedCurrency": "USD",
    "cik": "0001413329",
    "fillingDate": "2016-02-17",
    "acceptedDate": "2016-02-17 10:25:14",
    "calendarYear": "2015",
    "period": "Q4",
    "revenue": 6392000000,
    "costOfRevenue": 2375000000,
    "grossProfit": 4017000000,
    "grossProfitRatio": 0.6284418023,
    "researchAndDevelopmentExpenses": 423000000,
    "generalAndAdministrativeExpenses": 2028000000,
    "sellingAndMarketingExpenses": 0,
    "sellingGeneralAndAdministrativeExpenses": 2028000000,
    "otherExpenses": -335000000,
    "operatingExpenses": 2116000000,
    "costAndExpenses": 4491000000,
    "interestIncome": 124000000,
    "interestExpense": 351000000,
    "depreciationAndAmortization": 193000000,
    "ebitda": 2218000000,
    "ebitdaratio": 0.3469962453,
    "operatingIncome": 1901000000,
    "operatingIncomeRatio": 0.2974030038,
    "totalOtherIncomeExpensesNet": -191000000,
    "incomeBeforeTax": 1710000000,
    "incomeBeforeTaxRatio": 0.2675219024,
    "incomeTaxExpense": 412000000,
    "netIncome": 1249000000,
    "netIncomeRatio": 0.1954005006,
    "eps": 0.8,
    "epsdiluted": 0.8,
    "weightedAverageShsOut": 1549000000,
    "weightedAverageShsOutDil": 1549000000,
    "link": "https://www.sec.gov/Archives/edgar/data/1413329/000141332916000076/0001413329-16-000076-index.htm",
    "finalLink": "https://www.sec.gov/Archives/edgar/data/1413329/000141332916000076/pm123115form10kwrapinclfsm.htm"
  },
  {
    "date": "2015-09-30",
    "symbol": "PM",
    "reportedCurrency": "USD",
    "cik": "0001413329",
    "fillingDate": "2015-10-30",
    "acceptedDate": "2015-10-30 08:44:43",
    "calendarYear": "2015",
    "period": "Q3",
    "revenue": 6927000000,
    "costOfRevenue": 2383000000,
    "grossProfit": 4544000000,
    "grossProfitRatio": 0.6559838314,
    "researchAndDevelopmentExpenses": 0,
    "generalAndAdministrativeExpenses": 1566000000,
    "sellingAndMarketingExpenses": 0,
    "sellingGeneralAndAdministrativeExpenses": 1566000000,
    "otherExpenses": 19000000,
    "operatingExpenses": 1585000000,
    "costAndExpenses": 3958000000,
    "interestIncome": 0,
    "interestExpense": 247000000,
    "depreciationAndAmortization": 184000000,
    "ebitda": 3143000000,
    "ebitdaratio": 0.4537317742,
    "operatingIncome": 2959000000,
    "operatingIncomeRatio": 0.4271690487,
    "totalOtherIncomeExpensesNet": -227000000,
    "incomeBeforeTax": 2732000000,
    "incomeBeforeTaxRatio": 0.3943987296,
    "incomeTaxExpense": 748000000,
    "netIncome": 1942000000,
    "netIncomeRatio": 0.2803522448,
    "eps": 1.25,
    "epsdiluted": 1.25,
    "weightedAverageShsOut": 1549000000,
    "weightedAverageShsOutDil": 1549000000,
    "link": "https://www.sec.gov/Archives/edgar/data/1413329/000141332915000058/0001413329-15-000058-index.htm",
    "finalLink": "https://www.sec.gov/Archives/edgar/data/1413329/000141332915000058/pm-093015x10qxdoc.htm"
  },
  {
    "date": "2015-06-30",
    "symbol": "PM",
    "reportedCurrency": "USD",
    "cik": "0001413329",
    "fillingDate": "2015-07-30",
    "acceptedDate": "2015-07-30 07:21:44",
    "calendarYear": "2015",
    "period": "Q2",
    "revenue": 6859000000,
    "costOfRevenue": 2378000000,
    "grossProfit": 4481000000,
    "grossProfitRatio": 0.6533022306,
    "researchAndDevelopmentExpenses": 0,
    "generalAndAdministrativeExpenses": 1568000000,
    "sellingAndMarketingExpenses": 0,
    "sellingGeneralAndAdministrativeExpenses": 1568000000,
    "otherExpenses": 5000000,
    "operatingExpenses": 1573000000,
    "costAndExpenses": 3951000000,
    "interestIncome": 0,
    "interestExpense": 259000000,
    "depreciationAndAmortization": 185000000,
    "ebitda": 3077000000,
    "ebitdaratio": 0.4486076688,
    "operatingIncome": 2892000000,
    "operatingIncomeRatio": 0.421635807,
    "totalOtherIncomeExpensesNet": -233000000,
    "incomeBeforeTax": 2659000000,
    "incomeBeforeTaxRatio": 0.3876658405,
    "incomeTaxExpense": 743000000,
    "netIncome": 1887000000,
    "netIncomeRatio": 0.2751129902,
    "eps": 1.21,
    "epsdiluted": 1.21,
    "weightedAverageShsOut": 1549000000,
    "weightedAverageShsOutDil": 1549000000,
    "link": "https://www.sec.gov/Archives/edgar/data/1413329/000141332915000050/0001413329-15-000050-index.htm",
    "finalLink": "https://www.sec.gov/Archives/edgar/data/1413329/000141332915000050/pm-063015x10qxdoc.htm"
  },
  {
    "date": "2015-03-31",
    "symbol": "PM",
    "reportedCurrency": "USD",
    "cik": "0001413329",
    "fillingDate": "2015-05-01",
    "acceptedDate": "2015-05-01 06:36:21",
    "calendarYear": "2015",
    "period": "Q1",
    "revenue": 6616000000,
    "costOfRevenue": 2229000000,
    "grossProfit": 4387000000,
    "grossProfitRatio": 0.66308948,
    "researchAndDevelopmentExpenses": 0,
    "generalAndAdministrativeExpenses": 1494000000,
    "sellingAndMarketingExpenses": 0,
    "sellingGeneralAndAdministrativeExpenses": 1494000000,
    "otherExpenses": 6000000,
    "operatingExpenses": 1500000000,
    "costAndExpenses": 3729000000,
    "interestIncome": 0,
    "interestExpense": 275000000,
    "depreciationAndAmortization": 192000000,
    "ebitda": 3063000000,
    "ebitdaratio": 0.4629685611,
    "operatingIncome": 2871000000,
    "operatingIncomeRatio": 0.4339480048,
    "totalOtherIncomeExpensesNet": -252000000,
    "incomeBeforeTax": 2619000000,
    "incomeBeforeTaxRatio": 0.3958585248,
    "incomeTaxExpense": 785000000,
    "netIncome": 1795000000,
    "netIncomeRatio": 0.271311971,
    "eps": 1.16,
    "epsdiluted": 1.16,
    "weightedAverageShsOut": 1548000000,
    "weightedAverageShsOutDil": 1548000000,
    "link": "https://www.sec.gov/Archives/edgar/data/1413329/000141332915000029/0001413329-15-000029-index.htm",
    "finalLink": "https://www.sec.gov/Archives/edgar/data/1413329/000141332915000029/pm-033115x10qxdoc.htm"
  },
  {
    "date": "2014-12-31",
    "symbol": "PM",
    "reportedCurrency": "USD",
    "cik": "0001413329",
    "fillingDate": "2015-02-20",
    "acceptedDate": "2015-02-20 08:39:54",
    "calendarYear": "2014",
    "period": "Q4",
    "revenue": 7197000000,
    "costOfRevenue": 2632000000,
    "grossProfit": 4565000000,
    "grossProfitRatio": 0.6342920661,
    "researchAndDevelopmentExpenses": 433000000,
    "generalAndAdministrativeExpenses": 1975000000,
    "sellingAndMarketingExpenses": 0,
    "sellingGeneralAndAdministrativeExpenses": 1975000000,
    "otherExpenses": -375000000,
    "operatingExpenses": 2033000000,
    "costAndExpenses": 4665000000,
    "interestIncome": 118000000,
    "interestExpense": 381000000,
    "depreciationAndAmortization": 229000000,
    "ebitda": 2793000000,
    "ebitdaratio": 0.388078366,
    "operatingIncome": 2532000000,
    "operatingIncomeRatio": 0.3518132555,
    "totalOtherIncomeExpensesNet": -232000000,
    "incomeBeforeTax": 2300000000,
    "incomeBeforeTaxRatio": 0.3195776018,
    "incomeTaxExpense": 651000000,
    "netIncome": 1612000000,
    "netIncomeRatio": 0.2239822148,
    "eps": 1.03,
    "epsdiluted": 1.03,
    "weightedAverageShsOut": 1551000000,
    "weightedAverageShsOutDil": 1566000000,
    "link": "https://www.sec.gov/Archives/edgar/data/1413329/000141332915000016/0001413329-15-000016-index.htm",
    "finalLink": "https://www.sec.gov/Archives/edgar/data/1413329/000141332915000016/pm12312014form10kwrapinclf.htm"
  },
  {
    "date": "2014-09-30",
    "symbol": "PM",
    "reportedCurrency": "USD",
    "cik": "0001413329",
    "fillingDate": "2014-10-31",
    "acceptedDate": "2014-10-31 10:40:30",
    "calendarYear": "2014",
    "period": "Q3",
    "revenue": 7856000000,
    "costOfRevenue": 2734000000,
    "grossProfit": 5122000000,
    "grossProfitRatio": 0.6519857434,
    "researchAndDevelopmentExpenses": 0,
    "generalAndAdministrativeExpenses": 1763000000,
    "sellingAndMarketingExpenses": 0,
    "sellingGeneralAndAdministrativeExpenses": 1763000000,
    "otherExpenses": 14000000,
    "operatingExpenses": 1777000000,
    "costAndExpenses": 4511000000,
    "interestIncome": 0,
    "interestExpense": 267000000,
    "depreciationAndAmortization": 233000000,
    "ebitda": 3569000000,
    "ebitdaratio": 0.454302444,
    "operatingIncome": 3336000000,
    "operatingIncomeRatio": 0.4246435845,
    "totalOtherIncomeExpensesNet": -220000000,
    "incomeBeforeTax": 3116000000,
    "incomeBeforeTaxRatio": 0.3966395112,
    "incomeTaxExpense": 918000000,
    "netIncome": 2155000000,
    "netIncomeRatio": 0.2743126273,
    "eps": 1.38,
    "epsdiluted": 1.38,
    "weightedAverageShsOut": 1560000000,
    "weightedAverageShsOutDil": 1560000000,
    "link": "https://www.sec.gov/Archives/edgar/data/1413329/000141332914000048/0001413329-14-000048-index.htm",
    "finalLink": "https://www.sec.gov/Archives/edgar/data/1413329/000141332914000048/pm-093014x10qxdoc.htm"
  },
  {
    "date": "2014-06-30",
    "symbol": "PM",
    "reportedCurrency": "USD",
    "cik": "0001413329",
    "fillingDate": "2014-07-31",
    "acceptedDate": "2014-07-31 08:44:41",
    "calendarYear": "2014",
    "period": "Q2",
    "revenue": 7797000000,
    "costOfRevenue": 2696000000,
    "grossProfit": 5101000000,
    "grossProfitRatio": 0.6542259844,
    "researchAndDevelopmentExpenses": 0,
    "generalAndAdministrativeExpenses": 1716000000,
    "sellingAndMarketingExpenses": 0,
    "sellingGeneralAndAdministrativeExpenses": 1716000000,
    "otherExpenses": 511000000,
    "operatingExpenses": 2227000000,
    "costAndExpenses": 4905000000,
    "interestIncome": 0,
    "interestExpense": 254000000,
    "depreciationAndAmortization": 216000000,
    "ebitda": 3579000000,
    "ebitdaratio": 0.459022701,
    "operatingIncome": 2874000000,
    "operatingIncomeRatio": 0.368603309,
    "totalOtherIncomeExpensesNet": -227000000,
    "incomeBeforeTax": 2647000000,
    "incomeBeforeTaxRatio": 0.3394895473,
    "incomeTaxExpense": 752000000,
    "netIncome": 1851000000,
    "netIncomeRatio": 0.2373989996,
    "eps": 1.17,
    "epsdiluted": 1.17,
    "weightedAverageShsOut": 1571000000,
    "weightedAverageShsOutDil": 1571000000,
    "link": "https://www.sec.gov/Archives/edgar/data/1413329/000141332914000039/0001413329-14-000039-index.htm",
    "finalLink": "https://www.sec.gov/Archives/edgar/data/1413329/000141332914000039/pm-063014x10qxdoc.htm"
  },
  {
    "date": "2014-03-31",
    "symbol": "PM",
    "reportedCurrency": "USD",
    "cik": "0001413329",
    "fillingDate": "2014-05-02",
    "acceptedDate": "2014-05-02 08:32:53",
    "calendarYear": "2014",
    "period": "Q1",
    "revenue": 6917000000,
    "costOfRevenue": 2374000000,
    "grossProfit": 4543000000,
    "grossProfitRatio": 0.6567876247,
    "researchAndDevelopmentExpenses": 0,
    "generalAndAdministrativeExpenses": 1547000000,
    "sellingAndMarketingExpenses": 0,
    "sellingGeneralAndAdministrativeExpenses": 1547000000,
    "otherExpenses": 43000000,
    "operatingExpenses": 1590000000,
    "costAndExpenses": 3964000000,
    "interestIncome": 0,
    "interestExpense": 268000000,
    "depreciationAndAmortization": 211000000,
    "ebitda": 3185000000,
    "ebitdaratio": 0.4604597369,
    "operatingIncome": 2974000000,
    "operatingIncomeRatio": 0.4299551829,
    "totalOtherIncomeExpensesNet": -268000000,
    "incomeBeforeTax": 2692000000,
    "incomeBeforeTaxRatio": 0.3891860633,
    "incomeTaxExpense": 776000000,
    "netIncome": 1875000000,
    "netIncomeRatio": 0.2710712737,
    "eps": 1.18,
    "epsdiluted": 1.18,
    "weightedAverageShsOut": 1583000000,
    "weightedAverageShsOutDil": 1583000000,
    "link": "https://www.sec.gov/Archives/edgar/data/1413329/000141332914000021/0001413329-14-000021-index.htm",
    "finalLink": "https://www.sec.gov/Archives/edgar/data/1413329/000141332914000021/pm-033114x10qxdoc.htm"
  },
  {
    "date": "2013-12-31",
    "symbol": "PM",
    "reportedCurrency": "USD",
    "cik": "0001413329",
    "fillingDate": "2014-02-21",
    "acceptedDate": "2014-02-21 08:40:56",
    "calendarYear": "2013",
    "period": "Q4",
    "revenue": 7789000000,
    "costOfRevenue": 2602000000,
    "grossProfit": 5187000000,
    "grossProfitRatio": 0.6659391449,
    "researchAndDevelopmentExpenses": 449000000,
    "generalAndAdministrativeExpenses": 5229000000,
    "sellingAndMarketingExpenses": 0,
    "sellingGeneralAndAdministrativeExpenses": 5229000000,
    "otherExpenses": -3694000000,
    "operatingExpenses": 1984000000,
    "costAndExpenses": 4570000000,
    "interestIncome": 131000000,
    "interestExpense": 383000000,
    "depreciationAndAmortization": 223000000,
    "ebitda": 3712000000,
    "ebitdaratio": 0.4765695211,
    "operatingIncome": 3367000000,
    "operatingIncomeRatio": 0.4322762871,
    "totalOtherIncomeExpensesNet": -438000000,
    "incomeBeforeTax": 2929000000,
    "incomeBeforeTaxRatio": 0.3760431378,
    "incomeTaxExpense": 893000000,
    "netIncome": 1987000000,
    "netIncomeRatio": 0.2551033509,
    "eps": 1.24,
    "epsdiluted": 1.23,
    "weightedAverageShsOut": 1598000000,
    "weightedAverageShsOutDil": 1622000000,
    "link": "https://www.sec.gov/Archives/edgar/data/1413329/000141332914000012/0001413329-14-000012-index.htm",
    "finalLink": "https://www.sec.gov/Archives/edgar/data/1413329/000141332914000012/pm1231201310-k.htm"
  },
  {
    "date": "2013-09-30",
    "symbol": "PM",
    "reportedCurrency": "USD",
    "cik": "0001413329",
    "fillingDate": "2013-11-01",
    "acceptedDate": "2013-11-01 08:15:26",
    "calendarYear": "2013",
    "period": "Q3",
    "revenue": 7927000000,
    "costOfRevenue": 2618000000,
    "grossProfit": 5309000000,
    "grossProfitRatio": 0.6697363441,
    "researchAndDevelopmentExpenses": 0,
    "generalAndAdministrativeExpenses": 0,
    "sellingAndMarketingExpenses": 1687000000,
    "sellingGeneralAndAdministrativeExpenses": 1687000000,
    "otherExpenses": 23000000,
    "operatingExpenses": 1710000000,
    "costAndExpenses": 4328000000,
    "interestIncome": 0,
    "interestExpense": 239000000,
    "depreciationAndAmortization": 218000000,
    "ebitda": 3817000000,
    "ebitdaratio": 0.4815188596,
    "operatingIncome": 3599000000,
    "operatingIncomeRatio": 0.4540179135,
    "totalOtherIncomeExpensesNet": -245000000,
    "incomeBeforeTax": 3354000000,
    "incomeBeforeTaxRatio": 0.4231108868,
    "incomeTaxExpense": 952000000,
    "netIncome": 2340000000,
    "netIncomeRatio": 0.295193642,
    "eps": 1.44,
    "epsdiluted": 1.44,
    "weightedAverageShsOut": 1614000000,
    "weightedAverageShsOutDil": 1614000000,
    "link": "https://www.sec.gov/Archives/edgar/data/1413329/000141332913000063/0001413329-13-000063-index.htm",
    "finalLink": "https://www.sec.gov/Archives/edgar/data/1413329/000141332913000063/es-pmx093013x10qxdoc.htm"
  },
  {
    "date": "2013-06-30",
    "symbol": "PM",
    "reportedCurrency": "USD",
    "cik": "0001413329",
    "fillingDate": "2013-08-02",
    "acceptedDate": "2013-08-02 08:39:30",
    "calendarYear": "2013",
    "period": "Q2",
    "revenue": 7917000000,
    "costOfRevenue": 2701000000,
    "grossProfit": 5216000000,
    "grossProfitRatio": 0.6588354175,
    "researchAndDevelopmentExpenses": 0,
    "generalAndAdministrativeExpenses": 0,
    "sellingAndMarketingExpenses": 1850000000,
    "sellingGeneralAndAdministrativeExpenses": 1850000000,
    "otherExpenses": 45000000,
    "operatingExpenses": 1895000000,
    "costAndExpenses": 4596000000,
    "interestIncome": 0,
    "interestExpense": 246000000,
    "depreciationAndAmortization": 219000000,
    "ebitda": 3561000000,
    "ebitdaratio": 0.4497915877,
    "operatingIncome": 3342000000,
    "operatingIncomeRatio": 0.4221295945,
    "totalOtherIncomeExpensesNet": -256000000,
    "incomeBeforeTax": 3086000000,
    "incomeBeforeTaxRatio": 0.3897941139,
    "incomeTaxExpense": 892000000,
    "netIncome": 2124000000,
    "netIncomeRatio": 0.2682834407,
    "eps": 1.3,
    "epsdiluted": 1.3,
    "weightedAverageShsOut": 1631000000,
    "weightedAverageShsOutDil": 1631000000,
    "link": "https://www.sec.gov/Archives/edgar/data/1413329/000141332913000057/0001413329-13-000057-index.htm",
    "finalLink": "https://www.sec.gov/Archives/edgar/data/1413329/000141332913000057/pm-063013x10qxdoc.htm"
  },
  {
    "date": "2013-03-31",
    "symbol": "PM",
    "reportedCurrency": "USD",
    "cik": "0001413329",
    "fillingDate": "2013-05-03",
    "acceptedDate": "2013-05-03 11:17:53",
    "calendarYear": "2013",
    "period": "Q1",
    "revenue": 7584000000,
    "costOfRevenue": 2489000000,
    "grossProfit": 5095000000,
    "grossProfitRatio": 0.6718090717,
    "researchAndDevelopmentExpenses": 0,
    "generalAndAdministrativeExpenses": 0,
    "sellingAndMarketingExpenses": 1677000000,
    "sellingGeneralAndAdministrativeExpenses": 1677000000,
    "otherExpenses": 40000000,
    "operatingExpenses": 1717000000,
    "costAndExpenses": 4206000000,
    "interestIncome": 0,
    "interestExpense": 236000000,
    "depreciationAndAmortization": 222000000,
    "ebitda": 3616000000,
    "ebitdaratio": 0.4767932489,
    "operatingIncome": 3394000000,
    "operatingIncomeRatio": 0.447521097,
    "totalOtherIncomeExpensesNet": -243000000,
    "incomeBeforeTax": 3151000000,
    "incomeBeforeTaxRatio": 0.4154799578,
    "incomeTaxExpense": 933000000,
    "netIncome": 2125000000,
    "netIncomeRatio": 0.2801951477,
    "eps": 1.28,
    "epsdiluted": 1.28,
    "weightedAverageShsOut": 1646000000,
    "weightedAverageShsOutDil": 1646000000,
    "link": "https://www.sec.gov/Archives/edgar/data/1413329/000141332913000030/0001413329-13-000030-index.htm",
    "finalLink": "https://www.sec.gov/Archives/edgar/data/1413329/000141332913000030/pm-033113x10qxdoc.htm"
  },
  {
    "date": "2012-12-31",
    "symbol": "PM",
    "reportedCurrency": "USD",
    "cik": "0001413329",
    "fillingDate": "2013-02-22",
    "acceptedDate": "2013-02-22 12:13:08",
    "calendarYear": "2012",
    "period": "Q4",
    "revenue": 7889000000,
    "costOfRevenue": 2681000000,
    "grossProfit": 5208000000,
    "grossProfitRatio": 0.6601597161,
    "researchAndDevelopmentExpenses": 415000000,
    "generalAndAdministrativeExpenses": 0,
    "sellingAndMarketingExpenses": 1935000000,
    "sellingGeneralAndAdministrativeExpenses": 1935000000,
    "otherExpenses": -358000000,
    "operatingExpenses": 1992000000,
    "costAndExpenses": 4687000000,
    "interestIncome": 148000000,
    "interestExpense": 374000000,
    "depreciationAndAmortization": 233000000,
    "ebitda": 3499000000,
    "ebitdaratio": 0.4435289644,
    "operatingIncome": 3316000000,
    "operatingIncomeRatio": 0.420332108,
    "totalOtherIncomeExpensesNet": -326000000,
    "incomeBeforeTax": 2990000000,
    "incomeBeforeTaxRatio": 0.3790087464,
    "incomeTaxExpense": 799000000,
    "netIncome": 2095000000,
    "netIncomeRatio": 0.26555964,
    "eps": 1.24,
    "epsdiluted": 1.24,
    "weightedAverageShsOut": 1665000000,
    "weightedAverageShsOutDil": 1692000000,
    "link": "https://www.sec.gov/Archives/edgar/data/1413329/000141332913000019/0001413329-13-000019-index.htm",
    "finalLink": "https://www.sec.gov/Archives/edgar/data/1413329/000141332913000019/pm1231201210-k.htm"
  },
  {
    "date": "2012-09-30",
    "symbol": "PM",
    "reportedCurrency": "USD",
    "cik": "0001413329",
    "fillingDate": "2012-11-02",
    "acceptedDate": "2012-11-02 13:11:55",
    "calendarYear": "2012",
    "period": "Q3",
    "revenue": 7920000000,
    "costOfRevenue": 2584000000,
    "grossProfit": 5336000000,
    "grossProfitRatio": 0.6737373737,
    "researchAndDevelopmentExpenses": 0,
    "generalAndAdministrativeExpenses": 0,
    "sellingAndMarketingExpenses": 1655000000,
    "sellingGeneralAndAdministrativeExpenses": 1655000000,
    "otherExpenses": 58000000,
    "operatingExpenses": 1713000000,
    "costAndExpenses": 4297000000,
    "interestIncome": 0,
    "interestExpense": 211000000,
    "depreciationAndAmortization": 216000000,
    "ebitda": 3839000000,
    "ebitdaratio": 0.4847222222,
    "operatingIncome": 3623000000,
    "operatingIncomeRatio": 0.4574494949,
    "totalOtherIncomeExpensesNet": -211000000,
    "incomeBeforeTax": 3412000000,
    "incomeBeforeTaxRatio": 0.4308080808,
    "incomeTaxExpense": 1088000000,
    "netIncome": 2227000000,
    "netIncomeRatio": 0.2811868687,
    "eps": 1.32,
    "epsdiluted": 1.32,
    "weightedAverageShsOut": 1683000000,
    "weightedAverageShsOutDil": 1683000000,
    "link": "https://www.sec.gov/Archives/edgar/data/1413329/000141332912000010/0001413329-12-000010-index.htm",
    "finalLink": "https://www.sec.gov/Archives/edgar/data/1413329/000141332912000010/pm-093012x10qxdoc.htm"
  },
  {
    "date": "2012-06-30",
    "symbol": "PM",
    "reportedCurrency": "USD",
    "cik": "0001413329",
    "fillingDate": "2012-08-03",
    "acceptedDate": "2012-08-03 09:41:33",
    "calendarYear": "2012",
    "period": "Q2",
    "revenue": 8120000000,
    "costOfRevenue": 2666000000,
    "grossProfit": 5454000000,
    "grossProfitRatio": 0.6716748768,
    "researchAndDevelopmentExpenses": 0,
    "generalAndAdministrativeExpenses": 0,
    "sellingAndMarketingExpenses": 1817000000,
    "sellingGeneralAndAdministrativeExpenses": 1817000000,
    "otherExpenses": 25000000,
    "operatingExpenses": 1842000000,
    "costAndExpenses": 4508000000,
    "interestIncome": 0,
    "interestExpense": 209000000,
    "depreciationAndAmortization": 222000000,
    "ebitda": 3826000000,
    "ebitdaratio": 0.471182266,
    "operatingIncome": 3604000000,
    "operatingIncomeRatio": 0.4438423645,
    "totalOtherIncomeExpensesNet": -209000000,
    "incomeBeforeTax": 3395000000,
    "incomeBeforeTaxRatio": 0.4181034483,
    "incomeTaxExpense": 988000000,
    "netIncome": 2317000000,
    "netIncomeRatio": 0.2853448276,
    "eps": 1.36,
    "epsdiluted": 1.36,
    "weightedAverageShsOut": 1701000000,
    "weightedAverageShsOutDil": 1701000000,
    "link": "https://www.sec.gov/Archives/edgar/data/1413329/000141332912000007/0001413329-12-000007-index.htm",
    "finalLink": "https://www.sec.gov/Archives/edgar/data/1413329/000141332912000007/pm-063012x10qxdoc.htm"
  },
  {
    "date": "2012-03-31",
    "symbol": "PM",
    "reportedCurrency": "USD",
    "cik": "0001413329",
    "fillingDate": "2012-05-04",
    "acceptedDate": "2012-05-04 12:27:10",
    "calendarYear": "2012",
    "period": "Q1",
    "revenue": 7448000000,
    "costOfRevenue": 2442000000,
    "grossProfit": 5006000000,
    "grossProfitRatio": 0.6721267454,
    "researchAndDevelopmentExpenses": 0,
    "generalAndAdministrativeExpenses": 0,
    "sellingAndMarketingExpenses": 1571000000,
    "sellingGeneralAndAdministrativeExpenses": 1571000000,
    "otherExpenses": 24000000,
    "operatingExpenses": 1595000000,
    "costAndExpenses": 4037000000,
    "interestIncome": 0,
    "interestExpense": 213000000,
    "depreciationAndAmortization": 227000000,
    "ebitda": 3630000000,
    "ebitdaratio": 0.4873791622,
    "operatingIncome": 3403000000,
    "operatingIncomeRatio": 0.4569011815,
    "totalOtherIncomeExpensesNet": -213000000,
    "incomeBeforeTax": 3190000000,
    "incomeBeforeTaxRatio": 0.4283029001,
    "incomeTaxExpense": 958000000,
    "netIncome": 2161000000,
    "netIncomeRatio": 0.2901450054,
    "eps": 1.25,
    "epsdiluted": 1.25,
    "weightedAverageShsOut": 1719000000,
    "weightedAverageShsOutDil": 1719000000,
    "link": "https://www.sec.gov/Archives/edgar/data/1413329/000141332912000004/0001413329-12-000004-index.htm",
    "finalLink": "https://www.sec.gov/Archives/edgar/data/1413329/000141332912000004/pm-033112x10qxdoc.htm"
  },
  {
    "date": "2011-12-31",
    "symbol": "PM",
    "reportedCurrency": "USD",
    "cik": "0001413329",
    "fillingDate": "2012-02-24",
    "acceptedDate": "2012-02-24 09:29:03",
    "calendarYear": "2011",
    "period": "Q4",
    "revenue": 7671000000,
    "costOfRevenue": 2692000000,
    "grossProfit": 4979000000,
    "grossProfitRatio": 0.6490679181,
    "researchAndDevelopmentExpenses": 0,
    "generalAndAdministrativeExpenses": 0,
    "sellingAndMarketingExpenses": 0,
    "sellingGeneralAndAdministrativeExpenses": 1969000000,
    "otherExpenses": 81000000,
    "operatingExpenses": 2050000000,
    "costAndExpenses": 4735000000,
    "interestIncome": 134000000,
    "interestExpense": 321000000,
    "depreciationAndAmortization": 250000000,
    "ebitda": 3320000000,
    "ebitdaratio": 0.4327988528,
    "operatingIncome": -10396000000,
    "operatingIncomeRatio": -1.3552339982,
    "totalOtherIncomeExpensesNet": 613000000,
    "incomeBeforeTax": -9783000000,
    "incomeBeforeTaxRatio": -1.2753226437,
    "incomeTaxExpense": 803000000,
    "netIncome": 1886000000,
    "netIncomeRatio": 0.2458610351,
    "eps": 1.09,
    "epsdiluted": 1.09,
    "weightedAverageShsOut": 1725908666,
    "weightedAverageShsOutDil": 1725908666,
    "link": "https://www.sec.gov/Archives/edgar/data/1413329/000119312512076983/0001193125-12-076983-index.htm",
    "finalLink": "https://www.sec.gov/Archives/edgar/data/1413329/000119312512076983/d258717d10k.htm"
  },
  {
    "date": "2011-09-30",
    "symbol": "PM",
    "reportedCurrency": "USD",
    "cik": "0001413329",
    "fillingDate": "2011-11-03",
    "acceptedDate": "2011-11-03 09:45:51",
    "calendarYear": "2011",
    "period": "Q3",
    "revenue": 8362000000,
    "costOfRevenue": 2847000000,
    "grossProfit": 5515000000,
    "grossProfitRatio": 0.6595312126,
    "researchAndDevelopmentExpenses": 0,
    "generalAndAdministrativeExpenses": 0,
    "sellingAndMarketingExpenses": 0,
    "sellingGeneralAndAdministrativeExpenses": 1770000000,
    "otherExpenses": 68000000,
    "operatingExpenses": 1838000000,
    "costAndExpenses": 4685000000,
    "interestIncome": 0,
    "interestExpense": 192000000,
    "depreciationAndAmortization": 255000000,
    "ebitda": 3932000000,
    "ebitdaratio": 0.4702224348,
    "operatingIncome": -4000000,
    "operatingIncomeRatio": -0.0004783545,
    "totalOtherIncomeExpensesNet": 11000000,
    "incomeBeforeTax": 7000000,
    "incomeBeforeTaxRatio": 0.0008371203,
    "incomeTaxExpense": 1024000000,
    "netIncome": 2377000000,
    "netIncomeRatio": 0.2842621382,
    "eps": 1.35,
    "epsdiluted": 1.35,
    "weightedAverageShsOut": 1749000000,
    "weightedAverageShsOutDil": 1749000000,
    "link": "https://www.sec.gov/Archives/edgar/data/1413329/000119312511294230/0001193125-11-294230-index.htm",
    "finalLink": "https://www.sec.gov/Archives/edgar/data/1413329/000119312511294230/d230686d10q.htm"
  },
  {
    "date": "2011-06-30",
    "symbol": "PM",
    "reportedCurrency": "USD",
    "cik": "0001413329",
    "fillingDate": "2011-08-05",
    "acceptedDate": "2011-08-05 08:22:09",
    "calendarYear": "2011",
    "period": "Q2",
    "revenue": 8273000000,
    "costOfRevenue": 2844000000,
    "grossProfit": 5429000000,
    "grossProfitRatio": 0.6562311133,
    "researchAndDevelopmentExpenses": 0,
    "generalAndAdministrativeExpenses": 0,
    "sellingAndMarketingExpenses": 0,
    "sellingGeneralAndAdministrativeExpenses": 1692000000,
    "otherExpenses": 24000000,
    "operatingExpenses": 1716000000,
    "costAndExpenses": 4560000000,
    "interestIncome": 0,
    "interestExpense": 208000000,
    "depreciationAndAmortization": 249000000,
    "ebitda": 3961000000,
    "ebitdaratio": 0.4787864136,
    "operatingIncome": 3712000000,
    "operatingIncomeRatio": 0.4486885048,
    "totalOtherIncomeExpensesNet": -208000000,
    "incomeBeforeTax": 3504000000,
    "incomeBeforeTaxRatio": 0.4235464765,
    "incomeTaxExpense": 1019000000,
    "netIncome": 2409000000,
    "netIncomeRatio": 0.2911882026,
    "eps": 1.35,
    "epsdiluted": 1.35,
    "weightedAverageShsOut": 1772000000,
    "weightedAverageShsOutDil": 1772000000,
    "link": "https://www.sec.gov/Archives/edgar/data/1413329/000119312511211399/0001193125-11-211399-index.htm",
    "finalLink": "https://www.sec.gov/Archives/edgar/data/1413329/000119312511211399/d10q.htm"
  },
  {
    "date": "2011-03-31",
    "symbol": "PM",
    "reportedCurrency": "USD",
    "cik": "0001413329",
    "fillingDate": "2011-05-06",
    "acceptedDate": "2011-05-06 07:35:48",
    "calendarYear": "2011",
    "period": "Q1",
    "revenue": 6791000000,
    "costOfRevenue": 2295000000,
    "grossProfit": 4496000000,
    "grossProfitRatio": 0.6620527168,
    "researchAndDevelopmentExpenses": 0,
    "generalAndAdministrativeExpenses": 0,
    "sellingAndMarketingExpenses": 0,
    "sellingGeneralAndAdministrativeExpenses": 1449000000,
    "otherExpenses": 24000000,
    "operatingExpenses": 1473000000,
    "costAndExpenses": 3768000000,
    "interestIncome": 0,
    "interestExpense": 213000000,
    "depreciationAndAmortization": 239000000,
    "ebitda": 3246000000,
    "ebitdaratio": 0.4779855691,
    "operatingIncome": 3007000000,
    "operatingIncomeRatio": 0.4427919305,
    "totalOtherIncomeExpensesNet": -213000000,
    "incomeBeforeTax": 2794000000,
    "incomeBeforeTaxRatio": 0.4114268885,
    "incomeTaxExpense": 807000000,
    "netIncome": 1919000000,
    "netIncomeRatio": 0.2825798851,
    "eps": 1.06,
    "epsdiluted": 1.06,
    "weightedAverageShsOut": 1793000000,
    "weightedAverageShsOutDil": 1794000000,
    "link": "https://www.sec.gov/Archives/edgar/data/1413329/000119312511129602/0001193125-11-129602-index.htm",
    "finalLink": "https://www.sec.gov/Archives/edgar/data/1413329/000119312511129602/d10q.htm"
  },
  {
    "date": "2010-12-31",
    "symbol": "PM",
    "reportedCurrency": "USD",
    "cik": "0001413329",
    "fillingDate": "2011-02-25",
    "acceptedDate": "2011-02-25 12:11:25",
    "calendarYear": "2010",
    "period": "Q4",
    "revenue": 7037000000,
    "costOfRevenue": 2501000000,
    "grossProfit": 4536000000,
    "grossProfitRatio": 0.6445928663,
    "researchAndDevelopmentExpenses": 0,
    "generalAndAdministrativeExpenses": 0,
    "sellingAndMarketingExpenses": 0,
    "sellingGeneralAndAdministrativeExpenses": 1743000000,
    "otherExpenses": 50000000,
    "operatingExpenses": 1793000000,
    "costAndExpenses": 4294000000,
    "interestIncome": 0,
    "interestExpense": 0,
    "depreciationAndAmortization": 255000000,
    "ebitda": 3076000000,
    "ebitdaratio": 0.4371180901,
    "operatingIncome": 2743000000,
    "operatingIncomeRatio": 0.3897967884,
    "totalOtherIncomeExpensesNet": -216000000,
    "incomeBeforeTax": 2527000000,
    "incomeBeforeTaxRatio": 0.35910189,
    "incomeTaxExpense": 717000000,
    "netIncome": 1752000000,
    "netIncomeRatio": 0.2489697314,
    "eps": 0.95,
    "epsdiluted": 0.95,
    "weightedAverageShsOut": 1839000000,
    "weightedAverageShsOutDil": 1842000000,
    "link": "https://www.sec.gov/Archives/edgar/data/1413329/000119312511046772/0001193125-11-046772-index.htm",
    "finalLink": "https://www.sec.gov/Archives/edgar/data/1413329/000119312511046772/d10k.htm"
  },
  {
    "date": "2010-09-30",
    "symbol": "PM",
    "reportedCurrency": "USD",
    "cik": "0001413329",
    "fillingDate": "2010-11-05",
    "acceptedDate": "2010-11-05 08:23:57",
    "calendarYear": "2010",
    "period": "Q3",
    "revenue": 6614000000,
    "costOfRevenue": 2290000000,
    "grossProfit": 4324000000,
    "grossProfitRatio": 0.6537647415,
    "researchAndDevelopmentExpenses": 0,
    "generalAndAdministrativeExpenses": 0,
    "sellingAndMarketingExpenses": 0,
    "sellingGeneralAndAdministrativeExpenses": 1446000000,
    "otherExpenses": 42000000,
    "operatingExpenses": 1488000000,
    "costAndExpenses": 3778000000,
    "interestIncome": 0,
    "interestExpense": 214000000,
    "depreciationAndAmortization": 230000000,
    "ebitda": 3066000000,
    "ebitdaratio": 0.4635621409,
    "operatingIncome": 2836000000,
    "operatingIncomeRatio": 0.4287874206,
    "totalOtherIncomeExpensesNet": -214000000,
    "incomeBeforeTax": 2622000000,
    "incomeBeforeTaxRatio": 0.3964318113,
    "incomeTaxExpense": 730000000,
    "netIncome": 1822000000,
    "netIncomeRatio": 0.2754762625,
    "eps": 0.99,
    "epsdiluted": 1,
    "weightedAverageShsOut": 1828000000,
    "weightedAverageShsOutDil": 1830000000,
    "link": "https://www.sec.gov/Archives/edgar/data/1413329/000119312510249131/0001193125-10-249131-index.htm",
    "finalLink": "https://www.sec.gov/Archives/edgar/data/1413329/000119312510249131/d10q.htm"
  },
  {
    "date": "2010-06-30",
    "symbol": "PM",
    "reportedCurrency": "USD",
    "cik": "0001413329",
    "fillingDate": "2010-08-06",
    "acceptedDate": "2010-08-06 08:38:50",
    "calendarYear": "2010",
    "period": "Q2",
    "revenue": 7061000000,
    "costOfRevenue": 2550000000,
    "grossProfit": 4511000000,
    "grossProfitRatio": 0.6388613511,
    "researchAndDevelopmentExpenses": 0,
    "generalAndAdministrativeExpenses": 0,
    "sellingAndMarketingExpenses": 0,
    "sellingGeneralAndAdministrativeExpenses": 1582000000,
    "otherExpenses": 23000000,
    "operatingExpenses": 1605000000,
    "costAndExpenses": 4155000000,
    "interestIncome": 0,
    "interestExpense": 223000000,
    "depreciationAndAmortization": 224000000,
    "ebitda": 3130000000,
    "ebitdaratio": 0.4432799887,
    "operatingIncome": 2906000000,
    "operatingIncomeRatio": 0.4115564368,
    "totalOtherIncomeExpensesNet": -223000000,
    "incomeBeforeTax": 2683000000,
    "incomeBeforeTaxRatio": 0.3799745079,
    "incomeTaxExpense": 641000000,
    "netIncome": 1982000000,
    "netIncomeRatio": 0.2806967852,
    "eps": 1.07,
    "epsdiluted": 1.07,
    "weightedAverageShsOut": 1846000000,
    "weightedAverageShsOutDil": 1849000000,
    "link": "https://www.sec.gov/Archives/edgar/data/1413329/000119312510180456/0001193125-10-180456-index.htm",
    "finalLink": "https://www.sec.gov/Archives/edgar/data/1413329/000119312510180456/d10q.htm"
  },
  {
    "date": "2010-03-31",
    "symbol": "PM",
    "reportedCurrency": "USD",
    "cik": "0001413329",
    "fillingDate": "2010-05-07",
    "acceptedDate": "2010-05-07 11:35:43",
    "calendarYear": "2010",
    "period": "Q1",
    "revenue": 6496000000,
    "costOfRevenue": 2372000000,
    "grossProfit": 4124000000,
    "grossProfitRatio": 0.6348522167,
    "researchAndDevelopmentExpenses": 0,
    "generalAndAdministrativeExpenses": 0,
    "sellingAndMarketingExpenses": 0,
    "sellingGeneralAndAdministrativeExpenses": 1389000000,
    "otherExpenses": 20000000,
    "operatingExpenses": 1409000000,
    "costAndExpenses": 3781000000,
    "interestIncome": 0,
    "interestExpense": 223000000,
    "depreciationAndAmortization": 20000000,
    "ebitda": 2735000000,
    "ebitdaratio": 0.4210283251,
    "operatingIncome": 2715000000,
    "operatingIncomeRatio": 0.4179495074,
    "totalOtherIncomeExpensesNet": -223000000,
    "incomeBeforeTax": 2492000000,
    "incomeBeforeTaxRatio": 0.3836206897,
    "incomeTaxExpense": 738000000,
    "netIncome": 1703000000,
    "netIncomeRatio": 0.26216133,
    "eps": 0.9,
    "epsdiluted": 0.9,
    "weightedAverageShsOut": 1874000000,
    "weightedAverageShsOutDil": 1878000000,
    "link": "https://www.sec.gov/Archives/edgar/data/1413329/000119312510112303/0001193125-10-112303-index.htm",
    "finalLink": "https://www.sec.gov/Archives/edgar/data/1413329/000119312510112303/d10q.htm"
  },
  {
    "date": "2009-12-31",
    "symbol": "PM",
    "reportedCurrency": "USD",
    "cik": "0001413329",
    "fillingDate": "2010-02-26",
    "acceptedDate": "2010-02-26 08:23:45",
    "calendarYear": "2009",
    "period": "Q4",
    "revenue": 6717000000,
    "costOfRevenue": 2546000000,
    "grossProfit": 4171000000,
    "grossProfitRatio": 0.6209617389,
    "researchAndDevelopmentExpenses": 0,
    "generalAndAdministrativeExpenses": 0,
    "sellingAndMarketingExpenses": 0,
    "sellingGeneralAndAdministrativeExpenses": 1684000000,
    "otherExpenses": 20000000,
    "operatingExpenses": 1704000000,
    "costAndExpenses": 4276000000,
    "interestIncome": 0,
    "interestExpense": 0,
    "depreciationAndAmortization": 246000000,
    "ebitda": 2684000000,
    "ebitdaratio": 0.3995831472,
    "operatingIncome": 2441000000,
    "operatingIncomeRatio": 0.3634062826,
    "totalOtherIncomeExpensesNet": -225000000,
    "incomeBeforeTax": 2216000000,
    "incomeBeforeTaxRatio": 0.3299091856,
    "incomeTaxExpense": 632000000,
    "netIncome": 1522000000,
    "netIncomeRatio": 0.2265892512,
    "eps": 0.78,
    "epsdiluted": 0.78,
    "weightedAverageShsOut": 1943000000,
    "weightedAverageShsOutDil": 1950000000,
    "link": "https://www.sec.gov/Archives/edgar/data/1413329/000119312510041735/0001193125-10-041735-index.htm",
    "finalLink": "https://www.sec.gov/Archives/edgar/data/1413329/000119312510041735/d10k.htm"
  },
  {
    "date": "2009-09-30",
    "symbol": "PM",
    "reportedCurrency": "USD",
    "cik": "0001413329",
    "fillingDate": "2009-11-06",
    "acceptedDate": "2009-11-06 07:44:05",
    "calendarYear": "2009",
    "period": "Q3",
    "revenue": 6587000000,
    "costOfRevenue": 2320000000,
    "grossProfit": 4267000000,
    "grossProfitRatio": 0.6477911037,
    "researchAndDevelopmentExpenses": 0,
    "generalAndAdministrativeExpenses": 0,
    "sellingAndMarketingExpenses": 0,
    "sellingGeneralAndAdministrativeExpenses": 1398000000,
    "otherExpenses": 18000000,
    "operatingExpenses": 1416000000,
    "costAndExpenses": 3736000000,
    "interestIncome": 0,
    "interestExpense": 0,
    "depreciationAndAmortization": 212000000,
    "ebitda": 3063000000,
    "ebitdaratio": 0.4650068316,
    "operatingIncome": 2850000000,
    "operatingIncomeRatio": 0.4326704114,
    "totalOtherIncomeExpensesNet": -221000000,
    "incomeBeforeTax": 2629000000,
    "incomeBeforeTaxRatio": 0.3991194778,
    "incomeTaxExpense": 775000000,
    "netIncome": 1798000000,
    "netIncomeRatio": 0.2729618946,
    "eps": 0.93,
    "epsdiluted": 0.93,
    "weightedAverageShsOut": 1927000000,
    "weightedAverageShsOutDil": 1934000000,
    "link": "https://www.sec.gov/Archives/edgar/data/1413329/000119312509226508/0001193125-09-226508-index.htm",
    "finalLink": "https://www.sec.gov/Archives/edgar/data/1413329/000119312509226508/d10q.htm"
  },
  {
    "date": "2009-06-30",
    "symbol": "PM",
    "reportedCurrency": "USD",
    "cik": "0001413329",
    "fillingDate": "2009-08-06",
    "acceptedDate": "2009-08-06 09:29:59",
    "calendarYear": "2009",
    "period": "Q2",
    "revenue": 6134000000,
    "costOfRevenue": 2185000000,
    "grossProfit": 3949000000,
    "grossProfitRatio": 0.6437887186,
    "researchAndDevelopmentExpenses": 0,
    "generalAndAdministrativeExpenses": 0,
    "sellingAndMarketingExpenses": 0,
    "sellingGeneralAndAdministrativeExpenses": 1498000000,
    "otherExpenses": 21000000,
    "operatingExpenses": 1519000000,
    "costAndExpenses": 3704000000,
    "interestIncome": 0,
    "interestExpense": 0,
    "depreciationAndAmortization": 202000000,
    "ebitda": 2632000000,
    "ebitdaratio": 0.4290837952,
    "operatingIncome": 2429000000,
    "operatingIncomeRatio": 0.3959895664,
    "totalOtherIncomeExpensesNet": -193000000,
    "incomeBeforeTax": 2236000000,
    "incomeBeforeTaxRatio": 0.364525595,
    "incomeTaxExpense": 639000000,
    "netIncome": 1546000000,
    "netIncomeRatio": 0.252037822,
    "eps": 0.79,
    "epsdiluted": 0.79,
    "weightedAverageShsOut": 1955000000,
    "weightedAverageShsOutDil": 1961000000,
    "link": "https://www.sec.gov/Archives/edgar/data/1413329/000119312509166510/0001193125-09-166510-index.htm",
    "finalLink": "https://www.sec.gov/Archives/edgar/data/1413329/000119312509166510/d10q.htm"
  },
  {
    "date": "2009-03-31",
    "symbol": "PM",
    "reportedCurrency": "USD",
    "cik": "0001413329",
    "fillingDate": "2009-05-07",
    "acceptedDate": "2009-05-07 09:04:16",
    "calendarYear": "2009",
    "period": "Q1",
    "revenue": 5597000000,
    "costOfRevenue": 1971000000,
    "grossProfit": 3626000000,
    "grossProfitRatio": 0.6478470609,
    "researchAndDevelopmentExpenses": 0,
    "generalAndAdministrativeExpenses": 0,
    "sellingAndMarketingExpenses": 0,
    "sellingGeneralAndAdministrativeExpenses": 1290000000,
    "otherExpenses": 15000000,
    "operatingExpenses": 1305000000,
    "costAndExpenses": 3276000000,
    "interestIncome": 0,
    "interestExpense": 0,
    "depreciationAndAmortization": 193000000,
    "ebitda": 2514000000,
    "ebitdaratio": 0.4491691978,
    "operatingIncome": 2320000000,
    "operatingIncomeRatio": 0.414507772,
    "totalOtherIncomeExpensesNet": -158000000,
    "incomeBeforeTax": 2162000000,
    "incomeBeforeTaxRatio": 0.3862783634,
    "incomeTaxExpense": 645000000,
    "netIncome": 1476000000,
    "netIncomeRatio": 0.2637127032,
    "eps": 0.74,
    "epsdiluted": 0.74,
    "weightedAverageShsOut": 1993000000,
    "weightedAverageShsOutDil": 2000000000,
    "link": "https://www.sec.gov/Archives/edgar/data/1413329/000119312509102676/0001193125-09-102676-index.htm",
    "finalLink": "https://www.sec.gov/Archives/edgar/data/1413329/000119312509102676/d10q.htm"
  },
  {
    "date": "2008-12-31",
    "symbol": "PM",
    "reportedCurrency": "USD",
    "cik": "0001413329",
    "fillingDate": "2009-02-26",
    "acceptedDate": "2009-02-26 13:41:47",
    "calendarYear": "2008",
    "period": "Q4",
    "revenue": 5713000000,
    "costOfRevenue": 2086000000,
    "grossProfit": 3627000000,
    "grossProfitRatio": 0.6348678453,
    "researchAndDevelopmentExpenses": 0,
    "generalAndAdministrativeExpenses": 0,
    "sellingAndMarketingExpenses": 0,
    "sellingGeneralAndAdministrativeExpenses": 1677000000,
    "otherExpenses": 15000000,
    "operatingExpenses": 1692000000,
    "costAndExpenses": 3778000000,
    "interestIncome": 0,
    "interestExpense": 0,
    "depreciationAndAmortization": 217000000,
    "ebitda": 2285000000,
    "ebitdaratio": 0.3999649921,
    "operatingIncome": 1935000000,
    "operatingIncomeRatio": 0.3387012078,
    "totalOtherIncomeExpensesNet": -106000000,
    "incomeBeforeTax": 1829000000,
    "incomeBeforeTaxRatio": 0.3201470331,
    "incomeTaxExpense": 519000000,
    "netIncome": 1251000000,
    "netIncomeRatio": 0.2189742692,
    "eps": 0.6,
    "epsdiluted": 0.6,
    "weightedAverageShsOut": 2068000000,
    "weightedAverageShsOutDil": 2078000000,
    "link": "https://www.sec.gov/Archives/edgar/data/1413329/000119312509038765/0001193125-09-038765-index.htm",
    "finalLink": "https://www.sec.gov/Archives/edgar/data/1413329/000119312509038765/d10k.htm"
  },
  {
    "date": "2008-09-30",
    "symbol": "PM",
    "reportedCurrency": "USD",
    "cik": "0001413329",
    "fillingDate": "2008-11-07",
    "acceptedDate": "2008-11-07 10:01:53",
    "calendarYear": "2008",
    "period": "Q3",
    "revenue": 6953000000,
    "costOfRevenue": 2481000000,
    "grossProfit": 4472000000,
    "grossProfitRatio": 0.6431756077,
    "researchAndDevelopmentExpenses": 0,
    "generalAndAdministrativeExpenses": 0,
    "sellingAndMarketingExpenses": 0,
    "sellingGeneralAndAdministrativeExpenses": 1556000000,
    "otherExpenses": 13000000,
    "operatingExpenses": 1569000000,
    "costAndExpenses": 4050000000,
    "interestIncome": 0,
    "interestExpense": 0,
    "depreciationAndAmortization": 13000000,
    "ebitda": 2929000000,
    "ebitdaratio": 0.4212570114,
    "operatingIncome": 2890000000,
    "operatingIncomeRatio": 0.4156479218,
    "totalOtherIncomeExpensesNet": -69000000,
    "incomeBeforeTax": 2821000000,
    "incomeBeforeTaxRatio": 0.4057241478,
    "incomeTaxExpense": 667000000,
    "netIncome": 2080000000,
    "netIncomeRatio": 0.2991514454,
    "eps": 1.01,
    "epsdiluted": 1.01,
    "weightedAverageShsOut": 2051000000,
    "weightedAverageShsOutDil": 2064000000,
    "link": "https://www.sec.gov/Archives/edgar/data/1413329/000119312508229203/0001193125-08-229203-index.htm",
    "finalLink": "https://www.sec.gov/Archives/edgar/data/1413329/000119312508229203/d10q.htm"
  },
  {
    "date": "2008-06-30",
    "symbol": "PM",
    "reportedCurrency": "USD",
    "cik": "0001413329",
    "fillingDate": "2008-08-07",
    "acceptedDate": "2008-08-07 09:32:10",
    "calendarYear": "2008",
    "period": "Q2",
    "revenue": 6709000000,
    "costOfRevenue": 2462000000,
    "grossProfit": 4247000000,
    "grossProfitRatio": 0.6330302579,
    "researchAndDevelopmentExpenses": 0,
    "generalAndAdministrativeExpenses": 0,
    "sellingAndMarketingExpenses": 0,
    "sellingGeneralAndAdministrativeExpenses": 1584000000,
    "otherExpenses": 55000000,
    "operatingExpenses": 1639000000,
    "costAndExpenses": 4101000000,
    "interestIncome": 0,
    "interestExpense": 0,
    "depreciationAndAmortization": 203000000,
    "ebitda": 2859000000,
    "ebitdaratio": 0.4261439857,
    "operatingIncome": 2608000000,
    "operatingIncomeRatio": 0.3887315546,
    "totalOtherIncomeExpensesNet": -61000000,
    "incomeBeforeTax": 2547000000,
    "incomeBeforeTaxRatio": 0.3796392905,
    "incomeTaxExpense": 790000000,
    "netIncome": 1692000000,
    "netIncomeRatio": 0.2521985393,
    "eps": 0.81,
    "epsdiluted": 0.8,
    "weightedAverageShsOut": 2095000000,
    "weightedAverageShsOutDil": 2106000000,
    "link": "https://www.sec.gov/Archives/edgar/data/1413329/000119312508169367/0001193125-08-169367-index.htm",
    "finalLink": "https://www.sec.gov/Archives/edgar/data/1413329/000119312508169367/d10q.htm"
  },
  {
    "date": "2008-03-31",
    "symbol": "PM",
    "reportedCurrency": "USD",
    "cik": "0001413329",
    "fillingDate": "2008-05-08",
    "acceptedDate": "2008-05-08 11:58:21",
    "calendarYear": "2008",
    "period": "Q1",
    "revenue": 5921000000,
    "costOfRevenue": 2299000000,
    "grossProfit": 4031000000,
    "grossProfitRatio": 0.6807971626,
    "researchAndDevelopmentExpenses": 0,
    "generalAndAdministrativeExpenses": 0,
    "sellingAndMarketingExpenses": 0,
    "sellingGeneralAndAdministrativeExpenses": 1184000000,
    "otherExpenses": 32000000,
    "operatingExpenses": 1216000000,
    "costAndExpenses": 3397000000,
    "interestIncome": 0,
    "interestExpense": 0,
    "depreciationAndAmortization": 201000000,
    "ebitda": 2748000000,
    "ebitdaratio": 0.4641107921,
    "operatingIncome": 3138000000,
    "operatingIncomeRatio": 0.5299780442,
    "totalOtherIncomeExpensesNet": -398000000,
    "incomeBeforeTax": 2740000000,
    "incomeBeforeTaxRatio": 0.462759669,
    "incomeTaxExpense": 811000000,
    "netIncome": 1867000000,
    "netIncomeRatio": 0.3153183584,
    "eps": 0.79,
    "epsdiluted": 0.79,
    "weightedAverageShsOut": 2108000000,
    "weightedAverageShsOutDil": 2108000000,
    "link": "https://www.sec.gov/Archives/edgar/data/1413329/000119312508107318/0001193125-08-107318-index.htm",
    "finalLink": "https://www.sec.gov/Archives/edgar/data/1413329/000119312508107318/d10q.htm"
  },
  {
    "date": "2007-12-31",
    "symbol": "PM",
    "reportedCurrency": "USD",
    "cik": "0001413329",
    "fillingDate": "2007-12-31",
    "acceptedDate": "2007-12-31 00:00:00",
    "calendarYear": "2007",
    "period": "Q4",
    "revenue": 5498000000,
    "costOfRevenue": 2126000000,
    "grossProfit": 3372000000,
    "grossProfitRatio": 0.6133139323,
    "researchAndDevelopmentExpenses": 0,
    "generalAndAdministrativeExpenses": 0,
    "sellingAndMarketingExpenses": 0,
    "sellingGeneralAndAdministrativeExpenses": 1329000000,
    "otherExpenses": 10000000,
    "operatingExpenses": 1339000000,
    "costAndExpenses": 3465000000,
    "interestIncome": 0,
    "interestExpense": 0,
    "depreciationAndAmortization": 218000000,
    "ebitda": 2251000000,
    "ebitdaratio": 0.4094216079,
    "operatingIncome": 2030000000,
    "operatingIncomeRatio": 0.3692251728,
    "totalOtherIncomeExpensesNet": -13000000,
    "incomeBeforeTax": 2017000000,
    "incomeBeforeTaxRatio": 0.3668606766,
    "incomeTaxExpense": 568000000,
    "netIncome": 1373000000,
    "netIncomeRatio": 0.2497271735,
    "eps": 0.65,
    "epsdiluted": 0.65,
    "weightedAverageShsOut": 2101000000,
    "weightedAverageShsOutDil": 2116000000,
    "link": null,
    "finalLink": null
  },
  {
    "date": "2007-09-30",
    "symbol": "PM",
    "reportedCurrency": "USD",
    "cik": "0001413329",
    "fillingDate": "2007-09-30",
    "acceptedDate": "2007-09-30 00:00:00",
    "calendarYear": "2007",
    "period": "Q3",
    "revenue": 5916000000,
    "costOfRevenue": 2229000000,
    "grossProfit": 3687000000,
    "grossProfitRatio": 0.6232251521,
    "researchAndDevelopmentExpenses": 0,
    "generalAndAdministrativeExpenses": 0,
    "sellingAndMarketingExpenses": 0,
    "sellingGeneralAndAdministrativeExpenses": 1171000000,
    "otherExpenses": 6000000,
    "operatingExpenses": 1177000000,
    "costAndExpenses": 3406000000,
    "interestIncome": 0,
    "interestExpense": 0,
    "depreciationAndAmortization": 192000000,
    "ebitda": 2702000000,
    "ebitdaratio": 0.4567275186,
    "operatingIncome": 2495000000,
    "operatingIncomeRatio": 0.4217376606,
    "totalOtherIncomeExpensesNet": 16000000,
    "incomeBeforeTax": 2511000000,
    "incomeBeforeTaxRatio": 0.4244421907,
    "incomeTaxExpense": 710000000,
    "netIncome": 1725000000,
    "netIncomeRatio": 0.2915821501,
    "eps": 0.82,
    "epsdiluted": 0.82,
    "weightedAverageShsOut": 2109000000,
    "weightedAverageShsOutDil": 2109000000,
    "link": null,
    "finalLink": null
  },
  {
    "date": "2007-06-30",
    "symbol": "PM",
    "reportedCurrency": "USD",
    "cik": "0001413329",
    "fillingDate": "2007-06-30",
    "acceptedDate": "2007-06-30 00:00:00",
    "calendarYear": "2007",
    "period": "Q2",
    "revenue": 5835000000,
    "costOfRevenue": 2244000000,
    "grossProfit": 3591000000,
    "grossProfitRatio": 0.6154241645,
    "researchAndDevelopmentExpenses": 0,
    "generalAndAdministrativeExpenses": 0,
    "sellingAndMarketingExpenses": 0,
    "sellingGeneralAndAdministrativeExpenses": 1292000000,
    "otherExpenses": 82000000,
    "operatingExpenses": 1374000000,
    "costAndExpenses": 3618000000,
    "interestIncome": 0,
    "interestExpense": 0,
    "depreciationAndAmortization": 175000000,
    "ebitda": 2468000000,
    "ebitdaratio": 0.4229648672,
    "operatingIncome": 2217000000,
    "operatingIncomeRatio": 0.3799485861,
    "totalOtherIncomeExpensesNet": -3000000,
    "incomeBeforeTax": 2214000000,
    "incomeBeforeTaxRatio": 0.3794344473,
    "incomeTaxExpense": 668000000,
    "netIncome": 1483000000,
    "netIncomeRatio": 0.2541559554,
    "eps": 0.7,
    "epsdiluted": 0.7,
    "weightedAverageShsOut": 2109000000,
    "weightedAverageShsOutDil": 2109000000,
    "link": null,
    "finalLink": null
  },
  {
    "date": "2007-03-31",
    "symbol": "PM",
    "reportedCurrency": "USD",
    "cik": "0001413329",
    "fillingDate": "2007-03-31",
    "acceptedDate": "2007-03-31 00:00:00",
    "calendarYear": "2007",
    "period": "Q1",
    "revenue": 5549000000,
    "costOfRevenue": 2121000000,
    "grossProfit": 3428000000,
    "grossProfitRatio": 0.6177689674,
    "researchAndDevelopmentExpenses": 0,
    "generalAndAdministrativeExpenses": 0,
    "sellingAndMarketingExpenses": 0,
    "sellingGeneralAndAdministrativeExpenses": 1229000000,
    "otherExpenses": 68000000,
    "operatingExpenses": 1297000000,
    "costAndExpenses": 3418000000,
    "interestIncome": 0,
    "interestExpense": 0,
    "depreciationAndAmortization": 163000000,
    "ebitda": 2356000000,
    "ebitdaratio": 0.4245810056,
    "operatingIncome": 2131000000,
    "operatingIncomeRatio": 0.3840331591,
    "totalOtherIncomeExpensesNet": -10000000,
    "incomeBeforeTax": 2121000000,
    "incomeBeforeTaxRatio": 0.3822310326,
    "incomeTaxExpense": 618000000,
    "netIncome": 1445000000,
    "netIncomeRatio": 0.2604072806,
    "eps": 0.69,
    "epsdiluted": 0.69,
    "weightedAverageShsOut": 2109000000,
    "weightedAverageShsOutDil": 2109000000,
    "link": null,
    "finalLink": null
  },
  {
    "date": "2006-12-31",
    "symbol": "PM",
    "reportedCurrency": "USD",
    "cik": "0001413329",
    "fillingDate": "2006-12-31",
    "acceptedDate": "2006-12-31 00:00:00",
    "calendarYear": "2006",
    "period": "Q4",
    "revenue": -15426000000,
    "costOfRevenue": 0,
    "grossProfit": 12065000000,
    "grossProfitRatio": -0.7821210943,
    "researchAndDevelopmentExpenses": 0,
    "generalAndAdministrativeExpenses": 0,
    "sellingAndMarketingExpenses": 0,
    "sellingGeneralAndAdministrativeExpenses": 0,
    "otherExpenses": 12065000000,
    "operatingExpenses": 12065000000,
    "costAndExpenses": 12065000000,
    "interestIncome": 0,
    "interestExpense": 0,
    "depreciationAndAmortization": 0,
    "ebitda": -27827000000,
    "ebitdaratio": 1.8039025023,
    "operatingIncome": -27827000000,
    "operatingIncomeRatio": 1.8039025023,
    "totalOtherIncomeExpensesNet": 0,
    "incomeBeforeTax": 3615000000,
    "incomeBeforeTaxRatio": -0.234344613,
    "incomeTaxExpense": 0,
    "netIncome": 1536000000,
    "netIncomeRatio": -0.0995721509,
    "eps": 0.73,
    "epsdiluted": 0.73,
    "weightedAverageShsOut": 2109313000,
    "weightedAverageShsOutDil": 2109313000,
    "link": null,
    "finalLink": null
  },
  {
    "date": "2006-09-30",
    "symbol": "PM",
    "reportedCurrency": "USD",
    "cik": "0001413329",
    "fillingDate": "2006-09-30",
    "acceptedDate": "2006-09-30 00:00:00",
    "calendarYear": "2006",
    "period": "Q3",
    "revenue": 12065000000,
    "costOfRevenue": 0,
    "grossProfit": 12065000000,
    "grossProfitRatio": 1,
    "researchAndDevelopmentExpenses": 0,
    "generalAndAdministrativeExpenses": 0,
    "sellingAndMarketingExpenses": 0,
    "sellingGeneralAndAdministrativeExpenses": 0,
    "otherExpenses": 0,
    "operatingExpenses": 0,
    "costAndExpenses": 0,
    "interestIncome": 0,
    "interestExpense": 0,
    "depreciationAndAmortization": 0,
    "ebitda": 12065000000,
    "ebitdaratio": 1,
    "operatingIncome": 12065000000,
    "operatingIncomeRatio": 1,
    "totalOtherIncomeExpensesNet": -10528000000,
    "incomeBeforeTax": 1537000000,
    "incomeBeforeTaxRatio": 0.1273932864,
    "incomeTaxExpense": 0,
    "netIncome": 1537000000,
    "netIncomeRatio": 0.1273932864,
    "eps": 0.73,
    "epsdiluted": 0.73,
    "weightedAverageShsOut": 2109313000,
    "weightedAverageShsOutDil": 2109313000,
    "link": null,
    "finalLink": null
  },
  {
    "date": "2006-06-30",
    "symbol": "PM",
    "reportedCurrency": "USD",
    "cik": "0001413329",
    "fillingDate": "2006-06-30",
    "acceptedDate": "2006-06-30 00:00:00",
    "calendarYear": "2006",
    "period": "Q2",
    "revenue": 12065000000,
    "costOfRevenue": 0,
    "grossProfit": 12065000000,
    "grossProfitRatio": 1,
    "researchAndDevelopmentExpenses": 0,
    "generalAndAdministrativeExpenses": 0,
    "sellingAndMarketingExpenses": 0,
    "sellingGeneralAndAdministrativeExpenses": 0,
    "otherExpenses": 0,
    "operatingExpenses": 0,
    "costAndExpenses": 0,
    "interestIncome": 0,
    "interestExpense": 0,
    "depreciationAndAmortization": 0,
    "ebitda": 12065000000,
    "ebitdaratio": 1,
    "operatingIncome": 12065000000,
    "operatingIncomeRatio": 1,
    "totalOtherIncomeExpensesNet": -10528000000,
    "incomeBeforeTax": 1537000000,
    "incomeBeforeTaxRatio": 0.1273932864,
    "incomeTaxExpense": 0,
    "netIncome": 1537000000,
    "netIncomeRatio": 0.1273932864,
    "eps": 0.73,
    "epsdiluted": 0.73,
    "weightedAverageShsOut": 2108000000,
    "weightedAverageShsOutDil": 2108000000,
    "link": null,
    "finalLink": null
  },
  {
    "date": "2006-03-31",
    "symbol": "PM",
    "reportedCurrency": "USD",
    "cik": "0001413329",
    "fillingDate": "2006-03-31",
    "acceptedDate": "2006-03-31 00:00:00",
    "calendarYear": "2006",
    "period": "Q1",
    "revenue": 12065000000,
    "costOfRevenue": 0,
    "grossProfit": 12065000000,
    "grossProfitRatio": 1,
    "researchAndDevelopmentExpenses": 0,
    "generalAndAdministrativeExpenses": 0,
    "sellingAndMarketingExpenses": 0,
    "sellingGeneralAndAdministrativeExpenses": 0,
    "otherExpenses": 0,
    "operatingExpenses": 0,
    "costAndExpenses": 0,
    "interestIncome": 0,
    "interestExpense": 0,
    "depreciationAndAmortization": 0,
    "ebitda": 12065000000,
    "ebitdaratio": 1,
    "operatingIncome": 12065000000,
    "operatingIncomeRatio": 1,
    "totalOtherIncomeExpensesNet": -10528000000,
    "incomeBeforeTax": 1537000000,
    "incomeBeforeTaxRatio": 0.1273932864,
    "incomeTaxExpense": 0,
    "netIncome": 1537000000,
    "netIncomeRatio": 0.1273932864,
    "eps": 0.73,
    "epsdiluted": 0.73,
    "weightedAverageShsOut": 2109313000,
    "weightedAverageShsOutDil": 2109313000,
    "link": null,
    "finalLink": null
  },
  {
    "date": "2001-09-30",
    "symbol": "PM",
    "reportedCurrency": "USD",
    "cik": "0001413329",
    "fillingDate": "2022-10-20",
    "acceptedDate": "2022-10-20 07:02:17",
    "calendarYear": "2001",
    "period": "Q3",
    "revenue": 8122000000,
    "costOfRevenue": 2596000000,
    "grossProfit": 5526000000,
    "grossProfitRatio": 0.680374292,
    "researchAndDevelopmentExpenses": 0,
    "generalAndAdministrativeExpenses": 0,
    "sellingAndMarketingExpenses": 0,
    "sellingGeneralAndAdministrativeExpenses": 0,
    "otherExpenses": 2071000000,
    "operatingExpenses": 2071000000,
    "costAndExpenses": 4667000000,
    "interestIncome": 0,
    "interestExpense": 154000000,
    "depreciationAndAmortization": 0,
    "ebitda": 3455000000,
    "ebitdaratio": 0.4253878355,
    "operatingIncome": 3455000000,
    "operatingIncomeRatio": 0.4253878355,
    "totalOtherIncomeExpensesNet": -181000000,
    "incomeBeforeTax": 3274000000,
    "incomeBeforeTaxRatio": 0.4031026841,
    "incomeTaxExpense": 735000000,
    "netIncome": 2588000000,
    "netIncomeRatio": 0.3186407289,
    "eps": 1.28,
    "epsdiluted": 1.27,
    "weightedAverageShsOut": 2028000000,
    "weightedAverageShsOutDil": 2038000000,
    "link": "https://www.sec.gov/Archives/edgar/data/1413329/000141332921000086/0001413329-21-000086-index.htm",
    "finalLink": "https://www.sec.gov/Archives/edgar/data/1413329/000141332921000086/earningsreleasepm-ex991xq3.htm"
  }
]