[
  {
    "date": "2024-12-31",
    "symbol": "PM",
    "reportedCurrency": "USD",
    "cik": "0001413329",
    "fillingDate": "2025-02-06",
    "acceptedDate": "2025-02-06 07:16:19",
    "calendarYear": "2024",
    "period": "FY",
    "revenue": 37878000000,
    "costOfRevenue": 13329000000,
    "grossProfit": 24549000000,
    "grossProfitRatio": 0.6481070806,
    "researchAndDevelopmentExpenses": 0,
    "generalAndAdministrativeExpenses": 11147000000,
    "sellingAndMarketingExpenses": 0,
    "sellingGeneralAndAdministrativeExpenses": 11147000000,
    "otherExpenses": 0,
    "operatingExpenses": 11147000000,
    "costAndExpenses": 24476000000,
    "interestIncome": 620000000,
    "interestExpense": 1763000000,
    "depreciationAndAmortization": 1787000000,
    "ebitda": 15749000000,
    "ebitdaratio": 0.4157822483,
    "operatingIncome": 13402000000,
    "operatingIncomeRatio": 0.3538201595,
    "totalOtherIncomeExpensesNet": -1203000000,
    "incomeBeforeTax": 12199000000,
    "incomeBeforeTaxRatio": 0.3220602989,
    "incomeTaxExpense": 2380000000,
    "netIncome": 7034000000,
    "netIncomeRatio": 0.1857014626,
    "eps": 4.53,
    "epsdiluted": 4.52,
    "weightedAverageShsOut": 1554000000,
    "weightedAverageShsOutDil": 1556000000,
    "link": "https://www.sec.gov/Archives/edgar/data/1413329/000141332925000013/0001413329-25-000013-index.htm",
    "finalLink": "https://www.sec.gov/Archives/edgar/data/1413329/000141332925000013/pm-20241231.htm"
  },
  {
    "date": "2023-12-31",
    "symbol": "PM",
    "reportedCurrency": "USD",
    "cik": "0001413329",
    "fillingDate": "2024-02-08",
    "acceptedDate": "2024-02-08 07:10:55",
    "calendarYear": "2023",
    "period": "FY",
    "revenue": 35174000000,
    "costOfRevenue": 12893000000,
    "grossProfit": 22281000000,
    "grossProfitRatio": 0.6334508444,
    "researchAndDevelopmentExpenses": 0,
    "generalAndAdministrativeExpenses": 10060000000,
    "sellingAndMarketingExpenses": 0,
    "sellingGeneralAndAdministrativeExpenses": 10060000000,
    "otherExpenses": 665000000,
    "operatingExpenses": 10725000000,
    "costAndExpenses": 23618000000,
    "interestIncome": 465000000,
    "interestExpense": 1526000000,
    "depreciationAndAmortization": 1398000000,
    "ebitda": 13374000000,
    "ebitdaratio": 0.3802240291,
    "operatingIncome": 11556000000,
    "operatingIncomeRatio": 0.3285381248,
    "totalOtherIncomeExpensesNet": -949000000,
    "incomeBeforeTax": 10607000000,
    "incomeBeforeTaxRatio": 0.301557969,
    "incomeTaxExpense": 2339000000,
    "netIncome": 7791000000,
    "netIncomeRatio": 0.2214988344,
    "eps": 5.02,
    "epsdiluted": 5.02,
    "weightedAverageShsOut": 1552000000,
    "weightedAverageShsOutDil": 1553000000,
    "link": "https://www.sec.gov/Archives/edgar/data/1413329/000141332924000013/0001413329-24-000013-index.htm",
    "finalLink": "https://www.sec.gov/Archives/edgar/data/1413329/000141332924000013/pm-20231231.htm"
  },
  {
    "date": "2022-12-31",
    "symbol": "PM",
    "reportedCurrency": "USD",
    "cik": "0001413329",
    "fillingDate": "2023-02-10",
    "acceptedDate": "2023-02-10 08:20:35",
    "calendarYear": "2022",
    "period": "FY",
    "revenue": 31762000000,
    "costOfRevenue": 11402000000,
    "grossProfit": 20360000000,
    "grossProfitRatio": 0.6410175682,
    "researchAndDevelopmentExpenses": 0,
    "generalAndAdministrativeExpenses": 8138000000,
    "sellingAndMarketingExpenses": 0,
    "sellingGeneralAndAdministrativeExpenses": 8114000000,
    "otherExpenses": 0,
    "operatingExpenses": 8114000000,
    "costAndExpenses": 19516000000,
    "interestIncome": 180000000,
    "interestExpense": 768000000,
    "depreciationAndAmortization": 1077000000,
    "ebitda": 13479000000,
    "ebitdaratio": 0.4243750394,
    "operatingIncome": 12246000000,
    "operatingIncomeRatio": 0.3855550658,
    "totalOtherIncomeExpensesNet": -475000000,
    "incomeBeforeTax": 11771000000,
    "incomeBeforeTaxRatio": 0.3706000882,
    "incomeTaxExpense": 2244000000,
    "netIncome": 9048000000,
    "netIncomeRatio": 0.284868711,
    "eps": 5.82,
    "epsdiluted": 5.81,
    "weightedAverageShsOut": 1550000000,
    "weightedAverageShsOutDil": 1552000000,
    "link": "https://www.sec.gov/Archives/edgar/data/1413329/000141332923000025/0001413329-23-000025-index.htm",
    "finalLink": "https://www.sec.gov/Archives/edgar/data/1413329/000141332923000025/pm-20221231.htm"
  },
  {
    "date": "2021-12-31",
    "symbol": "PM",
    "reportedCurrency": "USD",
    "cik": "0001413329",
    "fillingDate": "2022-02-11",
    "acceptedDate": "2022-02-11 08:29:22",
    "calendarYear": "2021",
    "period": "FY",
    "revenue": 31405000000,
    "costOfRevenue": 10030000000,
    "grossProfit": 21375000000,
    "grossProfitRatio": 0.6806241044,
    "researchAndDevelopmentExpenses": 617000000,
    "generalAndAdministrativeExpenses": 8400000000,
    "sellingAndMarketingExpenses": 0,
    "sellingGeneralAndAdministrativeExpenses": 8400000000,
    "otherExpenses": -651000000,
    "operatingExpenses": 8400000000,
    "costAndExpenses": 18396000000,
    "interestIncome": 109000000,
    "interestExpense": 737000000,
    "depreciationAndAmortization": 998000000,
    "ebitda": 13967000000,
    "ebitdaratio": 0.444738099,
    "operatingIncome": 12972000000,
    "operatingIncomeRatio": 0.413055246,
    "totalOtherIncomeExpensesNet": -591000000,
    "incomeBeforeTax": 12381000000,
    "incomeBeforeTaxRatio": 0.3942365865,
    "incomeTaxExpense": 2671000000,
    "netIncome": 9109000000,
    "netIncomeRatio": 0.2900493552,
    "eps": 5.83,
    "epsdiluted": 5.83,
    "weightedAverageShsOut": 1558000000,
    "weightedAverageShsOutDil": 1559000000,
    "link": "https://www.sec.gov/Archives/edgar/data/1413329/000141332922000011/0001413329-22-000011-index.htm",
    "finalLink": "https://www.sec.gov/Archives/edgar/data/1413329/000141332922000011/pm-20211231.htm"
  },
  {
    "date": "2020-12-31",
    "symbol": "PM",
    "reportedCurrency": "USD",
    "cik": "0001413329",
    "fillingDate": "2021-02-09",
    "acceptedDate": "2021-02-09 16:20:37",
    "calendarYear": "2020",
    "period": "FY",
    "revenue": 28694000000,
    "costOfRevenue": 9569000000,
    "grossProfit": 19125000000,
    "grossProfitRatio": 0.6665156479,
    "researchAndDevelopmentExpenses": 495000000,
    "generalAndAdministrativeExpenses": 7481000000,
    "sellingAndMarketingExpenses": 0,
    "sellingGeneralAndAdministrativeExpenses": 7481000000,
    "otherExpenses": -519000000,
    "operatingExpenses": 7457000000,
    "costAndExpenses": 17026000000,
    "interestIncome": 110000000,
    "interestExpense": 728000000,
    "depreciationAndAmortization": 981000000,
    "ebitda": 12662000000,
    "ebitdaratio": 0.441276922,
    "operatingIncome": 11720000000,
    "operatingIncomeRatio": 0.4084477591,
    "totalOtherIncomeExpensesNet": -751000000,
    "incomeBeforeTax": 10969000000,
    "incomeBeforeTaxRatio": 0.3822750401,
    "incomeTaxExpense": 2377000000,
    "netIncome": 8056000000,
    "netIncomeRatio": 0.2807555587,
    "eps": 5.16,
    "epsdiluted": 5.16,
    "weightedAverageShsOut": 1557000000,
    "weightedAverageShsOutDil": 1558000000,
    "link": "https://www.sec.gov/Archives/edgar/data/1413329/000141332921000007/0001413329-21-000007-index.htm",
    "finalLink": "https://www.sec.gov/Archives/edgar/data/1413329/000141332921000007/pm-20201231.htm"
  },
  {
    "date": "2019-12-31",
    "symbol": "PM",
    "reportedCurrency": "USD",
    "cik": "0001413329",
    "fillingDate": "2020-02-07",
    "acceptedDate": "2020-02-07 06:47:13",
    "calendarYear": "2019",
    "period": "FY",
    "revenue": 29805000000,
    "costOfRevenue": 10513000000,
    "grossProfit": 19292000000,
    "grossProfitRatio": 0.6472739473,
    "researchAndDevelopmentExpenses": 465000000,
    "generalAndAdministrativeExpenses": 8784000000,
    "sellingAndMarketingExpenses": 0,
    "sellingGeneralAndAdministrativeExpenses": 8784000000,
    "otherExpenses": -488000000,
    "operatingExpenses": 8761000000,
    "costAndExpenses": 19274000000,
    "interestIncome": 226000000,
    "interestExpense": 796000000,
    "depreciationAndAmortization": 964000000,
    "ebitda": 11632000000,
    "ebitdaratio": 0.3902700889,
    "operatingIncome": 10531000000,
    "operatingIncomeRatio": 0.3533299782,
    "totalOtherIncomeExpensesNet": -510000000,
    "incomeBeforeTax": 10021000000,
    "incomeBeforeTaxRatio": 0.3362187552,
    "incomeTaxExpense": 2293000000,
    "netIncome": 7185000000,
    "netIncomeRatio": 0.2410669351,
    "eps": 4.61,
    "epsdiluted": 4.61,
    "weightedAverageShsOut": 1555000000,
    "weightedAverageShsOutDil": 1556000000,
    "link": "https://www.sec.gov/Archives/edgar/data/1413329/000141332920000007/0001413329-20-000007-index.htm",
    "finalLink": "https://www.sec.gov/Archives/edgar/data/1413329/000141332920000007/pm123119form10kwrapinc.htm"
  },
  {
    "date": "2018-12-31",
    "symbol": "PM",
    "reportedCurrency": "USD",
    "cik": "0001413329",
    "fillingDate": "2019-02-07",
    "acceptedDate": "2019-02-07 15:09:20",
    "calendarYear": "2018",
    "period": "FY",
    "revenue": 29625000000,
    "costOfRevenue": 10758000000,
    "grossProfit": 18867000000,
    "grossProfitRatio": 0.6368607595,
    "researchAndDevelopmentExpenses": 383000000,
    "generalAndAdministrativeExpenses": 7449000000,
    "sellingAndMarketingExpenses": 0,
    "sellingGeneralAndAdministrativeExpenses": 7449000000,
    "otherExpenses": -361000000,
    "operatingExpenses": 7471000000,
    "costAndExpenses": 18229000000,
    "interestIncome": 190000000,
    "interestExpense": 855000000,
    "depreciationAndAmortization": 989000000,
    "ebitda": 12515000000,
    "ebitdaratio": 0.4224472574,
    "operatingIncome": 11336000000,
    "operatingIncomeRatio": 0.382649789,
    "totalOtherIncomeExpensesNet": -605000000,
    "incomeBeforeTax": 10731000000,
    "incomeBeforeTaxRatio": 0.3622278481,
    "incomeTaxExpense": 2445000000,
    "netIncome": 7911000000,
    "netIncomeRatio": 0.2670379747,
    "eps": 5.09,
    "epsdiluted": 5.09,
    "weightedAverageShsOut": 1555000000,
    "weightedAverageShsOutDil": 1555000000,
    "link": "https://www.sec.gov/Archives/edgar/data/1413329/000141332919000007/0001413329-19-000007-index.htm",
    "finalLink": "https://www.sec.gov/Archives/edgar/data/1413329/000141332919000007/pm123118form10kwrapinclfsm.htm"
  },
  {
    "date": "2017-12-31",
    "symbol": "PM",
    "reportedCurrency": "USD",
    "cik": "0001413329",
    "fillingDate": "2018-02-13",
    "acceptedDate": "2018-02-13 08:07:16",
    "calendarYear": "2017",
    "period": "FY",
    "revenue": 28748000000,
    "costOfRevenue": 10432000000,
    "grossProfit": 18316000000,
    "grossProfitRatio": 0.6371225824,
    "researchAndDevelopmentExpenses": 453000000,
    "generalAndAdministrativeExpenses": 6725000000,
    "sellingAndMarketingExpenses": 0,
    "sellingGeneralAndAdministrativeExpenses": 6725000000,
    "otherExpenses": -424000000,
    "operatingExpenses": 6754000000,
    "costAndExpenses": 17186000000,
    "interestIncome": 182000000,
    "interestExpense": 1096000000,
    "depreciationAndAmortization": 875000000,
    "ebitda": 12459000000,
    "ebitdaratio": 0.4333866704,
    "operatingIncome": 11576000000,
    "operatingIncomeRatio": 0.4026714902,
    "totalOtherIncomeExpensesNet": -928000000,
    "incomeBeforeTax": 10648000000,
    "incomeBeforeTaxRatio": 0.3703909837,
    "incomeTaxExpense": 4307000000,
    "netIncome": 6035000000,
    "netIncomeRatio": 0.2099276471,
    "eps": 3.88,
    "epsdiluted": 3.88,
    "weightedAverageShsOut": 1552000000,
    "weightedAverageShsOutDil": 1553000000,
    "link": "https://www.sec.gov/Archives/edgar/data/1413329/000141332918000007/0001413329-18-000007-index.htm",
    "finalLink": "https://www.sec.gov/Archives/edgar/data/1413329/000141332918000007/pm123117form10kwrapinclfsm.htm"
  },
  {
    "date": "2016-12-31",
    "symbol": "PM",
    "reportedCurrency": "USD",
    "cik": "0001413329",
    "fillingDate": "2017-02-14",
    "acceptedDate": "2017-02-14 08:22:52",
    "calendarYear": "2016",
    "period": "FY",
    "revenue": 26685000000,
    "costOfRevenue": 9391000000,
    "grossProfit": 17294000000,
    "grossProfitRatio": 0.6480794454,
    "researchAndDevelopmentExpenses": 429000000,
    "generalAndAdministrativeExpenses": 6405000000,
    "sellingAndMarketingExpenses": 0,
    "sellingGeneralAndAdministrativeExpenses": 6405000000,
    "otherExpenses": -449000000,
    "operatingExpenses": 6385000000,
    "costAndExpenses": 15776000000,
    "interestIncome": 178000000,
    "interestExpense": 1069000000,
    "depreciationAndAmortization": 743000000,
    "ebitda": 11706000000,
    "ebitdaratio": 0.438673412,
    "operatingIncome": 10903000000,
    "operatingIncomeRatio": 0.4085816001,
    "totalOtherIncomeExpensesNet": -885000000,
    "incomeBeforeTax": 10018000000,
    "incomeBeforeTaxRatio": 0.3754169009,
    "incomeTaxExpense": 2768000000,
    "netIncome": 6967000000,
    "netIncomeRatio": 0.2610830054,
    "eps": 4.48,
    "epsdiluted": 4.48,
    "weightedAverageShsOut": 1551000000,
    "weightedAverageShsOutDil": 1551000000,
    "link": "https://www.sec.gov/Archives/edgar/data/1413329/000141332917000014/0001413329-17-000014-index.htm",
    "finalLink": "https://www.sec.gov/Archives/edgar/data/1413329/000141332917000014/pm123116form10kwrapinclfsm.htm"
  },
  {
    "date": "2015-12-31",
    "symbol": "PM",
    "reportedCurrency": "USD",
    "cik": "0001413329",
    "fillingDate": "2016-02-17",
    "acceptedDate": "2016-02-17 10:25:14",
    "calendarYear": "2015",
    "period": "FY",
    "revenue": 26794000000,
    "costOfRevenue": 9365000000,
    "grossProfit": 17429000000,
    "grossProfitRatio": 0.6504814511,
    "researchAndDevelopmentExpenses": 423000000,
    "generalAndAdministrativeExpenses": 0,
    "sellingAndMarketingExpenses": 6656000000,
    "sellingGeneralAndAdministrativeExpenses": 6656000000,
    "otherExpenses": -273000000,
    "operatingExpenses": 6806000000,
    "costAndExpenses": 16171000000,
    "interestIncome": 124000000,
    "interestExpense": 1132000000,
    "depreciationAndAmortization": 754000000,
    "ebitda": 11470000000,
    "ebitdaratio": 0.4280809136,
    "operatingIncome": 10623000000,
    "operatingIncomeRatio": 0.3964693588,
    "totalOtherIncomeExpensesNet": -903000000,
    "incomeBeforeTax": 9720000000,
    "incomeBeforeTaxRatio": 0.3627677838,
    "incomeTaxExpense": 2688000000,
    "netIncome": 6873000000,
    "netIncomeRatio": 0.2565126521,
    "eps": 4.42,
    "epsdiluted": 4.42,
    "weightedAverageShsOut": 1549000000,
    "weightedAverageShsOutDil": 1549000000,
    "link": "https://www.sec.gov/Archives/edgar/data/1413329/000141332916000076/0001413329-16-000076-index.htm",
    "finalLink": "https://www.sec.gov/Archives/edgar/data/1413329/000141332916000076/pm123115form10kwrapinclfsm.htm"
  },
  {
    "date": "2014-12-31",
    "symbol": "PM",
    "reportedCurrency": "USD",
    "cik": "0001413329",
    "fillingDate": "2015-02-20",
    "acceptedDate": "2015-02-20 08:39:54",
    "calendarYear": "2014",
    "period": "FY",
    "revenue": 29767000000,
    "costOfRevenue": 10436000000,
    "grossProfit": 19331000000,
    "grossProfitRatio": 0.6494104209,
    "researchAndDevelopmentExpenses": 433000000,
    "generalAndAdministrativeExpenses": 7001000000,
    "sellingAndMarketingExpenses": 0,
    "sellingGeneralAndAdministrativeExpenses": 7001000000,
    "otherExpenses": 195000000,
    "operatingExpenses": 7629000000,
    "costAndExpenses": 18065000000,
    "interestIncome": 118000000,
    "interestExpense": 1170000000,
    "depreciationAndAmortization": 889000000,
    "ebitda": 12666000000,
    "ebitdaratio": 0.4255047536,
    "operatingIncome": 11702000000,
    "operatingIncomeRatio": 0.3931198979,
    "totalOtherIncomeExpensesNet": -947000000,
    "incomeBeforeTax": 10755000000,
    "incomeBeforeTaxRatio": 0.3613061444,
    "incomeTaxExpense": 3097000000,
    "netIncome": 7493000000,
    "netIncomeRatio": 0.2517217052,
    "eps": 4.76,
    "epsdiluted": 4.76,
    "weightedAverageShsOut": 1566000000,
    "weightedAverageShsOutDil": 1566000000,
    "link": "https://www.sec.gov/Archives/edgar/data/1413329/000141332915000016/0001413329-15-000016-index.htm",
    "finalLink": "https://www.sec.gov/Archives/edgar/data/1413329/000141332915000016/pm12312014form10kwrapinclf.htm"
  },
  {
    "date": "2013-12-31",
    "symbol": "PM",
    "reportedCurrency": "USD",
    "cik": "0001413329",
    "fillingDate": "2014-02-21",
    "acceptedDate": "2014-02-21 08:40:56",
    "calendarYear": "2013",
    "period": "FY",
    "revenue": 31217000000,
    "costOfRevenue": 10410000000,
    "grossProfit": 20807000000,
    "grossProfitRatio": 0.6665278534,
    "researchAndDevelopmentExpenses": 449000000,
    "generalAndAdministrativeExpenses": 6890000000,
    "sellingAndMarketingExpenses": 0,
    "sellingGeneralAndAdministrativeExpenses": 6890000000,
    "otherExpenses": -25000000,
    "operatingExpenses": 7314000000,
    "costAndExpenses": 17724000000,
    "interestIncome": 131000000,
    "interestExpense": 1104000000,
    "depreciationAndAmortization": 882000000,
    "ebitda": 14475000000,
    "ebitdaratio": 0.4636896563,
    "operatingIncome": 13702000000,
    "operatingIncomeRatio": 0.4389275074,
    "totalOtherIncomeExpensesNet": -1182000000,
    "incomeBeforeTax": 12520000000,
    "incomeBeforeTaxRatio": 0.4010635231,
    "incomeTaxExpense": 3670000000,
    "netIncome": 8576000000,
    "netIncomeRatio": 0.2747221065,
    "eps": 5.26,
    "epsdiluted": 5.26,
    "weightedAverageShsOut": 1622000000,
    "weightedAverageShsOutDil": 1622000000,
    "link": "https://www.sec.gov/Archives/edgar/data/1413329/000141332914000012/0001413329-14-000012-index.htm",
    "finalLink": "https://www.sec.gov/Archives/edgar/data/1413329/000141332914000012/pm1231201310-k.htm"
  },
  {
    "date": "2012-12-31",
    "symbol": "PM",
    "reportedCurrency": "USD",
    "cik": "0001413329",
    "fillingDate": "2013-02-22",
    "acceptedDate": "2013-02-22 12:13:08",
    "calendarYear": "2012",
    "period": "FY",
    "revenue": 31377000000,
    "costOfRevenue": 10373000000,
    "grossProfit": 21004000000,
    "grossProfitRatio": 0.6694075278,
    "researchAndDevelopmentExpenses": 415000000,
    "generalAndAdministrativeExpenses": 0,
    "sellingAndMarketingExpenses": 6978000000,
    "sellingGeneralAndAdministrativeExpenses": 6961000000,
    "otherExpenses": -218000000,
    "operatingExpenses": 7158000000,
    "costAndExpenses": 17531000000,
    "interestIncome": 148000000,
    "interestExpense": 1007000000,
    "depreciationAndAmortization": 898000000,
    "ebitda": 14846000000,
    "ebitdaratio": 0.473149122,
    "operatingIncome": 13946000000,
    "operatingIncomeRatio": 0.4444656914,
    "totalOtherIncomeExpensesNet": -959000000,
    "incomeBeforeTax": 12987000000,
    "incomeBeforeTaxRatio": 0.4139019027,
    "incomeTaxExpense": 3833000000,
    "netIncome": 8800000000,
    "netIncomeRatio": 0.2804602097,
    "eps": 5.17,
    "epsdiluted": 5.17,
    "weightedAverageShsOut": 1692000000,
    "weightedAverageShsOutDil": 1692000000,
    "link": "https://www.sec.gov/Archives/edgar/data/1413329/000141332913000019/0001413329-13-000019-index.htm",
    "finalLink": "https://www.sec.gov/Archives/edgar/data/1413329/000141332913000019/pm1231201210-k.htm"
  },
  {
    "date": "2011-12-31",
    "symbol": "PM",
    "reportedCurrency": "USD",
    "cik": "0001413329",
    "fillingDate": "2012-02-24",
    "acceptedDate": "2012-02-24 09:29:03",
    "calendarYear": "2011",
    "period": "FY",
    "revenue": 31097000000,
    "costOfRevenue": 10678000000,
    "grossProfit": 20419000000,
    "grossProfitRatio": 0.6566228254,
    "researchAndDevelopmentExpenses": 413000000,
    "generalAndAdministrativeExpenses": 0,
    "sellingAndMarketingExpenses": 6870000000,
    "sellingGeneralAndAdministrativeExpenses": 6880000000,
    "otherExpenses": -216000000,
    "operatingExpenses": 7077000000,
    "costAndExpenses": 17755000000,
    "interestIncome": 134000000,
    "interestExpense": 953000000,
    "depreciationAndAmortization": 993000000,
    "ebitda": 14478000000,
    "ebitdaratio": 0.4655754574,
    "operatingIncome": 13534000000,
    "operatingIncomeRatio": 0.4352188314,
    "totalOtherIncomeExpensesNet": -1002000000,
    "incomeBeforeTax": 12532000000,
    "incomeBeforeTaxRatio": 0.4029970737,
    "incomeTaxExpense": 3653000000,
    "netIncome": 8591000000,
    "netIncomeRatio": 0.2762645914,
    "eps": 4.98,
    "epsdiluted": 4.98,
    "weightedAverageShsOut": 1725908666,
    "weightedAverageShsOutDil": 1725908666,
    "link": "https://www.sec.gov/Archives/edgar/data/1413329/000119312512076983/0001193125-12-076983-index.htm",
    "finalLink": "https://www.sec.gov/Archives/edgar/data/1413329/000119312512076983/d258717d10k.htm"
  },
  {
    "date": "2010-12-31",
    "symbol": "PM",
    "reportedCurrency": "USD",
    "cik": "0001413329",
    "fillingDate": "2011-02-25",
    "acceptedDate": "2011-02-25 12:11:25",
    "calendarYear": "2010",
    "period": "FY",
    "revenue": 27208000000,
    "costOfRevenue": 9713000000,
    "grossProfit": 17495000000,
    "grossProfitRatio": 0.643009409,
    "researchAndDevelopmentExpenses": 0,
    "generalAndAdministrativeExpenses": 0,
    "sellingAndMarketingExpenses": 6160000000,
    "sellingGeneralAndAdministrativeExpenses": 6160000000,
    "otherExpenses": 88000000,
    "operatingExpenses": 6248000000,
    "costAndExpenses": 15961000000,
    "interestIncome": 98000000,
    "interestExpense": 974000000,
    "depreciationAndAmortization": 932000000,
    "ebitda": 12191000000,
    "ebitdaratio": 0.4480667451,
    "operatingIncome": 11200000000,
    "operatingIncomeRatio": 0.4116436342,
    "totalOtherIncomeExpensesNet": -876000000,
    "incomeBeforeTax": 10324000000,
    "incomeBeforeTaxRatio": 0.3794472214,
    "incomeTaxExpense": 2826000000,
    "netIncome": 7259000000,
    "netIncomeRatio": 0.2667965304,
    "eps": 3.93,
    "epsdiluted": 3.92,
    "weightedAverageShsOut": 1839000000,
    "weightedAverageShsOutDil": 1842000000,
    "link": "https://www.sec.gov/Archives/edgar/data/1413329/000119312511046772/0001193125-11-046772-index.htm",
    "finalLink": "https://www.sec.gov/Archives/edgar/data/1413329/000119312511046772/d10k.htm"
  },
  {
    "date": "2009-12-31",
    "symbol": "PM",
    "reportedCurrency": "USD",
    "cik": "0001413329",
    "fillingDate": "2010-02-26",
    "acceptedDate": "2010-02-26 08:23:45",
    "calendarYear": "2009",
    "period": "FY",
    "revenue": 25035000000,
    "costOfRevenue": 9022000000,
    "grossProfit": 16013000000,
    "grossProfitRatio": 0.6396245257,
    "researchAndDevelopmentExpenses": 0,
    "generalAndAdministrativeExpenses": 0,
    "sellingAndMarketingExpenses": 0,
    "sellingGeneralAndAdministrativeExpenses": 5870000000,
    "otherExpenses": 74000000,
    "operatingExpenses": 5944000000,
    "costAndExpenses": 14966000000,
    "interestIncome": 108000000,
    "interestExpense": 843000000,
    "depreciationAndAmortization": 853000000,
    "ebitda": 10939000000,
    "ebitdaratio": 0.4369482724,
    "operatingIncome": 10213000000,
    "operatingIncomeRatio": 0.4079488716,
    "totalOtherIncomeExpensesNet": -970000000,
    "incomeBeforeTax": 9243000000,
    "incomeBeforeTaxRatio": 0.3692031156,
    "incomeTaxExpense": 2691000000,
    "netIncome": 6342000000,
    "netIncomeRatio": 0.2533253445,
    "eps": 3.25,
    "epsdiluted": 3.24,
    "weightedAverageShsOut": 1943000000,
    "weightedAverageShsOutDil": 1950000000,
    "link": "https://www.sec.gov/Archives/edgar/data/1413329/000119312510041735/0001193125-10-041735-index.htm",
    "finalLink": "https://www.sec.gov/Archives/edgar/data/1413329/000119312510041735/d10k.htm"
  },
  {
    "date": "2008-12-31",
    "symbol": "PM",
    "reportedCurrency": "USD",
    "cik": "0001413329",
    "fillingDate": "2009-02-26",
    "acceptedDate": "2009-02-26 13:41:47",
    "calendarYear": "2008",
    "period": "FY",
    "revenue": 25705000000,
    "costOfRevenue": 9328000000,
    "grossProfit": 16377000000,
    "grossProfitRatio": 0.6371134021,
    "researchAndDevelopmentExpenses": 334000000,
    "generalAndAdministrativeExpenses": 0,
    "sellingAndMarketingExpenses": 0,
    "sellingGeneralAndAdministrativeExpenses": 5428000000,
    "otherExpenses": 367000000,
    "operatingExpenses": 6129000000,
    "costAndExpenses": 15134000000,
    "interestIncome": 217000000,
    "interestExpense": 528000000,
    "depreciationAndAmortization": 842000000,
    "ebitda": 11307000000,
    "ebitdaratio": 0.4398755106,
    "operatingIncome": 10571000000,
    "operatingIncomeRatio": 0.4112429488,
    "totalOtherIncomeExpensesNet": -634000000,
    "incomeBeforeTax": 9937000000,
    "incomeBeforeTaxRatio": 0.3865784867,
    "incomeTaxExpense": 2787000000,
    "netIncome": 6890000000,
    "netIncomeRatio": 0.2680412371,
    "eps": 3.33,
    "epsdiluted": 3.32,
    "weightedAverageShsOut": 2068000000,
    "weightedAverageShsOutDil": 2078000000,
    "link": "https://www.sec.gov/Archives/edgar/data/1413329/000119312509038765/0001193125-09-038765-index.htm",
    "finalLink": "https://www.sec.gov/Archives/edgar/data/1413329/000119312509038765/d10k.htm"
  },
  {
    "date": "2007-12-31",
    "symbol": "PM",
    "reportedCurrency": "USD",
    "cik": "0001413329",
    "fillingDate": "2007-12-31",
    "acceptedDate": "2007-12-31 00:00:00",
    "calendarYear": "2007",
    "period": "FY",
    "revenue": 22798000000,
    "costOfRevenue": 8720000000,
    "grossProfit": 14078000000,
    "grossProfitRatio": 0.6175103079,
    "researchAndDevelopmentExpenses": 362000000,
    "generalAndAdministrativeExpenses": 0,
    "sellingAndMarketingExpenses": 0,
    "sellingGeneralAndAdministrativeExpenses": 4776000000,
    "otherExpenses": 67000000,
    "operatingExpenses": 5205000000,
    "costAndExpenses": 13916000000,
    "interestIncome": 0,
    "interestExpense": 10000000,
    "depreciationAndAmortization": 748000000,
    "ebitda": 9642000000,
    "ebitdaratio": 0.4229318361,
    "operatingIncome": 8873000000,
    "operatingIncomeRatio": 0.3892008071,
    "totalOtherIncomeExpensesNet": -10000000,
    "incomeBeforeTax": 8863000000,
    "incomeBeforeTaxRatio": 0.3887621721,
    "incomeTaxExpense": 2564000000,
    "netIncome": 6026000000,
    "netIncomeRatio": 0.2643214317,
    "eps": 2.86,
    "epsdiluted": 2.86,
    "weightedAverageShsOut": 2109000000,
    "weightedAverageShsOutDil": 2109000000,
    "link": null,
    "finalLink": null
  },
  {
    "date": "2006-12-31",
    "symbol": "PM",
    "reportedCurrency": "USD",
    "cik": "0001413329",
    "fillingDate": "2006-12-31",
    "acceptedDate": "2006-12-31 00:00:00",
    "calendarYear": "2006",
    "period": "FY",
    "revenue": 20769000000,
    "costOfRevenue": 8146000000,
    "grossProfit": 12641000000,
    "grossProfitRatio": 0.6086475035,
    "researchAndDevelopmentExpenses": 304000000,
    "generalAndAdministrativeExpenses": 0,
    "sellingAndMarketingExpenses": 0,
    "sellingGeneralAndAdministrativeExpenses": 4332000000,
    "otherExpenses": 0,
    "operatingExpenses": 4636000000,
    "costAndExpenses": 12419000000,
    "interestIncome": 229000000,
    "interestExpense": 371000000,
    "depreciationAndAmortization": 658000000,
    "ebitda": 9232000000,
    "ebitdaratio": 0.4445086427,
    "operatingIncome": 8005000000,
    "operatingIncomeRatio": 0.3854302085,
    "totalOtherIncomeExpensesNet": 221000000,
    "incomeBeforeTax": 8226000000,
    "incomeBeforeTaxRatio": 0.3960710675,
    "incomeTaxExpense": 1829000000,
    "netIncome": 6146000000,
    "netIncomeRatio": 0.2959218065,
    "eps": 2.91,
    "epsdiluted": 2.91,
    "weightedAverageShsOut": 2109000000,
    "weightedAverageShsOutDil": 2109000000,
    "link": null,
    "finalLink": null
  },
  {
    "date": "2005-12-31",
    "symbol": "PM",
    "reportedCurrency": "USD",
    "cik": "0001413329",
    "fillingDate": "2005-12-31",
    "acceptedDate": "2005-12-31 00:00:00",
    "calendarYear": "2005",
    "period": "FY",
    "revenue": 45288000000,
    "costOfRevenue": 32920000000,
    "grossProfit": 12368000000,
    "grossProfitRatio": 0.273096626,
    "researchAndDevelopmentExpenses": 0,
    "generalAndAdministrativeExpenses": 0,
    "sellingAndMarketingExpenses": 0,
    "sellingGeneralAndAdministrativeExpenses": 4543000000,
    "otherExpenses": 90000000,
    "operatingExpenses": 4633000000,
    "costAndExpenses": 37553000000,
    "interestIncome": 0,
    "interestExpense": 94000000,
    "depreciationAndAmortization": 527000000,
    "ebitda": 8262000000,
    "ebitdaratio": 0.1824324324,
    "operatingIncome": 7735000000,
    "operatingIncomeRatio": 0.1707957958,
    "totalOtherIncomeExpensesNet": -94000000,
    "incomeBeforeTax": 7641000000,
    "incomeBeforeTaxRatio": 0.1687201908,
    "incomeTaxExpense": 1835000000,
    "netIncome": 5620000000,
    "netIncomeRatio": 0.1240946829,
    "eps": 2.71,
    "epsdiluted": 2.69,
    "weightedAverageShsOut": 2070000000,
    "weightedAverageShsOutDil": 2090000000,
    "link": null,
    "finalLink": null
  },
  {
    "date": "2004-12-31",
    "symbol": "PM",
    "reportedCurrency": "USD",
    "cik": "0001413329",
    "fillingDate": "2004-12-31",
    "acceptedDate": "2004-12-30 19:00:00",
    "calendarYear": "2004",
    "period": "FY",
    "revenue": 17583000000,
    "costOfRevenue": 6727000000,
    "grossProfit": 10856000000,
    "grossProfitRatio": 0.6174145481,
    "researchAndDevelopmentExpenses": 197000000,
    "generalAndAdministrativeExpenses": 0,
    "sellingAndMarketingExpenses": 0,
    "sellingGeneralAndAdministrativeExpenses": 3883000000,
    "otherExpenses": 0,
    "operatingExpenses": 4080000000,
    "costAndExpenses": 10807000000,
    "interestIncome": 0,
    "interestExpense": 4000000,
    "depreciationAndAmortization": 6000000,
    "ebitda": 6488000000,
    "ebitdaratio": 0.3689927771,
    "operatingIncome": 6776000000,
    "operatingIncomeRatio": 0.3853722345,
    "totalOtherIncomeExpensesNet": -298000000,
    "incomeBeforeTax": 6478000000,
    "incomeBeforeTaxRatio": 0.368424046,
    "incomeTaxExpense": 1762000000,
    "netIncome": 4570000000,
    "netIncomeRatio": 0.2599101405,
    "eps": 2.23,
    "epsdiluted": 2.22,
    "weightedAverageShsOut": 2047000000,
    "weightedAverageShsOutDil": 2063000000,
    "link": null,
    "finalLink": null
  },
  {
    "date": "2003-12-31",
    "symbol": "PM",
    "reportedCurrency": "USD",
    "cik": "0001413329",
    "fillingDate": "2003-12-31",
    "acceptedDate": "2003-12-31 00:00:00",
    "calendarYear": "2003",
    "period": "FY",
    "revenue": 33389000000,
    "costOfRevenue": 23821000000,
    "grossProfit": 9568000000,
    "grossProfitRatio": 0.2865614424,
    "researchAndDevelopmentExpenses": 0,
    "generalAndAdministrativeExpenses": 0,
    "sellingAndMarketingExpenses": 0,
    "sellingGeneralAndAdministrativeExpenses": 3372000000,
    "otherExpenses": 0,
    "operatingExpenses": 3372000000,
    "costAndExpenses": 27193000000,
    "interestIncome": 0,
    "interestExpense": 0,
    "depreciationAndAmortization": 370000000,
    "ebitda": 6566000000,
    "ebitdaratio": 0.1966515918,
    "operatingIncome": 6196000000,
    "operatingIncomeRatio": 0.1855700979,
    "totalOtherIncomeExpensesNet": 17000000,
    "incomeBeforeTax": 6213000000,
    "incomeBeforeTaxRatio": 0.1860792477,
    "incomeTaxExpense": 2090000000,
    "netIncome": 3975000000,
    "netIncomeRatio": 0.1190511845,
    "eps": 1.96,
    "epsdiluted": 1.95,
    "weightedAverageShsOut": 2028000000,
    "weightedAverageShsOutDil": 2038000000,
    "link": null,
    "finalLink": null
  },
  {
    "date": "2001-09-01",
    "symbol": "PM",
    "reportedCurrency": "USD",
    "cik": "0001413329",
    "fillingDate": "2023-02-09",
    "acceptedDate": "2023-02-09 07:03:51",
    "calendarYear": "2001",
    "period": "FY",
    "revenue": 8104000000,
    "costOfRevenue": 2807000000,
    "grossProfit": 5297000000,
    "grossProfitRatio": 0.6536278381,
    "researchAndDevelopmentExpenses": 0,
    "generalAndAdministrativeExpenses": 0,
    "sellingAndMarketingExpenses": 0,
    "sellingGeneralAndAdministrativeExpenses": 0,
    "otherExpenses": 2350000000,
    "operatingExpenses": 2350000000,
    "costAndExpenses": 5157000000,
    "interestIncome": 0,
    "interestExpense": 146000000,
    "depreciationAndAmortization": 0,
    "ebitda": 2947000000,
    "ebitdaratio": 0.3636475814,
    "operatingIncome": 2947000000,
    "operatingIncomeRatio": 0.3636475814,
    "totalOtherIncomeExpensesNet": -179000000,
    "incomeBeforeTax": 2768000000,
    "incomeBeforeTaxRatio": 0.3415597236,
    "incomeTaxExpense": 593000000,
    "netIncome": 2229000000,
    "netIncomeRatio": 0.2750493583,
    "eps": 1.1,
    "epsdiluted": 1.09,
    "weightedAverageShsOut": 2028000000,
    "weightedAverageShsOutDil": 2038000000,
    "link": "https://www.sec.gov/Archives/edgar/data/1413329/000141332923000020/0001413329-23-000020-index.htm",
    "finalLink": "https://www.sec.gov/Archives/edgar/data/1413329/000141332923000020/earningsreleasepm-ex991xfy.htm"
  }
]