[
  {
    "date": "2025-06-30",
    "symbol": "PNC",
    "reportedCurrency": "USD",
    "cik": "0000713676",
    "fillingDate": "2025-06-30",
    "acceptedDate": "2025-06-29 20:00:00",
    "calendarYear": "2025",
    "period": "Q2",
    "revenue": 8376000000,
    "costOfRevenue": 2969000000,
    "grossProfit": 5407000000,
    "grossProfitRatio": 0.6455348615,
    "researchAndDevelopmentExpenses": 0,
    "generalAndAdministrativeExpenses": 1890000000,
    "sellingAndMarketingExpenses": 99000000,
    "sellingGeneralAndAdministrativeExpenses": 1989000000,
    "otherExpenses": 1394000000,
    "operatingExpenses": 3383000000,
    "costAndExpenses": 6352000000,
    "interestIncome": 6270000000,
    "interestExpense": 2715000000,
    "depreciationAndAmortization": 0,
    "ebitda": 2024000000,
    "ebitdaratio": 0.2416427889,
    "operatingIncome": 2024000000,
    "operatingIncomeRatio": 0.2416427889,
    "totalOtherIncomeExpensesNet": 0,
    "incomeBeforeTax": 2024000000,
    "incomeBeforeTaxRatio": 0.2416427889,
    "incomeTaxExpense": 381000000,
    "netIncome": 1627000000,
    "netIncomeRatio": 0.1942454632,
    "eps": 3.86,
    "epsdiluted": 3.85,
    "weightedAverageShsOut": 397000000,
    "weightedAverageShsOutDil": 397000000,
    "link": "https://www.sec.gov/Archives/edgar/data/713676/000071367625000048/0000713676-25-000048-index.html",
    "finalLink": "https://www.sec.gov/Archives/edgar/data/713676/000071367625000048/q22025financialsupplement.htm"
  },
  {
    "date": "2025-03-31",
    "symbol": "PNC",
    "reportedCurrency": "USD",
    "cik": "0000713676",
    "fillingDate": "2025-05-02",
    "acceptedDate": "2025-05-02 12:24:34",
    "calendarYear": "2025",
    "period": "Q1",
    "revenue": 8101000000,
    "costOfRevenue": 2868000000,
    "grossProfit": 5233000000,
    "grossProfitRatio": 0.6459696334,
    "researchAndDevelopmentExpenses": 0,
    "generalAndAdministrativeExpenses": 1890000000,
    "sellingAndMarketingExpenses": 85000000,
    "sellingGeneralAndAdministrativeExpenses": 1975000000,
    "otherExpenses": 1412000000,
    "operatingExpenses": 3387000000,
    "costAndExpenses": 6255000000,
    "interestIncome": 6130000000,
    "interestExpense": 2654000000,
    "depreciationAndAmortization": 90000000,
    "ebitda": 1936000000,
    "ebitdaratio": 0.2389828416,
    "operatingIncome": 1846000000,
    "operatingIncomeRatio": 0.2278731021,
    "totalOtherIncomeExpensesNet": 0,
    "incomeBeforeTax": 1846000000,
    "incomeBeforeTaxRatio": 0.2278731021,
    "incomeTaxExpense": 347000000,
    "netIncome": 1481000000,
    "netIncomeRatio": 0.1828169362,
    "eps": 3.52,
    "epsdiluted": 3.51,
    "weightedAverageShsOut": 398000000,
    "weightedAverageShsOutDil": 398000000,
    "link": "https://www.sec.gov/Archives/edgar/data/713676/000162828025021752/0001628280-25-021752-index.htm",
    "finalLink": "https://www.sec.gov/Archives/edgar/data/713676/000162828025021752/pnc-20250331.htm"
  },
  {
    "date": "2024-12-31",
    "symbol": "PNC",
    "reportedCurrency": "USD",
    "cik": "0000713676",
    "fillingDate": "2025-02-21",
    "acceptedDate": "2025-02-21 12:21:08",
    "calendarYear": "2024",
    "period": "Q4",
    "revenue": 8532000000,
    "costOfRevenue": 3121000000,
    "grossProfit": 5411000000,
    "grossProfitRatio": 0.6342006564,
    "researchAndDevelopmentExpenses": 0,
    "generalAndAdministrativeExpenses": 1857000000,
    "sellingAndMarketingExpenses": 112000000,
    "sellingGeneralAndAdministrativeExpenses": 1969000000,
    "otherExpenses": 1537000000,
    "operatingExpenses": 3506000000,
    "costAndExpenses": 6627000000,
    "interestIncome": 6494000000,
    "interestExpense": 2971000000,
    "depreciationAndAmortization": 164000000,
    "ebitda": 2069000000,
    "ebitdaratio": 0.2424988279,
    "operatingIncome": 1905000000,
    "operatingIncomeRatio": 0.2232770745,
    "totalOtherIncomeExpensesNet": 0,
    "incomeBeforeTax": 1905000000,
    "incomeBeforeTaxRatio": 0.2232770745,
    "incomeTaxExpense": 278000000,
    "netIncome": 1610000000,
    "netIncomeRatio": 0.1887013596,
    "eps": 3.77,
    "epsdiluted": 3.77,
    "weightedAverageShsOut": 399000000,
    "weightedAverageShsOutDil": 399000000,
    "link": "https://www.sec.gov/Archives/edgar/data/713676/000071367625000027/0000713676-25-000027-index.htm",
    "finalLink": "https://www.sec.gov/Archives/edgar/data/713676/000071367625000027/pnc-20241231.htm"
  },
  {
    "date": "2024-09-30",
    "symbol": "PNC",
    "reportedCurrency": "USD",
    "cik": "0000713676",
    "fillingDate": "2024-11-01",
    "acceptedDate": "2024-11-01 11:08:52",
    "calendarYear": "2024",
    "period": "Q3",
    "revenue": 8843000000,
    "costOfRevenue": 3654000000,
    "grossProfit": 5189000000,
    "grossProfitRatio": 0.5867918127,
    "researchAndDevelopmentExpenses": 0,
    "generalAndAdministrativeExpenses": 1869000000,
    "sellingAndMarketingExpenses": 93000000,
    "sellingGeneralAndAdministrativeExpenses": 1962000000,
    "otherExpenses": 1365000000,
    "operatingExpenses": 3327000000,
    "costAndExpenses": 6981000000,
    "interestIncome": 6822000000,
    "interestExpense": 3412000000,
    "depreciationAndAmortization": 21000000,
    "ebitda": 1883000000,
    "ebitdaratio": 0.2129367862,
    "operatingIncome": 1862000000,
    "operatingIncomeRatio": 0.2105620265,
    "totalOtherIncomeExpensesNet": 0,
    "incomeBeforeTax": 1862000000,
    "incomeBeforeTaxRatio": 0.2105620265,
    "incomeTaxExpense": 357000000,
    "netIncome": 1490000000,
    "netIncomeRatio": 0.1684948547,
    "eps": 3.5,
    "epsdiluted": 3.49,
    "weightedAverageShsOut": 399000000,
    "weightedAverageShsOutDil": 400000000,
    "link": "https://www.sec.gov/Archives/edgar/data/713676/000071367624000081/0000713676-24-000081-index.htm",
    "finalLink": "https://www.sec.gov/Archives/edgar/data/713676/000071367624000081/pnc-20240930.htm"
  },
  {
    "date": "2024-06-30",
    "symbol": "PNC",
    "reportedCurrency": "USD",
    "cik": "0000713676",
    "fillingDate": "2024-08-02",
    "acceptedDate": "2024-08-02 10:12:25",
    "calendarYear": "2024",
    "period": "Q2",
    "revenue": 7937000000,
    "costOfRevenue": 3515000000,
    "grossProfit": 4422000000,
    "grossProfitRatio": 0.5571374575,
    "researchAndDevelopmentExpenses": 0,
    "generalAndAdministrativeExpenses": 1782000000,
    "sellingAndMarketingExpenses": 93000000,
    "sellingGeneralAndAdministrativeExpenses": 1875000000,
    "otherExpenses": 728000000,
    "operatingExpenses": 2603000000,
    "costAndExpenses": 6118000000,
    "interestIncome": 6568000000,
    "interestExpense": 3266000000,
    "depreciationAndAmortization": 37000000,
    "ebitda": 1856000000,
    "ebitdaratio": 0.2338415018,
    "operatingIncome": 1819000000,
    "operatingIncomeRatio": 0.2291797909,
    "totalOtherIncomeExpensesNet": 0,
    "incomeBeforeTax": 1819000000,
    "incomeBeforeTaxRatio": 0.2291797909,
    "incomeTaxExpense": 342000000,
    "netIncome": 1459000000,
    "netIncomeRatio": 0.183822603,
    "eps": 3.39,
    "epsdiluted": 3.39,
    "weightedAverageShsOut": 400000000,
    "weightedAverageShsOutDil": 400000000,
    "link": "https://www.sec.gov/Archives/edgar/data/713676/000071367624000068/0000713676-24-000068-index.htm",
    "finalLink": "https://www.sec.gov/Archives/edgar/data/713676/000071367624000068/pnc-20240630.htm"
  },
  {
    "date": "2024-03-31",
    "symbol": "PNC",
    "reportedCurrency": "USD",
    "cik": "0000713676",
    "fillingDate": "2024-05-02",
    "acceptedDate": "2024-05-02 12:26:26",
    "calendarYear": "2024",
    "period": "Q1",
    "revenue": 8382000000,
    "costOfRevenue": 3392000000,
    "grossProfit": 4990000000,
    "grossProfitRatio": 0.5953233119,
    "researchAndDevelopmentExpenses": 0,
    "generalAndAdministrativeExpenses": 1794000000,
    "sellingAndMarketingExpenses": 64000000,
    "sellingGeneralAndAdministrativeExpenses": 1858000000,
    "otherExpenses": 1476000000,
    "operatingExpenses": 3334000000,
    "costAndExpenses": 6726000000,
    "interestIncome": 6500000000,
    "interestExpense": 3236000000,
    "depreciationAndAmortization": 37000000,
    "ebitda": 1693000000,
    "ebitdaratio": 0.2019804343,
    "operatingIncome": 1656000000,
    "operatingIncomeRatio": 0.1975662133,
    "totalOtherIncomeExpensesNet": 0,
    "incomeBeforeTax": 1656000000,
    "incomeBeforeTaxRatio": 0.1975662133,
    "incomeTaxExpense": 312000000,
    "netIncome": 1330000000,
    "netIncomeRatio": 0.1586733476,
    "eps": 3.1,
    "epsdiluted": 3.1,
    "weightedAverageShsOut": 400000000,
    "weightedAverageShsOutDil": 400000000,
    "link": "https://www.sec.gov/Archives/edgar/data/713676/000071367624000046/0000713676-24-000046-index.htm",
    "finalLink": "https://www.sec.gov/Archives/edgar/data/713676/000071367624000046/pnc-20240331.htm"
  },
  {
    "date": "2023-12-31",
    "symbol": "PNC",
    "reportedCurrency": "USD",
    "cik": "0000713676",
    "fillingDate": "2024-02-21",
    "acceptedDate": "2024-02-21 16:33:59",
    "calendarYear": "2023",
    "period": "Q4",
    "revenue": 8472000000,
    "costOfRevenue": 3343000000,
    "grossProfit": 5129000000,
    "grossProfitRatio": 0.6054060434,
    "researchAndDevelopmentExpenses": 0,
    "generalAndAdministrativeExpenses": 1983000000,
    "sellingAndMarketingExpenses": 74000000,
    "sellingGeneralAndAdministrativeExpenses": 2057000000,
    "otherExpenses": 2017000000,
    "operatingExpenses": 4074000000,
    "costAndExpenses": 7417000000,
    "interestIncome": 6502000000,
    "interestExpense": 3099000000,
    "depreciationAndAmortization": 43000000,
    "ebitda": 1098000000,
    "ebitdaratio": 0.1296033994,
    "operatingIncome": 1055000000,
    "operatingIncomeRatio": 0.1245278565,
    "totalOtherIncomeExpensesNet": 0,
    "incomeBeforeTax": 1055000000,
    "incomeBeforeTaxRatio": 0.1245278565,
    "incomeTaxExpense": 172000000,
    "netIncome": 864000000,
    "netIncomeRatio": 0.1019830028,
    "eps": 1.85,
    "epsdiluted": 1.85,
    "weightedAverageShsOut": 400000000,
    "weightedAverageShsOutDil": 401000000,
    "link": "https://www.sec.gov/Archives/edgar/data/713676/000071367624000028/0000713676-24-000028-index.htm",
    "finalLink": "https://www.sec.gov/Archives/edgar/data/713676/000071367624000028/pnc-20231231.htm"
  },
  {
    "date": "2023-09-30",
    "symbol": "PNC",
    "reportedCurrency": "USD",
    "cik": "0000713676",
    "fillingDate": "2023-11-02",
    "acceptedDate": "2023-11-02 15:54:24",
    "calendarYear": "2023",
    "period": "Q3",
    "revenue": 8018000000,
    "costOfRevenue": 2914000000,
    "grossProfit": 5104000000,
    "grossProfitRatio": 0.6365677226,
    "researchAndDevelopmentExpenses": 0,
    "generalAndAdministrativeExpenses": 1773000000,
    "sellingAndMarketingExpenses": 93000000,
    "sellingGeneralAndAdministrativeExpenses": 1866000000,
    "otherExpenses": 1379000000,
    "operatingExpenses": 3245000000,
    "costAndExpenses": 6159000000,
    "interestIncome": 6203000000,
    "interestExpense": 2785000000,
    "depreciationAndAmortization": 49000000,
    "ebitda": 1908000000,
    "ebitdaratio": 0.2379645797,
    "operatingIncome": 1859000000,
    "operatingIncomeRatio": 0.23185333,
    "totalOtherIncomeExpensesNet": 0,
    "incomeBeforeTax": 1859000000,
    "incomeBeforeTaxRatio": 0.23185333,
    "incomeTaxExpense": 289000000,
    "netIncome": 1554000000,
    "netIncomeRatio": 0.1938139187,
    "eps": 3.6,
    "epsdiluted": 3.6,
    "weightedAverageShsOut": 400000000,
    "weightedAverageShsOutDil": 400000000,
    "link": "https://www.sec.gov/Archives/edgar/data/713676/000071367623000079/0000713676-23-000079-index.htm",
    "finalLink": "https://www.sec.gov/Archives/edgar/data/713676/000071367623000079/pnc-20230930.htm"
  },
  {
    "date": "2023-06-30",
    "symbol": "PNC",
    "reportedCurrency": "USD",
    "cik": "0000713676",
    "fillingDate": "2023-08-02",
    "acceptedDate": "2023-08-02 15:42:56",
    "calendarYear": "2023",
    "period": "Q2",
    "revenue": 7727000000,
    "costOfRevenue": 2580000000,
    "grossProfit": 5147000000,
    "grossProfitRatio": 0.6661058626,
    "researchAndDevelopmentExpenses": 0,
    "generalAndAdministrativeExpenses": 1846000000,
    "sellingAndMarketingExpenses": 109000000,
    "sellingGeneralAndAdministrativeExpenses": 1955000000,
    "otherExpenses": 1417000000,
    "operatingExpenses": 3372000000,
    "costAndExpenses": 5952000000,
    "interestIncome": 5944000000,
    "interestExpense": 2434000000,
    "depreciationAndAmortization": 60000000,
    "ebitda": 1835000000,
    "ebitdaratio": 0.2374789698,
    "operatingIncome": 1775000000,
    "operatingIncomeRatio": 0.2297139899,
    "totalOtherIncomeExpensesNet": 0,
    "incomeBeforeTax": 1775000000,
    "incomeBeforeTaxRatio": 0.2297139899,
    "incomeTaxExpense": 275000000,
    "netIncome": 1483000000,
    "netIncomeRatio": 0.1919244209,
    "eps": 3.36,
    "epsdiluted": 3.36,
    "weightedAverageShsOut": 401000000,
    "weightedAverageShsOutDil": 401000000,
    "link": "https://www.sec.gov/Archives/edgar/data/713676/000071367623000058/0000713676-23-000058-index.htm",
    "finalLink": "https://www.sec.gov/Archives/edgar/data/713676/000071367623000058/pnc-20230630.htm"
  },
  {
    "date": "2023-03-31",
    "symbol": "PNC",
    "reportedCurrency": "USD",
    "cik": "0000713676",
    "fillingDate": "2023-05-02",
    "acceptedDate": "2023-05-02 15:13:19",
    "calendarYear": "2023",
    "period": "Q1",
    "revenue": 7649000000,
    "costOfRevenue": 2281000000,
    "grossProfit": 5368000000,
    "grossProfitRatio": 0.7017910838,
    "researchAndDevelopmentExpenses": 0,
    "generalAndAdministrativeExpenses": 1826000000,
    "sellingAndMarketingExpenses": 74000000,
    "sellingGeneralAndAdministrativeExpenses": 1900000000,
    "otherExpenses": 1421000000,
    "operatingExpenses": 3321000000,
    "costAndExpenses": 5602000000,
    "interestIncome": 5659000000,
    "interestExpense": 2074000000,
    "depreciationAndAmortization": 65000000,
    "ebitda": 2112000000,
    "ebitdaratio": 0.2761145248,
    "operatingIncome": 2047000000,
    "operatingIncomeRatio": 0.2676166819,
    "totalOtherIncomeExpensesNet": 0,
    "incomeBeforeTax": 2047000000,
    "incomeBeforeTaxRatio": 0.2676166819,
    "incomeTaxExpense": 353000000,
    "netIncome": 1677000000,
    "netIncomeRatio": 0.2192443457,
    "eps": 3.99,
    "epsdiluted": 3.98,
    "weightedAverageShsOut": 401000000,
    "weightedAverageShsOutDil": 402000000,
    "link": "https://www.sec.gov/Archives/edgar/data/713676/000071367623000037/0000713676-23-000037-index.htm",
    "finalLink": "https://www.sec.gov/Archives/edgar/data/713676/000071367623000037/pnc-20230331.htm"
  },
  {
    "date": "2022-12-31",
    "symbol": "PNC",
    "reportedCurrency": "USD",
    "cik": "0000713676",
    "fillingDate": "2023-02-22",
    "acceptedDate": "2023-02-22 16:06:13",
    "calendarYear": "2022",
    "period": "Q4",
    "revenue": 7172000000,
    "costOfRevenue": 1817000000,
    "grossProfit": 5355000000,
    "grossProfitRatio": 0.7466536531,
    "researchAndDevelopmentExpenses": 0,
    "generalAndAdministrativeExpenses": 1943000000,
    "sellingAndMarketingExpenses": 106000000,
    "sellingGeneralAndAdministrativeExpenses": 2049000000,
    "otherExpenses": 1425000000,
    "operatingExpenses": 3474000000,
    "costAndExpenses": 5291000000,
    "interestIncome": 5109000000,
    "interestExpense": 1425000000,
    "depreciationAndAmortization": 64000000,
    "ebitda": 1945000000,
    "ebitdaratio": 0.2711935304,
    "operatingIncome": 1881000000,
    "operatingIncomeRatio": 0.2622699387,
    "totalOtherIncomeExpensesNet": 0,
    "incomeBeforeTax": 1881000000,
    "incomeBeforeTaxRatio": 0.2622699387,
    "incomeTaxExpense": 333000000,
    "netIncome": 1528000000,
    "netIncomeRatio": 0.2130507529,
    "eps": 3.47,
    "epsdiluted": 3.47,
    "weightedAverageShsOut": 404000000,
    "weightedAverageShsOutDil": 404000000,
    "link": "https://www.sec.gov/Archives/edgar/data/713676/000071367623000020/0000713676-23-000020-index.htm",
    "finalLink": "https://www.sec.gov/Archives/edgar/data/713676/000071367623000020/pnc-20221231.htm"
  },
  {
    "date": "2022-09-30",
    "symbol": "PNC",
    "reportedCurrency": "USD",
    "cik": "0000713676",
    "fillingDate": "2022-11-02",
    "acceptedDate": "2022-11-02 11:21:52",
    "calendarYear": "2022",
    "period": "Q3",
    "revenue": 6207000000,
    "costOfRevenue": 899000000,
    "grossProfit": 5308000000,
    "grossProfitRatio": 0.8551635251,
    "researchAndDevelopmentExpenses": 0,
    "generalAndAdministrativeExpenses": 1805000000,
    "sellingAndMarketingExpenses": 93000000,
    "sellingGeneralAndAdministrativeExpenses": 1898000000,
    "otherExpenses": 1382000000,
    "operatingExpenses": 3280000000,
    "costAndExpenses": 4179000000,
    "interestIncome": 4132000000,
    "interestExpense": 657000000,
    "depreciationAndAmortization": 58000000,
    "ebitda": 2086000000,
    "ebitdaratio": 0.3360721766,
    "operatingIncome": 2028000000,
    "operatingIncomeRatio": 0.3267278879,
    "totalOtherIncomeExpensesNet": 0,
    "incomeBeforeTax": 2028000000,
    "incomeBeforeTaxRatio": 0.3267278879,
    "incomeTaxExpense": 388000000,
    "netIncome": 1624000000,
    "netIncomeRatio": 0.2616400838,
    "eps": 3.78,
    "epsdiluted": 3.78,
    "weightedAverageShsOut": 410000000,
    "weightedAverageShsOutDil": 410000000,
    "link": "https://www.sec.gov/Archives/edgar/data/713676/000071367622000092/0000713676-22-000092-index.htm",
    "finalLink": "https://www.sec.gov/Archives/edgar/data/713676/000071367622000092/pnc-20220930.htm"
  },
  {
    "date": "2022-06-30",
    "symbol": "PNC",
    "reportedCurrency": "USD",
    "cik": "0000713676",
    "fillingDate": "2022-08-02",
    "acceptedDate": "2022-08-02 11:06:59",
    "calendarYear": "2022",
    "period": "Q2",
    "revenue": 5346000000,
    "costOfRevenue": 266000000,
    "grossProfit": 5080000000,
    "grossProfitRatio": 0.9502431725,
    "researchAndDevelopmentExpenses": 0,
    "generalAndAdministrativeExpenses": 1779000000,
    "sellingAndMarketingExpenses": 95000000,
    "sellingGeneralAndAdministrativeExpenses": 1874000000,
    "otherExpenses": 1370000000,
    "operatingExpenses": 3244000000,
    "costAndExpenses": 3510000000,
    "interestIncome": 3281000000,
    "interestExpense": 230000000,
    "depreciationAndAmortization": 144000000,
    "ebitda": 1980000000,
    "ebitdaratio": 0.3703703704,
    "operatingIncome": 1836000000,
    "operatingIncomeRatio": 0.3434343434,
    "totalOtherIncomeExpensesNet": 0,
    "incomeBeforeTax": 1836000000,
    "incomeBeforeTaxRatio": 0.3434343434,
    "incomeTaxExpense": 340000000,
    "netIncome": 1481000000,
    "netIncomeRatio": 0.2770295548,
    "eps": 3.39,
    "epsdiluted": 3.39,
    "weightedAverageShsOut": 414000000,
    "weightedAverageShsOutDil": 414000000,
    "link": "https://www.sec.gov/Archives/edgar/data/713676/000071367622000072/0000713676-22-000072-index.htm",
    "finalLink": "https://www.sec.gov/Archives/edgar/data/713676/000071367622000072/pnc-20220630.htm"
  },
  {
    "date": "2022-03-31",
    "symbol": "PNC",
    "reportedCurrency": "USD",
    "cik": "0000713676",
    "fillingDate": "2022-05-04",
    "acceptedDate": "2022-05-04 11:41:21",
    "calendarYear": "2022",
    "period": "Q1",
    "revenue": 4815000000,
    "costOfRevenue": -85000000,
    "grossProfit": 4900000000,
    "grossProfitRatio": 1.0176531672,
    "researchAndDevelopmentExpenses": 0,
    "generalAndAdministrativeExpenses": 1717000000,
    "sellingAndMarketingExpenses": 61000000,
    "sellingGeneralAndAdministrativeExpenses": 1778000000,
    "otherExpenses": 1394000000,
    "operatingExpenses": 3172000000,
    "costAndExpenses": 3087000000,
    "interestIncome": 2914000000,
    "interestExpense": 110000000,
    "depreciationAndAmortization": 385000000,
    "ebitda": 2113000000,
    "ebitdaratio": 0.4388369678,
    "operatingIncome": 1728000000,
    "operatingIncomeRatio": 0.3588785047,
    "totalOtherIncomeExpensesNet": 0,
    "incomeBeforeTax": 1728000000,
    "incomeBeforeTaxRatio": 0.3588785047,
    "incomeTaxExpense": 299000000,
    "netIncome": 1408000000,
    "netIncomeRatio": 0.2924195223,
    "eps": 3.23,
    "epsdiluted": 3.23,
    "weightedAverageShsOut": 420000000,
    "weightedAverageShsOutDil": 420000000,
    "link": "https://www.sec.gov/Archives/edgar/data/713676/000071367622000047/0000713676-22-000047-index.htm",
    "finalLink": "https://www.sec.gov/Archives/edgar/data/713676/000071367622000047/pnc-20220331.htm"
  },
  {
    "date": "2021-12-31",
    "symbol": "PNC",
    "reportedCurrency": "USD",
    "cik": "0000713676",
    "fillingDate": "2022-02-25",
    "acceptedDate": "2022-02-25 17:17:06",
    "calendarYear": "2021",
    "period": "Q4",
    "revenue": 5221000000,
    "costOfRevenue": -233000000,
    "grossProfit": 5454000000,
    "grossProfitRatio": 1.044627466,
    "researchAndDevelopmentExpenses": 0,
    "generalAndAdministrativeExpenses": 2038000000,
    "sellingAndMarketingExpenses": 97000000,
    "sellingGeneralAndAdministrativeExpenses": 2135000000,
    "otherExpenses": 1656000000,
    "operatingExpenses": 3791000000,
    "costAndExpenses": 3558000000,
    "interestIncome": 2975000000,
    "interestExpense": 113000000,
    "depreciationAndAmortization": 558000000,
    "ebitda": 2221000000,
    "ebitdaratio": 0.4253974334,
    "operatingIncome": 1663000000,
    "operatingIncomeRatio": 0.3185213561,
    "totalOtherIncomeExpensesNet": 0,
    "incomeBeforeTax": 1663000000,
    "incomeBeforeTaxRatio": 0.3185213561,
    "incomeTaxExpense": 357000000,
    "netIncome": 1293000000,
    "netIncomeRatio": 0.2476537062,
    "eps": 2.87,
    "epsdiluted": 2.86,
    "weightedAverageShsOut": 424000000,
    "weightedAverageShsOutDil": 424000000,
    "link": "https://www.sec.gov/Archives/edgar/data/713676/000071367622000019/0000713676-22-000019-index.htm",
    "finalLink": "https://www.sec.gov/Archives/edgar/data/713676/000071367622000019/pnc-20211231.htm"
  },
  {
    "date": "2021-09-30",
    "symbol": "PNC",
    "reportedCurrency": "USD",
    "cik": "0000713676",
    "fillingDate": "2021-11-03",
    "acceptedDate": "2021-11-03 12:08:06",
    "calendarYear": "2021",
    "period": "Q3",
    "revenue": 5316000000,
    "costOfRevenue": -84000000,
    "grossProfit": 5400000000,
    "grossProfitRatio": 1.0158013544,
    "researchAndDevelopmentExpenses": 0,
    "generalAndAdministrativeExpenses": 1986000000,
    "sellingAndMarketingExpenses": 103000000,
    "sellingGeneralAndAdministrativeExpenses": 2089000000,
    "otherExpenses": 1498000000,
    "operatingExpenses": 3587000000,
    "costAndExpenses": 3503000000,
    "interestIncome": 2975000000,
    "interestExpense": 119000000,
    "depreciationAndAmortization": 421000000,
    "ebitda": 2234000000,
    "ebitdaratio": 0.4202407825,
    "operatingIncome": 1813000000,
    "operatingIncomeRatio": 0.3410458992,
    "totalOtherIncomeExpensesNet": 0,
    "incomeBeforeTax": 1813000000,
    "incomeBeforeTaxRatio": 0.3410458992,
    "incomeTaxExpense": 323000000,
    "netIncome": 1474000000,
    "netIncomeRatio": 0.2772761475,
    "eps": 3.31,
    "epsdiluted": 3.3,
    "weightedAverageShsOut": 426000000,
    "weightedAverageShsOutDil": 426000000,
    "link": "https://www.sec.gov/Archives/edgar/data/713676/000071367621000122/0000713676-21-000122-index.htm",
    "finalLink": "https://www.sec.gov/Archives/edgar/data/713676/000071367621000122/pnc-20210930.htm"
  },
  {
    "date": "2021-06-30",
    "symbol": "PNC",
    "reportedCurrency": "USD",
    "cik": "0000713676",
    "fillingDate": "2021-08-06",
    "acceptedDate": "2021-08-06 10:58:28",
    "calendarYear": "2021",
    "period": "Q2",
    "revenue": 4787000000,
    "costOfRevenue": 422000000,
    "grossProfit": 4365000000,
    "grossProfitRatio": 0.9118445791,
    "researchAndDevelopmentExpenses": 0,
    "generalAndAdministrativeExpenses": 1640000000,
    "sellingAndMarketingExpenses": 74000000,
    "sellingGeneralAndAdministrativeExpenses": 1714000000,
    "otherExpenses": 1336000000,
    "operatingExpenses": 3050000000,
    "costAndExpenses": 3472000000,
    "interestIncome": 2701000000,
    "interestExpense": 120000000,
    "depreciationAndAmortization": 419000000,
    "ebitda": 1734000000,
    "ebitdaratio": 0.3622310424,
    "operatingIncome": 1315000000,
    "operatingIncomeRatio": 0.2747023188,
    "totalOtherIncomeExpensesNet": 0,
    "incomeBeforeTax": 1315000000,
    "incomeBeforeTaxRatio": 0.2747023188,
    "incomeTaxExpense": 212000000,
    "netIncome": 1091000000,
    "netIncomeRatio": 0.22790892,
    "eps": 2.43,
    "epsdiluted": 2.43,
    "weightedAverageShsOut": 425000000,
    "weightedAverageShsOutDil": 427000000,
    "link": "https://www.sec.gov/Archives/edgar/data/713676/000071367621000095/0000713676-21-000095-index.htm",
    "finalLink": "https://www.sec.gov/Archives/edgar/data/713676/000071367621000095/pnc-20210630.htm"
  },
  {
    "date": "2021-03-31",
    "symbol": "PNC",
    "reportedCurrency": "USD",
    "cik": "0000713676",
    "fillingDate": "2021-05-05",
    "acceptedDate": "2021-05-05 12:07:38",
    "calendarYear": "2021",
    "period": "Q1",
    "revenue": 4327000000,
    "costOfRevenue": -444000000,
    "grossProfit": 4771000000,
    "grossProfitRatio": 1.1026115091,
    "researchAndDevelopmentExpenses": 0,
    "generalAndAdministrativeExpenses": 1477000000,
    "sellingAndMarketingExpenses": 45000000,
    "sellingGeneralAndAdministrativeExpenses": 1522000000,
    "otherExpenses": 1052000000,
    "operatingExpenses": 2574000000,
    "costAndExpenses": 2130000000,
    "interestIncome": 2483000000,
    "interestExpense": 135000000,
    "depreciationAndAmortization": 375000000,
    "ebitda": 2572000000,
    "ebitdaratio": 0.5944072105,
    "operatingIncome": 2197000000,
    "operatingIncomeRatio": 0.5077420846,
    "totalOtherIncomeExpensesNet": 0,
    "incomeBeforeTax": 2197000000,
    "incomeBeforeTaxRatio": 0.5077420846,
    "incomeTaxExpense": 371000000,
    "netIncome": 1816000000,
    "netIncomeRatio": 0.4196903166,
    "eps": 4.11,
    "epsdiluted": 4.1,
    "weightedAverageShsOut": 426000000,
    "weightedAverageShsOutDil": 426000000,
    "link": "https://www.sec.gov/Archives/edgar/data/713676/000071367621000063/0000713676-21-000063-index.htm",
    "finalLink": "https://www.sec.gov/Archives/edgar/data/713676/000071367621000063/pnc-20210331.htm"
  },
  {
    "date": "2020-12-31",
    "symbol": "PNC",
    "reportedCurrency": "USD",
    "cik": "0000713676",
    "fillingDate": "2021-02-26",
    "acceptedDate": "2021-02-26 13:29:49",
    "calendarYear": "2020",
    "period": "Q4",
    "revenue": 4345000000,
    "costOfRevenue": -117000000,
    "grossProfit": 4462000000,
    "grossProfitRatio": 1.0269275029,
    "researchAndDevelopmentExpenses": 0,
    "generalAndAdministrativeExpenses": 1521000000,
    "sellingAndMarketingExpenses": 64000000,
    "sellingGeneralAndAdministrativeExpenses": 1585000000,
    "otherExpenses": 1123000000,
    "operatingExpenses": 2708000000,
    "costAndExpenses": 2591000000,
    "interestIncome": 2576000000,
    "interestExpense": 152000000,
    "depreciationAndAmortization": 553000000,
    "ebitda": 2307000000,
    "ebitdaratio": 0.5309551208,
    "operatingIncome": 1754000000,
    "operatingIncomeRatio": 0.4036823936,
    "totalOtherIncomeExpensesNet": 0,
    "incomeBeforeTax": 1754000000,
    "incomeBeforeTaxRatio": 0.4036823936,
    "incomeTaxExpense": 298000000,
    "netIncome": 5997000000,
    "netIncomeRatio": 1.3802071346,
    "eps": 13.98,
    "epsdiluted": 13.98,
    "weightedAverageShsOut": 425000000,
    "weightedAverageShsOutDil": 426000000,
    "link": "https://www.sec.gov/Archives/edgar/data/713676/000071367621000025/0000713676-21-000025-index.htm",
    "finalLink": "https://www.sec.gov/Archives/edgar/data/713676/000071367621000025/pnc-20201231.htm"
  },
  {
    "date": "2020-09-30",
    "symbol": "PNC",
    "reportedCurrency": "USD",
    "cik": "0000713676",
    "fillingDate": "2020-11-03",
    "acceptedDate": "2020-11-03 10:15:47",
    "calendarYear": "2020",
    "period": "Q3",
    "revenue": 4425000000,
    "costOfRevenue": 196000000,
    "grossProfit": 4229000000,
    "grossProfitRatio": 0.9557062147,
    "researchAndDevelopmentExpenses": 0,
    "generalAndAdministrativeExpenses": 1410000000,
    "sellingAndMarketingExpenses": 67000000,
    "sellingGeneralAndAdministrativeExpenses": 1477000000,
    "otherExpenses": 1054000000,
    "operatingExpenses": 2531000000,
    "costAndExpenses": 2727000000,
    "interestIncome": 2676000000,
    "interestExpense": 192000000,
    "depreciationAndAmortization": 232000000,
    "ebitda": 1930000000,
    "ebitdaratio": 0.4361581921,
    "operatingIncome": 1698000000,
    "operatingIncomeRatio": 0.3837288136,
    "totalOtherIncomeExpensesNet": 0,
    "incomeBeforeTax": 1698000000,
    "incomeBeforeTaxRatio": 0.3837288136,
    "incomeTaxExpense": 166000000,
    "netIncome": 1519000000,
    "netIncomeRatio": 0.3432768362,
    "eps": 3.4,
    "epsdiluted": 3.39,
    "weightedAverageShsOut": 424000000,
    "weightedAverageShsOutDil": 426000000,
    "link": "https://www.sec.gov/Archives/edgar/data/713676/000071367620000139/0000713676-20-000139-index.htm",
    "finalLink": "https://www.sec.gov/Archives/edgar/data/713676/000071367620000139/pncq3202010-q.htm"
  },
  {
    "date": "2020-06-30",
    "symbol": "PNC",
    "reportedCurrency": "USD",
    "cik": "0000713676",
    "fillingDate": "2020-08-04",
    "acceptedDate": "2020-08-04 11:29:48",
    "calendarYear": "2020",
    "period": "Q2",
    "revenue": 4373000000,
    "costOfRevenue": 2760000000,
    "grossProfit": 1613000000,
    "grossProfitRatio": 0.3688543334,
    "researchAndDevelopmentExpenses": 0,
    "generalAndAdministrativeExpenses": 1373000000,
    "sellingAndMarketingExpenses": 47000000,
    "sellingGeneralAndAdministrativeExpenses": 1420000000,
    "otherExpenses": 1095000000,
    "operatingExpenses": 2515000000,
    "costAndExpenses": 5275000000,
    "interestIncome": 2855000000,
    "interestExpense": 328000000,
    "depreciationAndAmortization": 384000000,
    "ebitda": -518000000,
    "ebitdaratio": -0.1184541505,
    "operatingIncome": -902000000,
    "operatingIncomeRatio": -0.2062657215,
    "totalOtherIncomeExpensesNet": 0,
    "incomeBeforeTax": -902000000,
    "incomeBeforeTaxRatio": -0.2062657215,
    "incomeTaxExpense": -158000000,
    "netIncome": 3648000000,
    "netIncomeRatio": 0.8342099245,
    "eps": 8.4,
    "epsdiluted": 8.4,
    "weightedAverageShsOut": 425000000,
    "weightedAverageShsOutDil": 426000000,
    "link": "https://www.sec.gov/Archives/edgar/data/713676/000071367620000115/0000713676-20-000115-index.htm",
    "finalLink": "https://www.sec.gov/Archives/edgar/data/713676/000071367620000115/pncq2202010-q.htm"
  },
  {
    "date": "2020-03-31",
    "symbol": "PNC",
    "reportedCurrency": "USD",
    "cik": "0000713676",
    "fillingDate": "2020-05-05",
    "acceptedDate": "2020-05-05 11:56:20",
    "calendarYear": "2020",
    "period": "Q1",
    "revenue": 5016000000,
    "costOfRevenue": 1594000000,
    "grossProfit": 3422000000,
    "grossProfitRatio": 0.6822169059,
    "researchAndDevelopmentExpenses": 0,
    "generalAndAdministrativeExpenses": 1369000000,
    "sellingAndMarketingExpenses": 58000000,
    "sellingGeneralAndAdministrativeExpenses": 1427000000,
    "otherExpenses": 1116000000,
    "operatingExpenses": 2543000000,
    "costAndExpenses": 4137000000,
    "interestIncome": 3200000000,
    "interestExpense": 689000000,
    "depreciationAndAmortization": 328000000,
    "ebitda": 1207000000,
    "ebitdaratio": 0.2406299841,
    "operatingIncome": 879000000,
    "operatingIncomeRatio": 0.1752392344,
    "totalOtherIncomeExpensesNet": 0,
    "incomeBeforeTax": 879000000,
    "incomeBeforeTaxRatio": 0.1752392344,
    "incomeTaxExpense": 120000000,
    "netIncome": 908000000,
    "netIncomeRatio": 0.1810207337,
    "eps": 1.96,
    "epsdiluted": 1.95,
    "weightedAverageShsOut": 429000000,
    "weightedAverageShsOutDil": 430000000,
    "link": "https://www.sec.gov/Archives/edgar/data/713676/000071367620000078/0000713676-20-000078-index.htm",
    "finalLink": "https://www.sec.gov/Archives/edgar/data/713676/000071367620000078/pncq1202010-q.htm"
  },
  {
    "date": "2019-12-31",
    "symbol": "PNC",
    "reportedCurrency": "USD",
    "cik": "0000713676",
    "fillingDate": "2020-03-02",
    "acceptedDate": "2020-02-28 19:05:36",
    "calendarYear": "2019",
    "period": "Q4",
    "revenue": 5455000000,
    "costOfRevenue": 1067000000,
    "grossProfit": 4388000000,
    "grossProfitRatio": 0.8043996334,
    "researchAndDevelopmentExpenses": 0,
    "generalAndAdministrativeExpenses": 1468000000,
    "sellingAndMarketingExpenses": 77000000,
    "sellingGeneralAndAdministrativeExpenses": 1545000000,
    "otherExpenses": 1217000000,
    "operatingExpenses": 2762000000,
    "costAndExpenses": 3829000000,
    "interestIncome": 3334000000,
    "interestExpense": 846000000,
    "depreciationAndAmortization": 411000000,
    "ebitda": 2037000000,
    "ebitdaratio": 0.3734188818,
    "operatingIncome": 1626000000,
    "operatingIncomeRatio": 0.2980751604,
    "totalOtherIncomeExpensesNet": 0,
    "incomeBeforeTax": 1626000000,
    "incomeBeforeTaxRatio": 0.2980751604,
    "incomeTaxExpense": 245000000,
    "netIncome": 1367000000,
    "netIncomeRatio": 0.2505957837,
    "eps": 2.98,
    "epsdiluted": 2.97,
    "weightedAverageShsOut": 437000000,
    "weightedAverageShsOutDil": 438000000,
    "link": "https://www.sec.gov/Archives/edgar/data/713676/000071367620000042/0000713676-20-000042-index.htm",
    "finalLink": "https://www.sec.gov/Archives/edgar/data/713676/000071367620000042/pnc201910-k.htm"
  },
  {
    "date": "2019-09-30",
    "symbol": "PNC",
    "reportedCurrency": "USD",
    "cik": "0000713676",
    "fillingDate": "2019-11-04",
    "acceptedDate": "2019-11-04 10:49:53",
    "calendarYear": "2019",
    "period": "Q3",
    "revenue": 5241000000,
    "costOfRevenue": 1182000000,
    "grossProfit": 4059000000,
    "grossProfitRatio": 0.7744705209,
    "researchAndDevelopmentExpenses": 0,
    "generalAndAdministrativeExpenses": 1400000000,
    "sellingAndMarketingExpenses": 76000000,
    "sellingGeneralAndAdministrativeExpenses": 1476000000,
    "otherExpenses": 1147000000,
    "operatingExpenses": 2623000000,
    "costAndExpenses": 3805000000,
    "interestIncome": 3503000000,
    "interestExpense": 999000000,
    "depreciationAndAmortization": 325000000,
    "ebitda": 1761000000,
    "ebitdaratio": 0.3360045793,
    "operatingIncome": 1436000000,
    "operatingIncomeRatio": 0.2739935127,
    "totalOtherIncomeExpensesNet": 0,
    "incomeBeforeTax": 1436000000,
    "incomeBeforeTaxRatio": 0.2739935127,
    "incomeTaxExpense": 255000000,
    "netIncome": 1168000000,
    "netIncomeRatio": 0.2228582332,
    "eps": 2.46,
    "epsdiluted": 2.46,
    "weightedAverageShsOut": 444000000,
    "weightedAverageShsOutDil": 445000000,
    "link": "https://www.sec.gov/Archives/edgar/data/713676/000071367619000073/0000713676-19-000073-index.htm",
    "finalLink": "https://www.sec.gov/Archives/edgar/data/713676/000071367619000073/pncq3201910-q.htm"
  },
  {
    "date": "2019-06-30",
    "symbol": "PNC",
    "reportedCurrency": "USD",
    "cik": "0000713676",
    "fillingDate": "2019-08-01",
    "acceptedDate": "2019-08-01 14:56:35",
    "calendarYear": "2019",
    "period": "Q2",
    "revenue": 5214000000,
    "costOfRevenue": 1179000000,
    "grossProfit": 4035000000,
    "grossProfitRatio": 0.7738780207,
    "researchAndDevelopmentExpenses": 0,
    "generalAndAdministrativeExpenses": 1365000000,
    "sellingAndMarketingExpenses": 83000000,
    "sellingGeneralAndAdministrativeExpenses": 1448000000,
    "otherExpenses": 1163000000,
    "operatingExpenses": 2611000000,
    "costAndExpenses": 3790000000,
    "interestIncome": 3497000000,
    "interestExpense": 999000000,
    "depreciationAndAmortization": 307000000,
    "ebitda": 1731000000,
    "ebitdaratio": 0.331990794,
    "operatingIncome": 1424000000,
    "operatingIncomeRatio": 0.2731108554,
    "totalOtherIncomeExpensesNet": 0,
    "incomeBeforeTax": 1424000000,
    "incomeBeforeTaxRatio": 0.2731108554,
    "incomeTaxExpense": 239000000,
    "netIncome": 1362000000,
    "netIncomeRatio": 0.2612197929,
    "eps": 2.89,
    "epsdiluted": 2.88,
    "weightedAverageShsOut": 451000000,
    "weightedAverageShsOutDil": 452000000,
    "link": "https://www.sec.gov/Archives/edgar/data/713676/000071367619000055/0000713676-19-000055-index.htm",
    "finalLink": "https://www.sec.gov/Archives/edgar/data/713676/000071367619000055/pncq2201910-q.htm"
  },
  {
    "date": "2019-03-31",
    "symbol": "PNC",
    "reportedCurrency": "USD",
    "cik": "0000713676",
    "fillingDate": "2019-05-03",
    "acceptedDate": "2019-05-03 09:09:59",
    "calendarYear": "2019",
    "period": "Q1",
    "revenue": 5239000000,
    "costOfRevenue": 1142000000,
    "grossProfit": 4097000000,
    "grossProfitRatio": 0.7820194694,
    "researchAndDevelopmentExpenses": 0,
    "generalAndAdministrativeExpenses": 1414000000,
    "sellingAndMarketingExpenses": 65000000,
    "sellingGeneralAndAdministrativeExpenses": 1479000000,
    "otherExpenses": 1099000000,
    "operatingExpenses": 2578000000,
    "costAndExpenses": 3720000000,
    "interestIncome": 3428000000,
    "interestExpense": 953000000,
    "depreciationAndAmortization": 272000000,
    "ebitda": 1791000000,
    "ebitdaratio": 0.3418591334,
    "operatingIncome": 1519000000,
    "operatingIncomeRatio": 0.2899408284,
    "totalOtherIncomeExpensesNet": 0,
    "incomeBeforeTax": 1519000000,
    "incomeBeforeTaxRatio": 0.2899408284,
    "incomeTaxExpense": 248000000,
    "netIncome": 1261000000,
    "netIncomeRatio": 0.2406947891,
    "eps": 2.62,
    "epsdiluted": 2.61,
    "weightedAverageShsOut": 455000000,
    "weightedAverageShsOutDil": 456000000,
    "link": "https://www.sec.gov/Archives/edgar/data/713676/000071367619000035/0000713676-19-000035-index.htm",
    "finalLink": "https://www.sec.gov/Archives/edgar/data/713676/000071367619000035/pncq1201910-q.htm"
  },
  {
    "date": "2018-12-31",
    "symbol": "PNC",
    "reportedCurrency": "USD",
    "cik": "0000713676",
    "fillingDate": "2019-03-01",
    "acceptedDate": "2019-03-01 09:19:59",
    "calendarYear": "2018",
    "period": "Q4",
    "revenue": 5218000000,
    "costOfRevenue": 1026000000,
    "grossProfit": 4192000000,
    "grossProfitRatio": 0.8033729398,
    "researchAndDevelopmentExpenses": 0,
    "generalAndAdministrativeExpenses": 1348000000,
    "sellingAndMarketingExpenses": 84000000,
    "sellingGeneralAndAdministrativeExpenses": 1432000000,
    "otherExpenses": 1145000000,
    "operatingExpenses": 2577000000,
    "costAndExpenses": 3603000000,
    "interestIncome": 3359000000,
    "interestExpense": 878000000,
    "depreciationAndAmortization": 290000000,
    "ebitda": 1905000000,
    "ebitdaratio": 0.3650824071,
    "operatingIncome": 1615000000,
    "operatingIncomeRatio": 0.3095055577,
    "totalOtherIncomeExpensesNet": 0,
    "incomeBeforeTax": 1615000000,
    "incomeBeforeTaxRatio": 0.3095055577,
    "incomeTaxExpense": 264000000,
    "netIncome": 1337000000,
    "netIncomeRatio": 0.25622844,
    "eps": 2.77,
    "epsdiluted": 2.75,
    "weightedAverageShsOut": 461000000,
    "weightedAverageShsOutDil": 463000000,
    "link": "https://www.sec.gov/Archives/edgar/data/713676/000071367619000015/0000713676-19-000015-index.htm",
    "finalLink": "https://www.sec.gov/Archives/edgar/data/713676/000071367619000015/pnc201810k.htm"
  },
  {
    "date": "2018-09-30",
    "symbol": "PNC",
    "reportedCurrency": "USD",
    "cik": "0000713676",
    "fillingDate": "2018-11-01",
    "acceptedDate": "2018-11-01 12:49:07",
    "calendarYear": "2018",
    "period": "Q3",
    "revenue": 5114000000,
    "costOfRevenue": 845000000,
    "grossProfit": 4269000000,
    "grossProfitRatio": 0.8347673054,
    "researchAndDevelopmentExpenses": 0,
    "generalAndAdministrativeExpenses": 1413000000,
    "sellingAndMarketingExpenses": 71000000,
    "sellingGeneralAndAdministrativeExpenses": 1484000000,
    "otherExpenses": 1124000000,
    "operatingExpenses": 2608000000,
    "costAndExpenses": 3453000000,
    "interestIncome": 3223000000,
    "interestExpense": 757000000,
    "depreciationAndAmortization": 272000000,
    "ebitda": 1933000000,
    "ebitdaratio": 0.3779820102,
    "operatingIncome": 1661000000,
    "operatingIncomeRatio": 0.3247946813,
    "totalOtherIncomeExpensesNet": 0,
    "incomeBeforeTax": 1661000000,
    "incomeBeforeTaxRatio": 0.3247946813,
    "incomeTaxExpense": 261000000,
    "netIncome": 1389000000,
    "netIncomeRatio": 0.2716073524,
    "eps": 2.84,
    "epsdiluted": 2.82,
    "weightedAverageShsOut": 465000000,
    "weightedAverageShsOutDil": 467000000,
    "link": "https://www.sec.gov/Archives/edgar/data/713676/000071367618000081/0000713676-18-000081-index.htm",
    "finalLink": "https://www.sec.gov/Archives/edgar/data/713676/000071367618000081/pncq3201810-q.htm"
  },
  {
    "date": "2018-06-30",
    "symbol": "PNC",
    "reportedCurrency": "USD",
    "cik": "0000713676",
    "fillingDate": "2018-08-02",
    "acceptedDate": "2018-08-02 15:30:43",
    "calendarYear": "2018",
    "period": "Q2",
    "revenue": 4993000000,
    "costOfRevenue": 749000000,
    "grossProfit": 4244000000,
    "grossProfitRatio": 0.849989986,
    "researchAndDevelopmentExpenses": 0,
    "generalAndAdministrativeExpenses": 1356000000,
    "sellingAndMarketingExpenses": 75000000,
    "sellingGeneralAndAdministrativeExpenses": 1431000000,
    "otherExpenses": 1153000000,
    "operatingExpenses": 2584000000,
    "costAndExpenses": 3333000000,
    "interestIncome": 3082000000,
    "interestExpense": 669000000,
    "depreciationAndAmortization": 287000000,
    "ebitda": 1947000000,
    "ebitdaratio": 0.3899459243,
    "operatingIncome": 1660000000,
    "operatingIncomeRatio": 0.3324654516,
    "totalOtherIncomeExpensesNet": 0,
    "incomeBeforeTax": 1660000000,
    "incomeBeforeTaxRatio": 0.3324654516,
    "incomeTaxExpense": 304000000,
    "netIncome": 1346000000,
    "netIncomeRatio": 0.2695774084,
    "eps": 2.74,
    "epsdiluted": 2.72,
    "weightedAverageShsOut": 469000000,
    "weightedAverageShsOutDil": 472000000,
    "link": "https://www.sec.gov/Archives/edgar/data/713676/000071367618000065/0000713676-18-000065-index.htm",
    "finalLink": "https://www.sec.gov/Archives/edgar/data/713676/000071367618000065/pncq2201810-q.htm"
  },
  {
    "date": "2018-03-31",
    "symbol": "PNC",
    "reportedCurrency": "USD",
    "cik": "0000713676",
    "fillingDate": "2018-05-03",
    "acceptedDate": "2018-05-03 13:12:52",
    "calendarYear": "2018",
    "period": "Q1",
    "revenue": 4668000000,
    "costOfRevenue": 649000000,
    "grossProfit": 4019000000,
    "grossProfitRatio": 0.8609682948,
    "researchAndDevelopmentExpenses": 0,
    "generalAndAdministrativeExpenses": 1354000000,
    "sellingAndMarketingExpenses": 55000000,
    "sellingGeneralAndAdministrativeExpenses": 1409000000,
    "otherExpenses": 1118000000,
    "operatingExpenses": 2527000000,
    "costAndExpenses": 3176000000,
    "interestIncome": 2918000000,
    "interestExpense": 557000000,
    "depreciationAndAmortization": 280000000,
    "ebitda": 1772000000,
    "ebitdaratio": 0.3796058269,
    "operatingIncome": 1492000000,
    "operatingIncomeRatio": 0.3196229649,
    "totalOtherIncomeExpensesNet": 0,
    "incomeBeforeTax": 1492000000,
    "incomeBeforeTaxRatio": 0.3196229649,
    "incomeTaxExpense": 253000000,
    "netIncome": 1229000000,
    "netIncomeRatio": 0.2632819195,
    "eps": 2.45,
    "epsdiluted": 2.43,
    "weightedAverageShsOut": 473000000,
    "weightedAverageShsOutDil": 476000000,
    "link": "https://www.sec.gov/Archives/edgar/data/713676/000071367618000052/0000713676-18-000052-index.htm",
    "finalLink": "https://www.sec.gov/Archives/edgar/data/713676/000071367618000052/pncq1201810-q.htm"
  },
  {
    "date": "2017-12-31",
    "symbol": "PNC",
    "reportedCurrency": "USD",
    "cik": "0000713676",
    "fillingDate": "2018-02-28",
    "acceptedDate": "2018-02-28 17:20:39",
    "calendarYear": "2017",
    "period": "Q4",
    "revenue": 4740000000,
    "costOfRevenue": 605000000,
    "grossProfit": 4135000000,
    "grossProfitRatio": 0.8723628692,
    "researchAndDevelopmentExpenses": 0,
    "generalAndAdministrativeExpenses": 1438000000,
    "sellingAndMarketingExpenses": 60000000,
    "sellingGeneralAndAdministrativeExpenses": 1498000000,
    "otherExpenses": 1563000000,
    "operatingExpenses": 3061000000,
    "costAndExpenses": 3666000000,
    "interestIncome": 2825000000,
    "interestExpense": 480000000,
    "depreciationAndAmortization": 258000000,
    "ebitda": 1332000000,
    "ebitdaratio": 0.2810126582,
    "operatingIncome": 1074000000,
    "operatingIncomeRatio": 0.2265822785,
    "totalOtherIncomeExpensesNet": 0,
    "incomeBeforeTax": 1074000000,
    "incomeBeforeTaxRatio": 0.2265822785,
    "incomeTaxExpense": -1017000000,
    "netIncome": 2080000000,
    "netIncomeRatio": 0.4388185654,
    "eps": 4.23,
    "epsdiluted": 4.18,
    "weightedAverageShsOut": 476000000,
    "weightedAverageShsOutDil": 480000000,
    "link": "https://www.sec.gov/Archives/edgar/data/713676/000071367618000032/0000713676-18-000032-index.htm",
    "finalLink": "https://www.sec.gov/Archives/edgar/data/713676/000071367618000032/pnc-12312017x10k.htm"
  },
  {
    "date": "2017-09-30",
    "symbol": "PNC",
    "reportedCurrency": "USD",
    "cik": "0000713676",
    "fillingDate": "2017-10-31",
    "acceptedDate": "2017-10-31 16:51:47",
    "calendarYear": "2017",
    "period": "Q3",
    "revenue": 4575000000,
    "costOfRevenue": 580000000,
    "grossProfit": 3995000000,
    "grossProfitRatio": 0.8732240437,
    "researchAndDevelopmentExpenses": 0,
    "generalAndAdministrativeExpenses": 1286000000,
    "sellingAndMarketingExpenses": 62000000,
    "sellingGeneralAndAdministrativeExpenses": 1348000000,
    "otherExpenses": 1108000000,
    "operatingExpenses": 2456000000,
    "costAndExpenses": 3036000000,
    "interestIncome": 2795000000,
    "interestExpense": 450000000,
    "depreciationAndAmortization": 291000000,
    "ebitda": 1830000000,
    "ebitdaratio": 0.4,
    "operatingIncome": 1539000000,
    "operatingIncomeRatio": 0.3363934426,
    "totalOtherIncomeExpensesNet": 0,
    "incomeBeforeTax": 1539000000,
    "incomeBeforeTaxRatio": 0.3363934426,
    "incomeTaxExpense": 413000000,
    "netIncome": 1114000000,
    "netIncomeRatio": 0.2434972678,
    "eps": 2.18,
    "epsdiluted": 2.16,
    "weightedAverageShsOut": 479000000,
    "weightedAverageShsOutDil": 483000000,
    "link": "https://www.sec.gov/Archives/edgar/data/713676/000071367617000013/0000713676-17-000013-index.htm",
    "finalLink": "https://www.sec.gov/Archives/edgar/data/713676/000071367617000013/pnc3q1710-q.htm"
  },
  {
    "date": "2017-06-30",
    "symbol": "PNC",
    "reportedCurrency": "USD",
    "cik": "0000713676",
    "fillingDate": "2017-08-02",
    "acceptedDate": "2017-08-02 12:10:55",
    "calendarYear": "2017",
    "period": "Q2",
    "revenue": 4476000000,
    "costOfRevenue": 514000000,
    "grossProfit": 3962000000,
    "grossProfitRatio": 0.8851653262,
    "researchAndDevelopmentExpenses": 0,
    "generalAndAdministrativeExpenses": 1276000000,
    "sellingAndMarketingExpenses": 67000000,
    "sellingGeneralAndAdministrativeExpenses": 1343000000,
    "otherExpenses": 1136000000,
    "operatingExpenses": 2479000000,
    "costAndExpenses": 2993000000,
    "interestIncome": 2674000000,
    "interestExpense": 416000000,
    "depreciationAndAmortization": 289000000,
    "ebitda": 1772000000,
    "ebitdaratio": 0.3958891868,
    "operatingIncome": 1483000000,
    "operatingIncomeRatio": 0.3313226095,
    "totalOtherIncomeExpensesNet": 0,
    "incomeBeforeTax": 1483000000,
    "incomeBeforeTaxRatio": 0.3313226095,
    "incomeTaxExpense": 386000000,
    "netIncome": 1087000000,
    "netIncomeRatio": 0.2428507596,
    "eps": 2.12,
    "epsdiluted": 2.1,
    "weightedAverageShsOut": 484000000,
    "weightedAverageShsOutDil": 488000000,
    "link": "https://www.sec.gov/Archives/edgar/data/713676/000119312517245392/0001193125-17-245392-index.htm",
    "finalLink": "https://www.sec.gov/Archives/edgar/data/713676/000119312517245392/d366657d10q.htm"
  },
  {
    "date": "2017-03-31",
    "symbol": "PNC",
    "reportedCurrency": "USD",
    "cik": "0000713676",
    "fillingDate": "2017-05-03",
    "acceptedDate": "2017-05-03 13:51:11",
    "calendarYear": "2017",
    "period": "Q1",
    "revenue": 4244000000,
    "costOfRevenue": 448000000,
    "grossProfit": 3796000000,
    "grossProfitRatio": 0.8944392083,
    "researchAndDevelopmentExpenses": 0,
    "generalAndAdministrativeExpenses": 1257000000,
    "sellingAndMarketingExpenses": 55000000,
    "sellingGeneralAndAdministrativeExpenses": 1312000000,
    "otherExpenses": 1090000000,
    "operatingExpenses": 2402000000,
    "costAndExpenses": 2850000000,
    "interestIncome": 2520000000,
    "interestExpense": 360000000,
    "depreciationAndAmortization": 279000000,
    "ebitda": 1673000000,
    "ebitdaratio": 0.3942035815,
    "operatingIncome": 1394000000,
    "operatingIncomeRatio": 0.3284637135,
    "totalOtherIncomeExpensesNet": 0,
    "incomeBeforeTax": 1394000000,
    "incomeBeforeTaxRatio": 0.3284637135,
    "incomeTaxExpense": 320000000,
    "netIncome": 1057000000,
    "netIncomeRatio": 0.2490574929,
    "eps": 1.99,
    "epsdiluted": 1.96,
    "weightedAverageShsOut": 487000000,
    "weightedAverageShsOutDil": 492000000,
    "link": "https://www.sec.gov/Archives/edgar/data/713676/000119312517155839/0001193125-17-155839-index.htm",
    "finalLink": "https://www.sec.gov/Archives/edgar/data/713676/000119312517155839/d324114d10q.htm"
  },
  {
    "date": "2016-12-31",
    "symbol": "PNC",
    "reportedCurrency": "USD",
    "cik": "0000713676",
    "fillingDate": "2017-02-28",
    "acceptedDate": "2017-02-28 16:56:13",
    "calendarYear": "2016",
    "period": "Q4",
    "revenue": 4197000000,
    "costOfRevenue": 390000000,
    "grossProfit": 3807000000,
    "grossProfitRatio": 0.9070764832,
    "researchAndDevelopmentExpenses": 0,
    "generalAndAdministrativeExpenses": 1231000000,
    "sellingAndMarketingExpenses": 60000000,
    "sellingGeneralAndAdministrativeExpenses": 1291000000,
    "otherExpenses": 1150000000,
    "operatingExpenses": 2441000000,
    "costAndExpenses": 2831000000,
    "interestIncome": 2453000000,
    "interestExpense": 323000000,
    "depreciationAndAmortization": 276000000,
    "ebitda": 1642000000,
    "ebitdaratio": 0.3912318323,
    "operatingIncome": 1366000000,
    "operatingIncomeRatio": 0.3254705742,
    "totalOtherIncomeExpensesNet": 0,
    "incomeBeforeTax": 1366000000,
    "incomeBeforeTaxRatio": 0.3254705742,
    "incomeTaxExpense": 319000000,
    "netIncome": 1025000000,
    "netIncomeRatio": 0.2442220634,
    "eps": 2.01,
    "epsdiluted": 1.97,
    "weightedAverageShsOut": 487000000,
    "weightedAverageShsOutDil": 494000000,
    "link": "https://www.sec.gov/Archives/edgar/data/713676/000119312517062524/0001193125-17-062524-index.htm",
    "finalLink": "https://www.sec.gov/Archives/edgar/data/713676/000119312517062524/d300732d10k.htm"
  },
  {
    "date": "2016-09-30",
    "symbol": "PNC",
    "reportedCurrency": "USD",
    "cik": "0000713676",
    "fillingDate": "2016-11-04",
    "acceptedDate": "2016-11-04 07:51:53",
    "calendarYear": "2016",
    "period": "Q3",
    "revenue": 4142000000,
    "costOfRevenue": 400000000,
    "grossProfit": 3742000000,
    "grossProfitRatio": 0.9034282955,
    "researchAndDevelopmentExpenses": 0,
    "generalAndAdministrativeExpenses": 1239000000,
    "sellingAndMarketingExpenses": 72000000,
    "sellingGeneralAndAdministrativeExpenses": 1311000000,
    "otherExpenses": 1083000000,
    "operatingExpenses": 2394000000,
    "costAndExpenses": 2794000000,
    "interestIncome": 2408000000,
    "interestExpense": 313000000,
    "depreciationAndAmortization": 356000000,
    "ebitda": 1704000000,
    "ebitdaratio": 0.4113954611,
    "operatingIncome": 1348000000,
    "operatingIncomeRatio": 0.3254466441,
    "totalOtherIncomeExpensesNet": 0,
    "incomeBeforeTax": 1348000000,
    "incomeBeforeTaxRatio": 0.3254466441,
    "incomeTaxExpense": 342000000,
    "netIncome": 988000000,
    "netIncomeRatio": 0.2385321101,
    "eps": 1.87,
    "epsdiluted": 1.84,
    "weightedAverageShsOut": 490000000,
    "weightedAverageShsOutDil": 496000000,
    "link": "https://www.sec.gov/Archives/edgar/data/713676/000119312516759559/0001193125-16-759559-index.htm",
    "finalLink": "https://www.sec.gov/Archives/edgar/data/713676/000119312516759559/d249048d10q.htm"
  },
  {
    "date": "2016-06-30",
    "symbol": "PNC",
    "reportedCurrency": "USD",
    "cik": "0000713676",
    "fillingDate": "2016-08-03",
    "acceptedDate": "2016-08-03 12:45:43",
    "calendarYear": "2016",
    "period": "Q2",
    "revenue": 4110000000,
    "costOfRevenue": 443000000,
    "grossProfit": 3667000000,
    "grossProfitRatio": 0.8922141119,
    "researchAndDevelopmentExpenses": 0,
    "generalAndAdministrativeExpenses": 1226000000,
    "sellingAndMarketingExpenses": 61000000,
    "sellingGeneralAndAdministrativeExpenses": 1287000000,
    "otherExpenses": 1073000000,
    "operatingExpenses": 2360000000,
    "costAndExpenses": 2803000000,
    "interestIncome": 2384000000,
    "interestExpense": 316000000,
    "depreciationAndAmortization": 291000000,
    "ebitda": 1598000000,
    "ebitdaratio": 0.3888077859,
    "operatingIncome": 1307000000,
    "operatingIncomeRatio": 0.3180048662,
    "totalOtherIncomeExpensesNet": 0,
    "incomeBeforeTax": 1307000000,
    "incomeBeforeTaxRatio": 0.3180048662,
    "incomeTaxExpense": 318000000,
    "netIncome": 966000000,
    "netIncomeRatio": 0.2350364964,
    "eps": 1.84,
    "epsdiluted": 1.82,
    "weightedAverageShsOut": 497000000,
    "weightedAverageShsOutDil": 503000000,
    "link": "https://www.sec.gov/Archives/edgar/data/713676/000119312516669661/0001193125-16-669661-index.htm",
    "finalLink": "https://www.sec.gov/Archives/edgar/data/713676/000119312516669661/d209081d10q.htm"
  },
  {
    "date": "2016-03-31",
    "symbol": "PNC",
    "reportedCurrency": "USD",
    "cik": "0000713676",
    "fillingDate": "2016-05-04",
    "acceptedDate": "2016-05-04 14:17:45",
    "calendarYear": "2016",
    "period": "Q1",
    "revenue": 3974000000,
    "costOfRevenue": 461000000,
    "grossProfit": 3513000000,
    "grossProfitRatio": 0.8839959738,
    "researchAndDevelopmentExpenses": 0,
    "generalAndAdministrativeExpenses": 1145000000,
    "sellingAndMarketingExpenses": 54000000,
    "sellingGeneralAndAdministrativeExpenses": 1199000000,
    "otherExpenses": 1082000000,
    "operatingExpenses": 2281000000,
    "costAndExpenses": 2742000000,
    "interestIncome": 2407000000,
    "interestExpense": 309000000,
    "depreciationAndAmortization": 270000000,
    "ebitda": 1502000000,
    "ebitdaratio": 0.3779567187,
    "operatingIncome": 1232000000,
    "operatingIncomeRatio": 0.3100150981,
    "totalOtherIncomeExpensesNet": 0,
    "incomeBeforeTax": 1232000000,
    "incomeBeforeTaxRatio": 0.3100150981,
    "incomeTaxExpense": 289000000,
    "netIncome": 924000000,
    "netIncomeRatio": 0.2325113236,
    "eps": 1.7,
    "epsdiluted": 1.68,
    "weightedAverageShsOut": 501000000,
    "weightedAverageShsOutDil": 507000000,
    "link": "https://www.sec.gov/Archives/edgar/data/713676/000119312516577177/0001193125-16-577177-index.htm",
    "finalLink": "https://www.sec.gov/Archives/edgar/data/713676/000119312516577177/d170252d10q.htm"
  },
  {
    "date": "2015-12-31",
    "symbol": "PNC",
    "reportedCurrency": "USD",
    "cik": "0000713676",
    "fillingDate": "2016-02-29",
    "acceptedDate": "2016-02-26 18:10:56",
    "calendarYear": "2015",
    "period": "Q4",
    "revenue": 4119000000,
    "costOfRevenue": 340000000,
    "grossProfit": 3779000000,
    "grossProfitRatio": 0.9174556931,
    "researchAndDevelopmentExpenses": 0,
    "generalAndAdministrativeExpenses": 1252000000,
    "sellingAndMarketingExpenses": 56000000,
    "sellingGeneralAndAdministrativeExpenses": 1308000000,
    "otherExpenses": 1088000000,
    "operatingExpenses": 2396000000,
    "costAndExpenses": 2736000000,
    "interestIncome": 2358000000,
    "interestExpense": 266000000,
    "depreciationAndAmortization": 286000000,
    "ebitda": 1669000000,
    "ebitdaratio": 0.4051954358,
    "operatingIncome": 1383000000,
    "operatingIncomeRatio": 0.3357611071,
    "totalOtherIncomeExpensesNet": 0,
    "incomeBeforeTax": 1383000000,
    "incomeBeforeTaxRatio": 0.3357611071,
    "incomeTaxExpense": 361000000,
    "netIncome": 1008000000,
    "netIncomeRatio": 0.2447195921,
    "eps": 1.88,
    "epsdiluted": 1.84,
    "weightedAverageShsOut": 506000000,
    "weightedAverageShsOutDil": 513000000,
    "link": "https://www.sec.gov/Archives/edgar/data/713676/000119312516482577/0001193125-16-482577-index.htm",
    "finalLink": "https://www.sec.gov/Archives/edgar/data/713676/000119312516482577/d100758d10k.htm"
  },
  {
    "date": "2015-09-30",
    "symbol": "PNC",
    "reportedCurrency": "USD",
    "cik": "0000713676",
    "fillingDate": "2015-11-05",
    "acceptedDate": "2015-11-04 18:27:48",
    "calendarYear": "2015",
    "period": "Q3",
    "revenue": 4054000000,
    "costOfRevenue": 360000000,
    "grossProfit": 3694000000,
    "grossProfitRatio": 0.911198816,
    "researchAndDevelopmentExpenses": 0,
    "generalAndAdministrativeExpenses": 1222000000,
    "sellingAndMarketingExpenses": 64000000,
    "sellingGeneralAndAdministrativeExpenses": 1286000000,
    "otherExpenses": 1066000000,
    "operatingExpenses": 2352000000,
    "costAndExpenses": 2712000000,
    "interestIncome": 2341000000,
    "interestExpense": 279000000,
    "depreciationAndAmortization": 272000000,
    "ebitda": 1614000000,
    "ebitdaratio": 0.3981253083,
    "operatingIncome": 1342000000,
    "operatingIncomeRatio": 0.3310310804,
    "totalOtherIncomeExpensesNet": 0,
    "incomeBeforeTax": 1342000000,
    "incomeBeforeTaxRatio": 0.3310310804,
    "incomeTaxExpense": 269000000,
    "netIncome": 1055000000,
    "netIncomeRatio": 0.2602368032,
    "eps": 1.93,
    "epsdiluted": 1.9,
    "weightedAverageShsOut": 512000000,
    "weightedAverageShsOutDil": 520000000,
    "link": "https://www.sec.gov/Archives/edgar/data/713676/000119312515366426/0001193125-15-366426-index.htm",
    "finalLink": "https://www.sec.gov/Archives/edgar/data/713676/000119312515366426/d83155d10q.htm"
  },
  {
    "date": "2015-06-30",
    "symbol": "PNC",
    "reportedCurrency": "USD",
    "cik": "0000713676",
    "fillingDate": "2015-08-05",
    "acceptedDate": "2015-08-05 09:31:49",
    "calendarYear": "2015",
    "period": "Q2",
    "revenue": 4119000000,
    "costOfRevenue": 299000000,
    "grossProfit": 3820000000,
    "grossProfitRatio": 0.9274095654,
    "researchAndDevelopmentExpenses": 0,
    "generalAndAdministrativeExpenses": 1200000000,
    "sellingAndMarketingExpenses": 67000000,
    "sellingGeneralAndAdministrativeExpenses": 1267000000,
    "otherExpenses": 1099000000,
    "operatingExpenses": 2366000000,
    "costAndExpenses": 2665000000,
    "interestIncome": 2305000000,
    "interestExpense": 253000000,
    "depreciationAndAmortization": 278000000,
    "ebitda": 1732000000,
    "ebitdaratio": 0.4204904103,
    "operatingIncome": 1454000000,
    "operatingIncomeRatio": 0.3529983006,
    "totalOtherIncomeExpensesNet": 0,
    "incomeBeforeTax": 1454000000,
    "incomeBeforeTaxRatio": 0.3529983006,
    "incomeTaxExpense": 410000000,
    "netIncome": 1040000000,
    "netIncomeRatio": 0.2524884681,
    "eps": 1.92,
    "epsdiluted": 1.88,
    "weightedAverageShsOut": 517000000,
    "weightedAverageShsOutDil": 525000000,
    "link": "https://www.sec.gov/Archives/edgar/data/713676/000119312515277885/0001193125-15-277885-index.htm",
    "finalLink": "https://www.sec.gov/Archives/edgar/data/713676/000119312515277885/d943118d10q.htm"
  },
  {
    "date": "2015-03-31",
    "symbol": "PNC",
    "reportedCurrency": "USD",
    "cik": "0000713676",
    "fillingDate": "2015-05-07",
    "acceptedDate": "2015-05-07 11:46:24",
    "calendarYear": "2015",
    "period": "Q1",
    "revenue": 3978000000,
    "costOfRevenue": 301000000,
    "grossProfit": 3677000000,
    "grossProfitRatio": 0.9243338361,
    "researchAndDevelopmentExpenses": 0,
    "generalAndAdministrativeExpenses": 1157000000,
    "sellingAndMarketingExpenses": 62000000,
    "sellingGeneralAndAdministrativeExpenses": 1219000000,
    "otherExpenses": 1130000000,
    "operatingExpenses": 2349000000,
    "costAndExpenses": 2650000000,
    "interestIncome": 2319000000,
    "interestExpense": 247000000,
    "depreciationAndAmortization": 252000000,
    "ebitda": 1580000000,
    "ebitdaratio": 0.3971845148,
    "operatingIncome": 1328000000,
    "operatingIncomeRatio": 0.3338360985,
    "totalOtherIncomeExpensesNet": 0,
    "incomeBeforeTax": 1328000000,
    "incomeBeforeTaxRatio": 0.3338360985,
    "incomeTaxExpense": 324000000,
    "netIncome": 1003000000,
    "netIncomeRatio": 0.2521367521,
    "eps": 1.79,
    "epsdiluted": 1.75,
    "weightedAverageShsOut": 521000000,
    "weightedAverageShsOutDil": 529000000,
    "link": "https://www.sec.gov/Archives/edgar/data/713676/000119312515176399/0001193125-15-176399-index.htm",
    "finalLink": "https://www.sec.gov/Archives/edgar/data/713676/000119312515176399/d897345d10q.htm"
  },
  {
    "date": "2014-12-31",
    "symbol": "PNC",
    "reportedCurrency": "USD",
    "cik": "0000713676",
    "fillingDate": "2015-03-02",
    "acceptedDate": "2015-02-27 17:51:38",
    "calendarYear": "2014",
    "period": "Q4",
    "revenue": 4093000000,
    "costOfRevenue": 292000000,
    "grossProfit": 3801000000,
    "grossProfitRatio": 0.9286586856,
    "researchAndDevelopmentExpenses": 0,
    "generalAndAdministrativeExpenses": 1170000000,
    "sellingAndMarketingExpenses": 67000000,
    "sellingGeneralAndAdministrativeExpenses": 1237000000,
    "otherExpenses": 1208000000,
    "operatingExpenses": 2445000000,
    "costAndExpenses": 2737000000,
    "interestIncome": 2337000000,
    "interestExpense": 240000000,
    "depreciationAndAmortization": 264000000,
    "ebitda": 1620000000,
    "ebitdaratio": 0.3957977034,
    "operatingIncome": 1356000000,
    "operatingIncomeRatio": 0.3312973369,
    "totalOtherIncomeExpensesNet": 0,
    "incomeBeforeTax": 1356000000,
    "incomeBeforeTaxRatio": 0.3312973369,
    "incomeTaxExpense": 299000000,
    "netIncome": 1036000000,
    "netIncomeRatio": 0.2531150745,
    "eps": 1.88,
    "epsdiluted": 1.84,
    "weightedAverageShsOut": 524000000,
    "weightedAverageShsOutDil": 532000000,
    "link": "https://www.sec.gov/Archives/edgar/data/713676/000119312515070443/0001193125-15-070443-index.htm",
    "finalLink": "https://www.sec.gov/Archives/edgar/data/713676/000119312515070443/d836469d10k.htm"
  },
  {
    "date": "2014-09-30",
    "symbol": "PNC",
    "reportedCurrency": "USD",
    "cik": "0000713676",
    "fillingDate": "2014-11-05",
    "acceptedDate": "2014-11-05 15:06:34",
    "calendarYear": "2014",
    "period": "Q3",
    "revenue": 4065000000,
    "costOfRevenue": 279000000,
    "grossProfit": 3786000000,
    "grossProfitRatio": 0.9313653137,
    "researchAndDevelopmentExpenses": 0,
    "generalAndAdministrativeExpenses": 1189000000,
    "sellingAndMarketingExpenses": 66000000,
    "sellingGeneralAndAdministrativeExpenses": 1255000000,
    "otherExpenses": 1102000000,
    "operatingExpenses": 2357000000,
    "costAndExpenses": 2636000000,
    "interestIncome": 2328000000,
    "interestExpense": 224000000,
    "depreciationAndAmortization": 248000000,
    "ebitda": 1677000000,
    "ebitdaratio": 0.4125461255,
    "operatingIncome": 1429000000,
    "operatingIncomeRatio": 0.3515375154,
    "totalOtherIncomeExpensesNet": 0,
    "incomeBeforeTax": 1429000000,
    "incomeBeforeTaxRatio": 0.3515375154,
    "incomeTaxExpense": 391000000,
    "netIncome": 1037000000,
    "netIncomeRatio": 0.255104551,
    "eps": 1.82,
    "epsdiluted": 1.79,
    "weightedAverageShsOut": 529000000,
    "weightedAverageShsOutDil": 537000000,
    "link": "https://www.sec.gov/Archives/edgar/data/713676/000119312514398221/0001193125-14-398221-index.htm",
    "finalLink": "https://www.sec.gov/Archives/edgar/data/713676/000119312514398221/d786733d10q.htm"
  },
  {
    "date": "2014-06-30",
    "symbol": "PNC",
    "reportedCurrency": "USD",
    "cik": "0000713676",
    "fillingDate": "2014-08-07",
    "acceptedDate": "2014-08-07 15:45:13",
    "calendarYear": "2014",
    "period": "Q2",
    "revenue": 4037000000,
    "costOfRevenue": 299000000,
    "grossProfit": 3738000000,
    "grossProfitRatio": 0.9259351003,
    "researchAndDevelopmentExpenses": 0,
    "generalAndAdministrativeExpenses": 1172000000,
    "sellingAndMarketingExpenses": 68000000,
    "sellingGeneralAndAdministrativeExpenses": 1240000000,
    "otherExpenses": 1088000000,
    "operatingExpenses": 2328000000,
    "costAndExpenses": 2627000000,
    "interestIncome": 2356000000,
    "interestExpense": 227000000,
    "depreciationAndAmortization": 240000000,
    "ebitda": 1650000000,
    "ebitdaratio": 0.408719346,
    "operatingIncome": 1410000000,
    "operatingIncomeRatio": 0.3492692594,
    "totalOtherIncomeExpensesNet": 0,
    "incomeBeforeTax": 1410000000,
    "incomeBeforeTaxRatio": 0.3492692594,
    "incomeTaxExpense": 358000000,
    "netIncome": 1049000000,
    "netIncomeRatio": 0.2598464206,
    "eps": 1.88,
    "epsdiluted": 1.85,
    "weightedAverageShsOut": 532000000,
    "weightedAverageShsOutDil": 539000000,
    "link": "https://www.sec.gov/Archives/edgar/data/713676/000119312514300595/0001193125-14-300595-index.htm",
    "finalLink": "https://www.sec.gov/Archives/edgar/data/713676/000119312514300595/d739722d10q.htm"
  },
  {
    "date": "2014-03-31",
    "symbol": "PNC",
    "reportedCurrency": "USD",
    "cik": "0000713676",
    "fillingDate": "2014-05-08",
    "acceptedDate": "2014-05-08 15:30:32",
    "calendarYear": "2014",
    "period": "Q1",
    "revenue": 3992000000,
    "costOfRevenue": 309000000,
    "grossProfit": 3683000000,
    "grossProfitRatio": 0.9225951904,
    "researchAndDevelopmentExpenses": 0,
    "generalAndAdministrativeExpenses": 1080000000,
    "sellingAndMarketingExpenses": 52000000,
    "sellingGeneralAndAdministrativeExpenses": 1132000000,
    "otherExpenses": 1132000000,
    "operatingExpenses": 2264000000,
    "costAndExpenses": 2573000000,
    "interestIncome": 2410000000,
    "interestExpense": 215000000,
    "depreciationAndAmortization": 236000000,
    "ebitda": 1655000000,
    "ebitdaratio": 0.4145791583,
    "operatingIncome": 1419000000,
    "operatingIncomeRatio": 0.3554609218,
    "totalOtherIncomeExpensesNet": 0,
    "incomeBeforeTax": 1419000000,
    "incomeBeforeTaxRatio": 0.3554609218,
    "incomeTaxExpense": 359000000,
    "netIncome": 1062000000,
    "netIncomeRatio": 0.2660320641,
    "eps": 1.86,
    "epsdiluted": 1.82,
    "weightedAverageShsOut": 532000000,
    "weightedAverageShsOutDil": 539000000,
    "link": "https://www.sec.gov/Archives/edgar/data/713676/000119312514189806/0001193125-14-189806-index.htm",
    "finalLink": "https://www.sec.gov/Archives/edgar/data/713676/000119312514189806/d701673d10q.htm"
  },
  {
    "date": "2013-12-31",
    "symbol": "PNC",
    "reportedCurrency": "USD",
    "cik": "0000713676",
    "fillingDate": "2014-03-03",
    "acceptedDate": "2014-02-28 17:45:46",
    "calendarYear": "2013",
    "period": "Q4",
    "revenue": 4286000000,
    "costOfRevenue": 326000000,
    "grossProfit": 3960000000,
    "grossProfitRatio": 0.9239384041,
    "researchAndDevelopmentExpenses": 0,
    "generalAndAdministrativeExpenses": 1207000000,
    "sellingAndMarketingExpenses": 66000000,
    "sellingGeneralAndAdministrativeExpenses": 1273000000,
    "otherExpenses": 1274000000,
    "operatingExpenses": 2547000000,
    "costAndExpenses": 2873000000,
    "interestIncome": 2479000000,
    "interestExpense": 213000000,
    "depreciationAndAmortization": 263000000,
    "ebitda": 1676000000,
    "ebitdaratio": 0.3910405973,
    "operatingIncome": 1413000000,
    "operatingIncomeRatio": 0.3296780215,
    "totalOtherIncomeExpensesNet": 0,
    "incomeBeforeTax": 1413000000,
    "incomeBeforeTaxRatio": 0.3296780215,
    "incomeTaxExpense": 352000000,
    "netIncome": 1048000000,
    "netIncomeRatio": 0.2445170322,
    "eps": 1.86,
    "epsdiluted": 1.85,
    "weightedAverageShsOut": 530000000,
    "weightedAverageShsOutDil": 535000000,
    "link": "https://www.sec.gov/Archives/edgar/data/713676/000119312514077944/0001193125-14-077944-index.htm",
    "finalLink": "https://www.sec.gov/Archives/edgar/data/713676/000119312514077944/d634352d10k.htm"
  },
  {
    "date": "2013-09-30",
    "symbol": "PNC",
    "reportedCurrency": "USD",
    "cik": "0000713676",
    "fillingDate": "2013-11-06",
    "acceptedDate": "2013-11-06 16:59:52",
    "calendarYear": "2013",
    "period": "Q3",
    "revenue": 4134000000,
    "costOfRevenue": 351000000,
    "grossProfit": 3783000000,
    "grossProfitRatio": 0.9150943396,
    "researchAndDevelopmentExpenses": 0,
    "generalAndAdministrativeExpenses": 1181000000,
    "sellingAndMarketingExpenses": 68000000,
    "sellingGeneralAndAdministrativeExpenses": 1249000000,
    "otherExpenses": 1145000000,
    "operatingExpenses": 2394000000,
    "costAndExpenses": 2745000000,
    "interestIncome": 2448000000,
    "interestExpense": 214000000,
    "depreciationAndAmortization": 300000000,
    "ebitda": 1689000000,
    "ebitdaratio": 0.408563135,
    "operatingIncome": 1389000000,
    "operatingIncomeRatio": 0.3359941945,
    "totalOtherIncomeExpensesNet": 0,
    "incomeBeforeTax": 1389000000,
    "incomeBeforeTaxRatio": 0.3359941945,
    "incomeTaxExpense": 361000000,
    "netIncome": 1026000000,
    "netIncomeRatio": 0.2481857765,
    "eps": 1.79,
    "epsdiluted": 1.77,
    "weightedAverageShsOut": 529000000,
    "weightedAverageShsOutDil": 534000000,
    "link": "https://www.sec.gov/Archives/edgar/data/713676/000119312513430324/0001193125-13-430324-index.htm",
    "finalLink": "https://www.sec.gov/Archives/edgar/data/713676/000119312513430324/d593875d10q.htm"
  },
  {
    "date": "2013-06-30",
    "symbol": "PNC",
    "reportedCurrency": "USD",
    "cik": "0000713676",
    "fillingDate": "2013-08-08",
    "acceptedDate": "2013-08-08 11:30:46",
    "calendarYear": "2013",
    "period": "Q2",
    "revenue": 4275000000,
    "costOfRevenue": 368000000,
    "grossProfit": 3907000000,
    "grossProfitRatio": 0.9139181287,
    "researchAndDevelopmentExpenses": 0,
    "generalAndAdministrativeExpenses": 1186000000,
    "sellingAndMarketingExpenses": 67000000,
    "sellingGeneralAndAdministrativeExpenses": 1253000000,
    "otherExpenses": 1152000000,
    "operatingExpenses": 2405000000,
    "costAndExpenses": 2773000000,
    "interestIncome": 2469000000,
    "interestExpense": 211000000,
    "depreciationAndAmortization": 300000000,
    "ebitda": 1802000000,
    "ebitdaratio": 0.4215204678,
    "operatingIncome": 1502000000,
    "operatingIncomeRatio": 0.3513450292,
    "totalOtherIncomeExpensesNet": 0,
    "incomeBeforeTax": 1502000000,
    "incomeBeforeTaxRatio": 0.3513450292,
    "incomeTaxExpense": 387000000,
    "netIncome": 1111000000,
    "netIncomeRatio": 0.2598830409,
    "eps": 1.99,
    "epsdiluted": 1.98,
    "weightedAverageShsOut": 528000000,
    "weightedAverageShsOutDil": 531000000,
    "link": "https://www.sec.gov/Archives/edgar/data/713676/000119312513326063/0001193125-13-326063-index.htm",
    "finalLink": "https://www.sec.gov/Archives/edgar/data/713676/000119312513326063/d546718d10q.htm"
  },
  {
    "date": "2013-03-31",
    "symbol": "PNC",
    "reportedCurrency": "USD",
    "cik": "0000713676",
    "fillingDate": "2013-05-09",
    "acceptedDate": "2013-05-09 14:48:30",
    "calendarYear": "2013",
    "period": "Q1",
    "revenue": 4177000000,
    "costOfRevenue": 458000000,
    "grossProfit": 3719000000,
    "grossProfitRatio": 0.8903519272,
    "researchAndDevelopmentExpenses": 0,
    "generalAndAdministrativeExpenses": 1169000000,
    "sellingAndMarketingExpenses": 45000000,
    "sellingGeneralAndAdministrativeExpenses": 1214000000,
    "otherExpenses": 1154000000,
    "operatingExpenses": 2368000000,
    "costAndExpenses": 2826000000,
    "interestIncome": 2611000000,
    "interestExpense": 222000000,
    "depreciationAndAmortization": 283000000,
    "ebitda": 1634000000,
    "ebitdaratio": 0.3911898492,
    "operatingIncome": 1351000000,
    "operatingIncomeRatio": 0.3234378741,
    "totalOtherIncomeExpensesNet": 0,
    "incomeBeforeTax": 1351000000,
    "incomeBeforeTaxRatio": 0.3234378741,
    "incomeTaxExpense": 356000000,
    "netIncome": 1003000000,
    "netIncomeRatio": 0.2401244913,
    "eps": 1.76,
    "epsdiluted": 1.76,
    "weightedAverageShsOut": 526000000,
    "weightedAverageShsOutDil": 528000000,
    "link": "https://www.sec.gov/Archives/edgar/data/713676/000119312513210673/0001193125-13-210673-index.htm",
    "finalLink": "https://www.sec.gov/Archives/edgar/data/713676/000119312513210673/d510120d10q.htm"
  },
  {
    "date": "2012-12-31",
    "symbol": "PNC",
    "reportedCurrency": "USD",
    "cik": "0000713676",
    "fillingDate": "2013-03-01",
    "acceptedDate": "2013-02-28 18:10:21",
    "calendarYear": "2012",
    "period": "Q4",
    "revenue": 4316000000,
    "costOfRevenue": 565000000,
    "grossProfit": 3751000000,
    "grossProfitRatio": 0.8690917516,
    "researchAndDevelopmentExpenses": 0,
    "generalAndAdministrativeExpenses": 1216000000,
    "sellingAndMarketingExpenses": 70000000,
    "sellingGeneralAndAdministrativeExpenses": 1286000000,
    "otherExpenses": 1543000000,
    "operatingExpenses": 2829000000,
    "costAndExpenses": 3394000000,
    "interestIncome": 2671000000,
    "interestExpense": 247000000,
    "depreciationAndAmortization": 298000000,
    "ebitda": 1220000000,
    "ebitdaratio": 0.2826691381,
    "operatingIncome": 922000000,
    "operatingIncomeRatio": 0.2136237257,
    "totalOtherIncomeExpensesNet": 0,
    "incomeBeforeTax": 922000000,
    "incomeBeforeTaxRatio": 0.2136237257,
    "incomeTaxExpense": 203000000,
    "netIncome": 718000000,
    "netIncomeRatio": 0.1663577386,
    "eps": 1.25,
    "epsdiluted": 1.24,
    "weightedAverageShsOut": 526000000,
    "weightedAverageShsOutDil": 528000000,
    "link": "https://www.sec.gov/Archives/edgar/data/713676/000119312513085012/0001193125-13-085012-index.htm",
    "finalLink": "https://www.sec.gov/Archives/edgar/data/713676/000119312513085012/d446794d10k.htm"
  },
  {
    "date": "2012-09-30",
    "symbol": "PNC",
    "reportedCurrency": "USD",
    "cik": "0000713676",
    "fillingDate": "2012-11-08",
    "acceptedDate": "2012-11-08 14:52:39",
    "calendarYear": "2012",
    "period": "Q3",
    "revenue": 4359000000,
    "costOfRevenue": 499000000,
    "grossProfit": 3860000000,
    "grossProfitRatio": 0.8855242028,
    "researchAndDevelopmentExpenses": 0,
    "generalAndAdministrativeExpenses": 1171000000,
    "sellingAndMarketingExpenses": 74000000,
    "sellingGeneralAndAdministrativeExpenses": 1245000000,
    "otherExpenses": 1405000000,
    "operatingExpenses": 2650000000,
    "costAndExpenses": 3149000000,
    "interestIncome": 2670000000,
    "interestExpense": 271000000,
    "depreciationAndAmortization": 307000000,
    "ebitda": 1517000000,
    "ebitdaratio": 0.3480155999,
    "operatingIncome": 1210000000,
    "operatingIncomeRatio": 0.2775866024,
    "totalOtherIncomeExpensesNet": 0,
    "incomeBeforeTax": 1210000000,
    "incomeBeforeTaxRatio": 0.2775866024,
    "incomeTaxExpense": 285000000,
    "netIncome": 939000000,
    "netIncomeRatio": 0.2154163799,
    "eps": 1.66,
    "epsdiluted": 1.64,
    "weightedAverageShsOut": 526000000,
    "weightedAverageShsOutDil": 529000000,
    "link": "https://www.sec.gov/Archives/edgar/data/713676/000119312512460110/0001193125-12-460110-index.htm",
    "finalLink": "https://www.sec.gov/Archives/edgar/data/713676/000119312512460110/d407118d10q.htm"
  },
  {
    "date": "2012-06-30",
    "symbol": "PNC",
    "reportedCurrency": "USD",
    "cik": "0000713676",
    "fillingDate": "2012-08-08",
    "acceptedDate": "2012-08-08 12:39:02",
    "calendarYear": "2012",
    "period": "Q2",
    "revenue": 3893000000,
    "costOfRevenue": 526000000,
    "grossProfit": 3367000000,
    "grossProfitRatio": 0.8648856923,
    "researchAndDevelopmentExpenses": 0,
    "generalAndAdministrativeExpenses": 1119000000,
    "sellingAndMarketingExpenses": 67000000,
    "sellingGeneralAndAdministrativeExpenses": 1186000000,
    "otherExpenses": 1462000000,
    "operatingExpenses": 2648000000,
    "costAndExpenses": 3174000000,
    "interestIncome": 2796000000,
    "interestExpense": 270000000,
    "depreciationAndAmortization": 285000000,
    "ebitda": 1004000000,
    "ebitdaratio": 0.2578987927,
    "operatingIncome": 719000000,
    "operatingIncomeRatio": 0.1846904701,
    "totalOtherIncomeExpensesNet": 0,
    "incomeBeforeTax": 719000000,
    "incomeBeforeTaxRatio": 0.1846904701,
    "incomeTaxExpense": 173000000,
    "netIncome": 551000000,
    "netIncomeRatio": 0.1415360904,
    "eps": 0.99,
    "epsdiluted": 0.98,
    "weightedAverageShsOut": 527000000,
    "weightedAverageShsOutDil": 530000000,
    "link": "https://www.sec.gov/Archives/edgar/data/713676/000119312512343279/0001193125-12-343279-index.htm",
    "finalLink": "https://www.sec.gov/Archives/edgar/data/713676/000119312512343279/d361658d10q.htm"
  },
  {
    "date": "2012-03-31",
    "symbol": "PNC",
    "reportedCurrency": "USD",
    "cik": "0000713676",
    "fillingDate": "2012-05-09",
    "acceptedDate": "2012-05-09 17:15:18",
    "calendarYear": "2012",
    "period": "Q1",
    "revenue": 4038000000,
    "costOfRevenue": 491000000,
    "grossProfit": 3547000000,
    "grossProfitRatio": 0.8784051511,
    "researchAndDevelopmentExpenses": 0,
    "generalAndAdministrativeExpenses": 1111000000,
    "sellingAndMarketingExpenses": 68000000,
    "sellingGeneralAndAdministrativeExpenses": 1179000000,
    "otherExpenses": 1276000000,
    "operatingExpenses": 2455000000,
    "costAndExpenses": 2946000000,
    "interestIncome": 2597000000,
    "interestExpense": 306000000,
    "depreciationAndAmortization": 269000000,
    "ebitda": 1361000000,
    "ebitdaratio": 0.3370480436,
    "operatingIncome": 1092000000,
    "operatingIncomeRatio": 0.2704309064,
    "totalOtherIncomeExpensesNet": 0,
    "incomeBeforeTax": 1092000000,
    "incomeBeforeTaxRatio": 0.2704309064,
    "incomeTaxExpense": 281000000,
    "netIncome": 805000000,
    "netIncomeRatio": 0.1993561169,
    "eps": 1.45,
    "epsdiluted": 1.44,
    "weightedAverageShsOut": 526000000,
    "weightedAverageShsOutDil": 529000000,
    "link": "https://www.sec.gov/Archives/edgar/data/713676/000119312512222424/0001193125-12-222424-index.htm",
    "finalLink": "https://www.sec.gov/Archives/edgar/data/713676/000119312512222424/d323892d10q.htm"
  },
  {
    "date": "2011-12-31",
    "symbol": "PNC",
    "reportedCurrency": "USD",
    "cik": "0000713676",
    "fillingDate": "2012-02-29",
    "acceptedDate": "2012-02-29 09:11:48",
    "calendarYear": "2011",
    "period": "Q4",
    "revenue": 3884000000,
    "costOfRevenue": 525000000,
    "grossProfit": 3359000000,
    "grossProfitRatio": 0.8648300721,
    "researchAndDevelopmentExpenses": 0,
    "generalAndAdministrativeExpenses": 1052000000,
    "sellingAndMarketingExpenses": 74000000,
    "sellingGeneralAndAdministrativeExpenses": 1126000000,
    "otherExpenses": 1593000000,
    "operatingExpenses": 2719000000,
    "costAndExpenses": 3244000000,
    "interestIncome": 2534000000,
    "interestExpense": 335000000,
    "depreciationAndAmortization": 290000000,
    "ebitda": 930000000,
    "ebitdaratio": 0.2394438723,
    "operatingIncome": 640000000,
    "operatingIncomeRatio": 0.1647785788,
    "totalOtherIncomeExpensesNet": 0,
    "incomeBeforeTax": 640000000,
    "incomeBeforeTaxRatio": 0.1647785788,
    "incomeTaxExpense": 147000000,
    "netIncome": 476000000,
    "netIncomeRatio": 0.122554068,
    "eps": 0.86,
    "epsdiluted": 0.85,
    "weightedAverageShsOut": 524000000,
    "weightedAverageShsOutDil": 526000000,
    "link": "https://www.sec.gov/Archives/edgar/data/713676/000119312512087345/0001193125-12-087345-index.htm",
    "finalLink": "https://www.sec.gov/Archives/edgar/data/713676/000119312512087345/d260760d10k.htm"
  },
  {
    "date": "2011-09-30",
    "symbol": "PNC",
    "reportedCurrency": "USD",
    "cik": "0000713676",
    "fillingDate": "2011-11-08",
    "acceptedDate": "2011-11-08 10:35:22",
    "calendarYear": "2011",
    "period": "Q3",
    "revenue": 3899000000,
    "costOfRevenue": 616000000,
    "grossProfit": 3283000000,
    "grossProfitRatio": 0.842010772,
    "researchAndDevelopmentExpenses": 0,
    "generalAndAdministrativeExpenses": 949000000,
    "sellingAndMarketingExpenses": 72000000,
    "sellingGeneralAndAdministrativeExpenses": 1021000000,
    "otherExpenses": 1119000000,
    "operatingExpenses": 2140000000,
    "costAndExpenses": 2756000000,
    "interestIncome": 2530000000,
    "interestExpense": 355000000,
    "depreciationAndAmortization": 281000000,
    "ebitda": 1424000000,
    "ebitdaratio": 0.3652218518,
    "operatingIncome": 1143000000,
    "operatingIncomeRatio": 0.2931520903,
    "totalOtherIncomeExpensesNet": 0,
    "incomeBeforeTax": 1143000000,
    "incomeBeforeTaxRatio": 0.2931520903,
    "incomeTaxExpense": 309000000,
    "netIncome": 830000000,
    "netIncomeRatio": 0.2128750962,
    "eps": 1.57,
    "epsdiluted": 1.55,
    "weightedAverageShsOut": 524000000,
    "weightedAverageShsOutDil": 526000000,
    "link": "https://www.sec.gov/Archives/edgar/data/713676/000119312511301292/0001193125-11-301292-index.htm",
    "finalLink": "https://www.sec.gov/Archives/edgar/data/713676/000119312511301292/d250585d10q.htm"
  },
  {
    "date": "2011-06-30",
    "symbol": "PNC",
    "reportedCurrency": "USD",
    "cik": "0000713676",
    "fillingDate": "2011-08-08",
    "acceptedDate": "2011-08-08 15:29:09",
    "calendarYear": "2011",
    "period": "Q2",
    "revenue": 3999000000,
    "costOfRevenue": 677000000,
    "grossProfit": 3322000000,
    "grossProfitRatio": 0.8307076769,
    "researchAndDevelopmentExpenses": 0,
    "generalAndAdministrativeExpenses": 976000000,
    "sellingAndMarketingExpenses": 63000000,
    "sellingGeneralAndAdministrativeExpenses": 1039000000,
    "otherExpenses": 1137000000,
    "operatingExpenses": 2176000000,
    "costAndExpenses": 2853000000,
    "interestIncome": 2547000000,
    "interestExpense": 397000000,
    "depreciationAndAmortization": 290000000,
    "ebitda": 1436000000,
    "ebitdaratio": 0.3590897724,
    "operatingIncome": 1146000000,
    "operatingIncomeRatio": 0.2865716429,
    "totalOtherIncomeExpensesNet": 0,
    "incomeBeforeTax": 1146000000,
    "incomeBeforeTaxRatio": 0.2865716429,
    "incomeTaxExpense": 234000000,
    "netIncome": 913000000,
    "netIncomeRatio": 0.2283070768,
    "eps": 1.69,
    "epsdiluted": 1.67,
    "weightedAverageShsOut": 524000000,
    "weightedAverageShsOutDil": 527000000,
    "link": "https://www.sec.gov/Archives/edgar/data/713676/000119312511214122/0001193125-11-214122-index.htm",
    "finalLink": "https://www.sec.gov/Archives/edgar/data/713676/000119312511214122/d10q.htm"
  },
  {
    "date": "2011-03-31",
    "symbol": "PNC",
    "reportedCurrency": "USD",
    "cik": "0000713676",
    "fillingDate": "2011-05-09",
    "acceptedDate": "2011-05-09 08:14:55",
    "calendarYear": "2011",
    "period": "Q1",
    "revenue": 4038000000,
    "costOfRevenue": 828000000,
    "grossProfit": 3210000000,
    "grossProfitRatio": 0.7949479941,
    "researchAndDevelopmentExpenses": 0,
    "generalAndAdministrativeExpenses": 989000000,
    "sellingAndMarketingExpenses": 40000000,
    "sellingGeneralAndAdministrativeExpenses": 1029000000,
    "otherExpenses": 1041000000,
    "operatingExpenses": 2070000000,
    "costAndExpenses": 2898000000,
    "interestIncome": 2583000000,
    "interestExpense": 407000000,
    "depreciationAndAmortization": 279000000,
    "ebitda": 1419000000,
    "ebitdaratio": 0.3514115899,
    "operatingIncome": 1140000000,
    "operatingIncomeRatio": 0.2823179792,
    "totalOtherIncomeExpensesNet": 0,
    "incomeBeforeTax": 1140000000,
    "incomeBeforeTaxRatio": 0.2823179792,
    "incomeTaxExpense": 308000000,
    "netIncome": 837000000,
    "netIncomeRatio": 0.2072808321,
    "eps": 1.58,
    "epsdiluted": 1.57,
    "weightedAverageShsOut": 526000000,
    "weightedAverageShsOutDil": 530573000,
    "link": "https://www.sec.gov/Archives/edgar/data/713676/000119312511131571/0001193125-11-131571-index.htm",
    "finalLink": "https://www.sec.gov/Archives/edgar/data/713676/000119312511131571/d10q.htm"
  },
  {
    "date": "2010-12-31",
    "symbol": "PNC",
    "reportedCurrency": "USD",
    "cik": "0000713676",
    "fillingDate": "2011-03-01",
    "acceptedDate": "2011-03-01 14:09:01",
    "calendarYear": "2010",
    "period": "Q4",
    "revenue": 3932000000,
    "costOfRevenue": 912000000,
    "grossProfit": 3020000000,
    "grossProfitRatio": 0.7680569685,
    "researchAndDevelopmentExpenses": 0,
    "generalAndAdministrativeExpenses": 1032000000,
    "sellingAndMarketingExpenses": 70000000,
    "sellingGeneralAndAdministrativeExpenses": 1102000000,
    "otherExpenses": 797000000,
    "operatingExpenses": 1899000000,
    "costAndExpenses": 2811000000,
    "interestIncome": 2671000000,
    "interestExpense": 470000000,
    "depreciationAndAmortization": 306000000,
    "ebitda": 1427000000,
    "ebitdaratio": 0.3629196338,
    "operatingIncome": 1121000000,
    "operatingIncomeRatio": 0.2850966429,
    "totalOtherIncomeExpensesNet": 0,
    "incomeBeforeTax": 1121000000,
    "incomeBeforeTaxRatio": 0.2850966429,
    "incomeTaxExpense": 301000000,
    "netIncome": 823000000,
    "netIncomeRatio": 0.2093082401,
    "eps": 1.52,
    "epsdiluted": 1.5,
    "weightedAverageShsOut": 524000000,
    "weightedAverageShsOutDil": 526000000,
    "link": "https://www.sec.gov/Archives/edgar/data/713676/000119312511051725/0001193125-11-051725-index.htm",
    "finalLink": "https://www.sec.gov/Archives/edgar/data/713676/000119312511051725/d10k.htm"
  },
  {
    "date": "2010-09-30",
    "symbol": "PNC",
    "reportedCurrency": "USD",
    "cik": "0000713676",
    "fillingDate": "2010-11-09",
    "acceptedDate": "2010-11-09 08:50:15",
    "calendarYear": "2010",
    "period": "Q3",
    "revenue": 4084000000,
    "costOfRevenue": 972000000,
    "grossProfit": 3112000000,
    "grossProfitRatio": 0.7619980411,
    "researchAndDevelopmentExpenses": 0,
    "generalAndAdministrativeExpenses": 959000000,
    "sellingAndMarketingExpenses": 81000000,
    "sellingGeneralAndAdministrativeExpenses": 1040000000,
    "otherExpenses": 1118000000,
    "operatingExpenses": 2158000000,
    "costAndExpenses": 3130000000,
    "interestIncome": 2701000000,
    "interestExpense": 486000000,
    "depreciationAndAmortization": 311000000,
    "ebitda": 1265000000,
    "ebitdaratio": 0.3097453477,
    "operatingIncome": 954000000,
    "operatingIncomeRatio": 0.2335945152,
    "totalOtherIncomeExpensesNet": 0,
    "incomeBeforeTax": 954000000,
    "incomeBeforeTaxRatio": 0.2335945152,
    "incomeTaxExpense": 179000000,
    "netIncome": 1101000000,
    "netIncomeRatio": 0.2695886386,
    "eps": 2.08,
    "epsdiluted": 2.07,
    "weightedAverageShsOut": 523000000,
    "weightedAverageShsOutDil": 526000000,
    "link": "https://www.sec.gov/Archives/edgar/data/713676/000119312510253305/0001193125-10-253305-index.htm",
    "finalLink": "https://www.sec.gov/Archives/edgar/data/713676/000119312510253305/d10q.htm"
  },
  {
    "date": "2010-06-30",
    "symbol": "PNC",
    "reportedCurrency": "USD",
    "cik": "0000713676",
    "fillingDate": "2010-08-09",
    "acceptedDate": "2010-08-09 12:24:32",
    "calendarYear": "2010",
    "period": "Q2",
    "revenue": 4350000000,
    "costOfRevenue": 1261000000,
    "grossProfit": 3089000000,
    "grossProfitRatio": 0.7101149425,
    "researchAndDevelopmentExpenses": 0,
    "generalAndAdministrativeExpenses": 959000000,
    "sellingAndMarketingExpenses": 65000000,
    "sellingGeneralAndAdministrativeExpenses": 1024000000,
    "otherExpenses": 978000000,
    "operatingExpenses": 2002000000,
    "costAndExpenses": 3263000000,
    "interestIncome": 2873000000,
    "interestExpense": 438000000,
    "depreciationAndAmortization": 216000000,
    "ebitda": 1303000000,
    "ebitdaratio": 0.2995402299,
    "operatingIncome": 1087000000,
    "operatingIncomeRatio": 0.2498850575,
    "totalOtherIncomeExpensesNet": 0,
    "incomeBeforeTax": 1087000000,
    "incomeBeforeTaxRatio": 0.2498850575,
    "incomeTaxExpense": 306000000,
    "netIncome": 794000000,
    "netIncomeRatio": 0.1825287356,
    "eps": 1.49,
    "epsdiluted": 1.51,
    "weightedAverageShsOut": 524000000,
    "weightedAverageShsOutDil": 527000000,
    "link": "https://www.sec.gov/Archives/edgar/data/713676/000119312510182882/0001193125-10-182882-index.htm",
    "finalLink": "https://www.sec.gov/Archives/edgar/data/713676/000119312510182882/d10q.htm"
  },
  {
    "date": "2010-03-31",
    "symbol": "PNC",
    "reportedCurrency": "USD",
    "cik": "0000713676",
    "fillingDate": "2010-05-07",
    "acceptedDate": "2010-05-07 14:44:59",
    "calendarYear": "2010",
    "period": "Q1",
    "revenue": 4405000000,
    "costOfRevenue": 1277000000,
    "grossProfit": 3128000000,
    "grossProfitRatio": 0.7101021566,
    "researchAndDevelopmentExpenses": 0,
    "generalAndAdministrativeExpenses": 956000000,
    "sellingAndMarketingExpenses": 50000000,
    "sellingGeneralAndAdministrativeExpenses": 1006000000,
    "otherExpenses": 1223000000,
    "operatingExpenses": 2229000000,
    "costAndExpenses": 3506000000,
    "interestIncome": 2905000000,
    "interestExpense": 526000000,
    "depreciationAndAmortization": 226000000,
    "ebitda": 1125000000,
    "ebitdaratio": 0.2553916005,
    "operatingIncome": 899000000,
    "operatingIncomeRatio": 0.2040862656,
    "totalOtherIncomeExpensesNet": 0,
    "incomeBeforeTax": 899000000,
    "incomeBeforeTaxRatio": 0.2040862656,
    "incomeTaxExpense": 251000000,
    "netIncome": 676000000,
    "netIncomeRatio": 0.153461975,
    "eps": 0.67,
    "epsdiluted": 0.66,
    "weightedAverageShsOut": 498000000,
    "weightedAverageShsOutDil": 500000000,
    "link": "https://www.sec.gov/Archives/edgar/data/713676/000119312510112660/0001193125-10-112660-index.htm",
    "finalLink": "https://www.sec.gov/Archives/edgar/data/713676/000119312510112660/d10q.htm"
  },
  {
    "date": "2009-12-31",
    "symbol": "PNC",
    "reportedCurrency": "USD",
    "cik": "0000713676",
    "fillingDate": "2010-03-11",
    "acceptedDate": "2010-03-10 17:38:28",
    "calendarYear": "2009",
    "period": "Q4",
    "revenue": 3376000000,
    "costOfRevenue": 1612000000,
    "grossProfit": 1764000000,
    "grossProfitRatio": 0.5225118483,
    "researchAndDevelopmentExpenses": 0,
    "generalAndAdministrativeExpenses": 699000000,
    "sellingAndMarketingExpenses": 59000000,
    "sellingGeneralAndAdministrativeExpenses": 758000000,
    "otherExpenses": -559000000,
    "operatingExpenses": 199000000,
    "costAndExpenses": 1811000000,
    "interestIncome": 2937000000,
    "interestExpense": 563000000,
    "depreciationAndAmortization": 231000000,
    "ebitda": 1796000000,
    "ebitdaratio": 0.5319905213,
    "operatingIncome": 1565000000,
    "operatingIncomeRatio": 0.4635663507,
    "totalOtherIncomeExpensesNet": 0,
    "incomeBeforeTax": 1565000000,
    "incomeBeforeTaxRatio": 0.4635663507,
    "incomeTaxExpense": 503000000,
    "netIncome": 1144000000,
    "netIncomeRatio": 0.3388625592,
    "eps": 2.19,
    "epsdiluted": 2.17,
    "weightedAverageShsOut": 460000000,
    "weightedAverageShsOutDil": 462000000,
    "link": "https://www.sec.gov/Archives/edgar/data/713676/000119312510052794/0001193125-10-052794-index.htm",
    "finalLink": "https://www.sec.gov/Archives/edgar/data/713676/000119312510052794/d10k.htm"
  },
  {
    "date": "2009-09-30",
    "symbol": "PNC",
    "reportedCurrency": "USD",
    "cik": "0000713676",
    "fillingDate": "2009-11-06",
    "acceptedDate": "2009-11-06 13:59:48",
    "calendarYear": "2009",
    "period": "Q3",
    "revenue": 4646000000,
    "costOfRevenue": 1578000000,
    "grossProfit": 3068000000,
    "grossProfitRatio": 0.6603529918,
    "researchAndDevelopmentExpenses": 0,
    "generalAndAdministrativeExpenses": 1068000000,
    "sellingAndMarketingExpenses": 58000000,
    "sellingGeneralAndAdministrativeExpenses": 1126000000,
    "otherExpenses": 1217000000,
    "operatingExpenses": 2343000000,
    "costAndExpenses": 3921000000,
    "interestIncome": 2888000000,
    "interestExpense": 664000000,
    "depreciationAndAmortization": 242000000,
    "ebitda": 967000000,
    "ebitdaratio": 0.208136031,
    "operatingIncome": 725000000,
    "operatingIncomeRatio": 0.1560482135,
    "totalOtherIncomeExpensesNet": 0,
    "incomeBeforeTax": 725000000,
    "incomeBeforeTaxRatio": 0.1560482135,
    "incomeTaxExpense": 185000000,
    "netIncome": 579000000,
    "netIncomeRatio": 0.1246233319,
    "eps": 1.01,
    "epsdiluted": 1,
    "weightedAverageShsOut": 460000000,
    "weightedAverageShsOutDil": 461000000,
    "link": "https://www.sec.gov/Archives/edgar/data/713676/000119312509227195/0001193125-09-227195-index.htm",
    "finalLink": "https://www.sec.gov/Archives/edgar/data/713676/000119312509227195/d10q.htm"
  },
  {
    "date": "2009-06-30",
    "symbol": "PNC",
    "reportedCurrency": "USD",
    "cik": "0000713676",
    "fillingDate": "2009-08-10",
    "acceptedDate": "2009-08-10 15:49:18",
    "calendarYear": "2009",
    "period": "Q2",
    "revenue": 4765000000,
    "costOfRevenue": 1894000000,
    "grossProfit": 2871000000,
    "grossProfitRatio": 0.6025183631,
    "researchAndDevelopmentExpenses": 0,
    "generalAndAdministrativeExpenses": 1086000000,
    "sellingAndMarketingExpenses": 59000000,
    "sellingGeneralAndAdministrativeExpenses": 1145000000,
    "otherExpenses": 1502000000,
    "operatingExpenses": 2647000000,
    "costAndExpenses": 4541000000,
    "interestIncome": 3000000000,
    "interestExpense": 807000000,
    "depreciationAndAmortization": 247000000,
    "ebitda": 471000000,
    "ebitdaratio": 0.0988457503,
    "operatingIncome": 224000000,
    "operatingIncomeRatio": 0.0470094439,
    "totalOtherIncomeExpensesNet": 0,
    "incomeBeforeTax": 224000000,
    "incomeBeforeTaxRatio": 0.0470094439,
    "incomeTaxExpense": 29000000,
    "netIncome": 198000000,
    "netIncomeRatio": 0.0415529906,
    "eps": 0.14,
    "epsdiluted": 0.14,
    "weightedAverageShsOut": 451000000,
    "weightedAverageShsOutDil": 453000000,
    "link": "https://www.sec.gov/Archives/edgar/data/713676/000119312509170563/0001193125-09-170563-index.htm",
    "finalLink": "https://www.sec.gov/Archives/edgar/data/713676/000119312509170563/d10q.htm"
  },
  {
    "date": "2009-03-31",
    "symbol": "PNC",
    "reportedCurrency": "USD",
    "cik": "0000713676",
    "fillingDate": "2009-05-11",
    "acceptedDate": "2009-05-11 16:18:52",
    "calendarYear": "2009",
    "period": "Q1",
    "revenue": 4774000000,
    "costOfRevenue": 1819000000,
    "grossProfit": 2955000000,
    "grossProfitRatio": 0.6189777964,
    "researchAndDevelopmentExpenses": 0,
    "generalAndAdministrativeExpenses": 996000000,
    "sellingAndMarketingExpenses": 57000000,
    "sellingGeneralAndAdministrativeExpenses": 1053000000,
    "otherExpenses": 1254000000,
    "operatingExpenses": 2307000000,
    "costAndExpenses": 4126000000,
    "interestIncome": 3259000000,
    "interestExpense": 939000000,
    "depreciationAndAmortization": 258000000,
    "ebitda": 906000000,
    "ebitdaratio": 0.189777964,
    "operatingIncome": 648000000,
    "operatingIncomeRatio": 0.1357352325,
    "totalOtherIncomeExpensesNet": 0,
    "incomeBeforeTax": 648000000,
    "incomeBeforeTaxRatio": 0.1357352325,
    "incomeTaxExpense": 128000000,
    "netIncome": 526000000,
    "netIncomeRatio": 0.1101801424,
    "eps": 1.04,
    "epsdiluted": 1.03,
    "weightedAverageShsOut": 443000000,
    "weightedAverageShsOutDil": 444000000,
    "link": "https://www.sec.gov/Archives/edgar/data/713676/000119312509107165/0001193125-09-107165-index.htm",
    "finalLink": "https://www.sec.gov/Archives/edgar/data/713676/000119312509107165/d10q.htm"
  },
  {
    "date": "2008-12-31",
    "symbol": "PNC",
    "reportedCurrency": "USD",
    "cik": "0000713676",
    "fillingDate": "2009-03-02",
    "acceptedDate": "2009-03-02 16:04:51",
    "calendarYear": "2008",
    "period": "Q4",
    "revenue": 2087000000,
    "costOfRevenue": 1541000000,
    "grossProfit": 546000000,
    "grossProfitRatio": 0.2616195496,
    "researchAndDevelopmentExpenses": 0,
    "generalAndAdministrativeExpenses": 494000000,
    "sellingAndMarketingExpenses": 31000000,
    "sellingGeneralAndAdministrativeExpenses": 525000000,
    "otherExpenses": 466000000,
    "operatingExpenses": 991000000,
    "costAndExpenses": 2532000000,
    "interestIncome": 1543000000,
    "interestExpense": 551000000,
    "depreciationAndAmortization": 75000000,
    "ebitda": -370000000,
    "ebitdaratio": -0.1772879732,
    "operatingIncome": -445000000,
    "operatingIncomeRatio": -0.2132247245,
    "totalOtherIncomeExpensesNet": 0,
    "incomeBeforeTax": -445000000,
    "incomeBeforeTaxRatio": -0.2132247245,
    "incomeTaxExpense": -197000000,
    "netIncome": -248000000,
    "netIncomeRatio": -0.1188308577,
    "eps": -0.8,
    "epsdiluted": -0.79,
    "weightedAverageShsOut": 348000000,
    "weightedAverageShsOutDil": 350000000,
    "link": "https://www.sec.gov/Archives/edgar/data/713676/000119312509042518/0001193125-09-042518-index.htm",
    "finalLink": "https://www.sec.gov/Archives/edgar/data/713676/000119312509042518/d10k.htm"
  },
  {
    "date": "2008-09-30",
    "symbol": "PNC",
    "reportedCurrency": "USD",
    "cik": "0000713676",
    "fillingDate": "2008-11-06",
    "acceptedDate": "2008-11-06 15:24:06",
    "calendarYear": "2008",
    "period": "Q3",
    "revenue": 2357000000,
    "costOfRevenue": 764000000,
    "grossProfit": 1593000000,
    "grossProfitRatio": 0.675859143,
    "researchAndDevelopmentExpenses": 0,
    "generalAndAdministrativeExpenses": 569000000,
    "sellingAndMarketingExpenses": 38000000,
    "sellingGeneralAndAdministrativeExpenses": 607000000,
    "otherExpenses": 653000000,
    "operatingExpenses": 1260000000,
    "costAndExpenses": 2024000000,
    "interestIncome": 1574000000,
    "interestExpense": 574000000,
    "depreciationAndAmortization": 176000000,
    "ebitda": 509000000,
    "ebitdaratio": 0.215952482,
    "operatingIncome": 333000000,
    "operatingIncomeRatio": 0.1412812898,
    "totalOtherIncomeExpensesNet": 0,
    "incomeBeforeTax": 333000000,
    "incomeBeforeTaxRatio": 0.1412812898,
    "incomeTaxExpense": 74000000,
    "netIncome": 248000000,
    "netIncomeRatio": 0.1052184981,
    "eps": 0.72,
    "epsdiluted": 0.71,
    "weightedAverageShsOut": 345000000,
    "weightedAverageShsOutDil": 348000000,
    "link": "https://www.sec.gov/Archives/edgar/data/713676/000119312508227816/0001193125-08-227816-index.htm",
    "finalLink": "https://www.sec.gov/Archives/edgar/data/713676/000119312508227816/d10q.htm"
  },
  {
    "date": "2008-06-30",
    "symbol": "PNC",
    "reportedCurrency": "USD",
    "cik": "0000713676",
    "fillingDate": "2008-08-08",
    "acceptedDate": "2008-08-08 13:42:38",
    "calendarYear": "2008",
    "period": "Q2",
    "revenue": 2639000000,
    "costOfRevenue": 786000000,
    "grossProfit": 1853000000,
    "grossProfitRatio": 0.7021599091,
    "researchAndDevelopmentExpenses": 0,
    "generalAndAdministrativeExpenses": 547000000,
    "sellingAndMarketingExpenses": 34000000,
    "sellingGeneralAndAdministrativeExpenses": 581000000,
    "otherExpenses": 534000000,
    "operatingExpenses": 1115000000,
    "costAndExpenses": 1901000000,
    "interestIncome": 1577000000,
    "interestExpense": 600000000,
    "depreciationAndAmortization": 76000000,
    "ebitda": 814000000,
    "ebitdaratio": 0.3084501705,
    "operatingIncome": 738000000,
    "operatingIncomeRatio": 0.2796513831,
    "totalOtherIncomeExpensesNet": 0,
    "incomeBeforeTax": 738000000,
    "incomeBeforeTaxRatio": 0.2796513831,
    "incomeTaxExpense": 233000000,
    "netIncome": 505000000,
    "netIncomeRatio": 0.1913603638,
    "eps": 1.47,
    "epsdiluted": 1.45,
    "weightedAverageShsOut": 344000000,
    "weightedAverageShsOutDil": 347000000,
    "link": "https://www.sec.gov/Archives/edgar/data/713676/000119312508171626/0001193125-08-171626-index.htm",
    "finalLink": "https://www.sec.gov/Archives/edgar/data/713676/000119312508171626/d10q.htm"
  },
  {
    "date": "2008-03-31",
    "symbol": "PNC",
    "reportedCurrency": "USD",
    "cik": "0000713676",
    "fillingDate": "2008-05-12",
    "acceptedDate": "2008-05-12 10:40:56",
    "calendarYear": "2008",
    "period": "Q1",
    "revenue": 2586000000,
    "costOfRevenue": 916000000,
    "grossProfit": 1670000000,
    "grossProfitRatio": 0.6457849961,
    "researchAndDevelopmentExpenses": 0,
    "generalAndAdministrativeExpenses": 544000000,
    "sellingAndMarketingExpenses": 22000000,
    "sellingGeneralAndAdministrativeExpenses": 566000000,
    "otherExpenses": 469000000,
    "operatingExpenses": 1035000000,
    "costAndExpenses": 1951000000,
    "interestIncome": 1619000000,
    "interestExpense": 765000000,
    "depreciationAndAmortization": 92000000,
    "ebitda": 727000000,
    "ebitdaratio": 0.281129157,
    "operatingIncome": 635000000,
    "operatingIncomeRatio": 0.2455529776,
    "totalOtherIncomeExpensesNet": 0,
    "incomeBeforeTax": 635000000,
    "incomeBeforeTaxRatio": 0.2455529776,
    "incomeTaxExpense": 251000000,
    "netIncome": 377000000,
    "netIncomeRatio": 0.1457849961,
    "eps": 1.11,
    "epsdiluted": 1.09,
    "weightedAverageShsOut": 339000000,
    "weightedAverageShsOutDil": 342000000,
    "link": "https://www.sec.gov/Archives/edgar/data/713676/000119312508110916/0001193125-08-110916-index.htm",
    "finalLink": "https://www.sec.gov/Archives/edgar/data/713676/000119312508110916/d10q.htm"
  },
  {
    "date": "2007-12-31",
    "symbol": "PNC",
    "reportedCurrency": "USD",
    "cik": "0000713676",
    "fillingDate": "2008-02-29",
    "acceptedDate": "2008-02-29 14:33:37",
    "calendarYear": "2007",
    "period": "Q4",
    "revenue": 2631000000,
    "costOfRevenue": 1065000000,
    "grossProfit": 1566000000,
    "grossProfitRatio": 0.5952109464,
    "researchAndDevelopmentExpenses": 0,
    "generalAndAdministrativeExpenses": 553000000,
    "sellingAndMarketingExpenses": 29000000,
    "sellingGeneralAndAdministrativeExpenses": 582000000,
    "otherExpenses": 758000000,
    "operatingExpenses": 1340000000,
    "costAndExpenses": 2405000000,
    "interestIncome": 1670000000,
    "interestExpense": 877000000,
    "depreciationAndAmortization": 94000000,
    "ebitda": 320000000,
    "ebitdaratio": 0.1216267579,
    "operatingIncome": 226000000,
    "operatingIncomeRatio": 0.0858988978,
    "totalOtherIncomeExpensesNet": 0,
    "incomeBeforeTax": 226000000,
    "incomeBeforeTaxRatio": 0.0858988978,
    "incomeTaxExpense": 48000000,
    "netIncome": 178000000,
    "netIncomeRatio": 0.0676548841,
    "eps": 0.5,
    "epsdiluted": 0.5,
    "weightedAverageShsOut": 337000000,
    "weightedAverageShsOutDil": 339000000,
    "link": "https://www.sec.gov/Archives/edgar/data/713676/000119312508043429/0001193125-08-043429-index.htm",
    "finalLink": "https://www.sec.gov/Archives/edgar/data/713676/000119312508043429/d10k.htm"
  },
  {
    "date": "2007-09-30",
    "symbol": "PNC",
    "reportedCurrency": "USD",
    "cik": "0000713676",
    "fillingDate": "2007-11-08",
    "acceptedDate": "2007-11-08 13:05:09",
    "calendarYear": "2007",
    "period": "Q3",
    "revenue": 2617000000,
    "costOfRevenue": 931000000,
    "grossProfit": 1686000000,
    "grossProfitRatio": 0.6442491402,
    "researchAndDevelopmentExpenses": 0,
    "generalAndAdministrativeExpenses": 553000000,
    "sellingAndMarketingExpenses": 36000000,
    "sellingGeneralAndAdministrativeExpenses": 589000000,
    "otherExpenses": 510000000,
    "operatingExpenses": 1099000000,
    "costAndExpenses": 2030000000,
    "interestIncome": 1627000000,
    "interestExpense": 866000000,
    "depreciationAndAmortization": 83000000,
    "ebitda": 670000000,
    "ebitdaratio": 0.2560183416,
    "operatingIncome": 587000000,
    "operatingIncomeRatio": 0.2243026366,
    "totalOtherIncomeExpensesNet": 0,
    "incomeBeforeTax": 587000000,
    "incomeBeforeTaxRatio": 0.2243026366,
    "incomeTaxExpense": 180000000,
    "netIncome": 407000000,
    "netIncomeRatio": 0.1555215896,
    "eps": 1.21,
    "epsdiluted": 1.19,
    "weightedAverageShsOut": 337000000,
    "weightedAverageShsOutDil": 340000000,
    "link": "https://www.sec.gov/Archives/edgar/data/713676/000119312507239957/0001193125-07-239957-index.htm",
    "finalLink": "https://www.sec.gov/Archives/edgar/data/713676/000119312507239957/d10q.htm"
  },
  {
    "date": "2007-06-30",
    "symbol": "PNC",
    "reportedCurrency": "USD",
    "cik": "0000713676",
    "fillingDate": "2007-08-08",
    "acceptedDate": "2007-08-08 14:54:18",
    "calendarYear": "2007",
    "period": "Q2",
    "revenue": 2529000000,
    "costOfRevenue": 870000000,
    "grossProfit": 1659000000,
    "grossProfitRatio": 0.6559905101,
    "researchAndDevelopmentExpenses": 0,
    "generalAndAdministrativeExpenses": 544000000,
    "sellingAndMarketingExpenses": 29000000,
    "sellingGeneralAndAdministrativeExpenses": 573000000,
    "otherExpenses": 467000000,
    "operatingExpenses": 1040000000,
    "costAndExpenses": 1910000000,
    "interestIncome": 1554000000,
    "interestExpense": 816000000,
    "depreciationAndAmortization": 78000000,
    "ebitda": 697000000,
    "ebitdaratio": 0.2756030051,
    "operatingIncome": 619000000,
    "operatingIncomeRatio": 0.244760775,
    "totalOtherIncomeExpensesNet": 0,
    "incomeBeforeTax": 619000000,
    "incomeBeforeTaxRatio": 0.244760775,
    "incomeTaxExpense": 196000000,
    "netIncome": 423000000,
    "netIncomeRatio": 0.1672597865,
    "eps": 1.24,
    "epsdiluted": 1.22,
    "weightedAverageShsOut": 342000000,
    "weightedAverageShsOutDil": 346000000,
    "link": "https://www.sec.gov/Archives/edgar/data/713676/000119312507175385/0001193125-07-175385-index.htm",
    "finalLink": "https://www.sec.gov/Archives/edgar/data/713676/000119312507175385/d10q.htm"
  },
  {
    "date": "2007-03-31",
    "symbol": "PNC",
    "reportedCurrency": "USD",
    "cik": "0000713676",
    "fillingDate": "2007-05-09",
    "acceptedDate": "2007-05-09 15:35:04",
    "calendarYear": "2007",
    "period": "Q1",
    "revenue": 2306000000,
    "costOfRevenue": 700000000,
    "grossProfit": 1606000000,
    "grossProfitRatio": 0.696444059,
    "researchAndDevelopmentExpenses": 0,
    "generalAndAdministrativeExpenses": 490000000,
    "sellingAndMarketingExpenses": 21000000,
    "sellingGeneralAndAdministrativeExpenses": 511000000,
    "otherExpenses": 433000000,
    "operatingExpenses": 944000000,
    "costAndExpenses": 1644000000,
    "interestIncome": 1315000000,
    "interestExpense": 692000000,
    "depreciationAndAmortization": 77000000,
    "ebitda": 739000000,
    "ebitdaratio": 0.3204683435,
    "operatingIncome": 662000000,
    "operatingIncomeRatio": 0.2870771899,
    "totalOtherIncomeExpensesNet": 0,
    "incomeBeforeTax": 662000000,
    "incomeBeforeTaxRatio": 0.2870771899,
    "incomeTaxExpense": 203000000,
    "netIncome": 459000000,
    "netIncomeRatio": 0.199045967,
    "eps": 1.49,
    "epsdiluted": 1.46,
    "weightedAverageShsOut": 308000000,
    "weightedAverageShsOutDil": 312000000,
    "link": "https://www.sec.gov/Archives/edgar/data/713676/000119312507108115/0001193125-07-108115-index.htm",
    "finalLink": "https://www.sec.gov/Archives/edgar/data/713676/000119312507108115/d10q.htm"
  },
  {
    "date": "2006-12-31",
    "symbol": "PNC",
    "reportedCurrency": "USD",
    "cik": "0000713676",
    "fillingDate": "2007-03-01",
    "acceptedDate": "2007-03-01 12:07:50",
    "calendarYear": "2006",
    "period": "Q4",
    "revenue": 120000000,
    "costOfRevenue": 693000000,
    "grossProfit": -573000000,
    "grossProfitRatio": -4.775,
    "researchAndDevelopmentExpenses": 0,
    "generalAndAdministrativeExpenses": 497000000,
    "sellingAndMarketingExpenses": 23000000,
    "sellingGeneralAndAdministrativeExpenses": 520000000,
    "otherExpenses": -1664000000,
    "operatingExpenses": -1144000000,
    "costAndExpenses": -451000000,
    "interestIncome": 1217000000,
    "interestExpense": 651000000,
    "depreciationAndAmortization": 77000000,
    "ebitda": 648000000,
    "ebitdaratio": 5.4,
    "operatingIncome": 571000000,
    "operatingIncomeRatio": 4.7583333333,
    "totalOtherIncomeExpensesNet": 0,
    "incomeBeforeTax": 571000000,
    "incomeBeforeTaxRatio": 4.7583333333,
    "incomeTaxExpense": 148000000,
    "netIncome": 376000000,
    "netIncomeRatio": 3.1333333333,
    "eps": 1.2,
    "epsdiluted": 1.2,
    "weightedAverageShsOut": 308000000,
    "weightedAverageShsOutDil": 308000000,
    "link": "https://www.sec.gov/Archives/edgar/data/713676/000119312507043840/0001193125-07-043840-index.htm",
    "finalLink": "https://www.sec.gov/Archives/edgar/data/713676/000119312507043840/d10k.htm"
  },
  {
    "date": "2006-09-30",
    "symbol": "PNC",
    "reportedCurrency": "USD",
    "cik": "0000713676",
    "fillingDate": "2006-11-09",
    "acceptedDate": "2006-11-09 13:58:48",
    "calendarYear": "2006",
    "period": "Q3",
    "revenue": 4146000000,
    "costOfRevenue": 652000000,
    "grossProfit": 3494000000,
    "grossProfitRatio": 0.8427399904,
    "researchAndDevelopmentExpenses": 0,
    "generalAndAdministrativeExpenses": 659000000,
    "sellingAndMarketingExpenses": 39000000,
    "sellingGeneralAndAdministrativeExpenses": 698000000,
    "otherExpenses": 475000000,
    "operatingExpenses": 1173000000,
    "costAndExpenses": 1825000000,
    "interestIncome": 1203000000,
    "interestExpense": 636000000,
    "depreciationAndAmortization": 86000000,
    "ebitda": 2407000000,
    "ebitdaratio": 0.5805595755,
    "operatingIncome": 2321000000,
    "operatingIncomeRatio": 0.5598166908,
    "totalOtherIncomeExpensesNet": 0,
    "incomeBeforeTax": 2321000000,
    "incomeBeforeTaxRatio": 0.5598166908,
    "incomeTaxExpense": 837000000,
    "netIncome": 1484000000,
    "netIncomeRatio": 0.3579353594,
    "eps": 5.09,
    "epsdiluted": 5.01,
    "weightedAverageShsOut": 291000000,
    "weightedAverageShsOutDil": 296000000,
    "link": "https://www.sec.gov/Archives/edgar/data/713676/000119312506230017/0001193125-06-230017-index.htm",
    "finalLink": "https://www.sec.gov/Archives/edgar/data/713676/000119312506230017/d10q.htm"
  },
  {
    "date": "2006-06-30",
    "symbol": "PNC",
    "reportedCurrency": "USD",
    "cik": "0000713676",
    "fillingDate": "2006-08-09",
    "acceptedDate": "2006-08-09 12:02:52",
    "calendarYear": "2006",
    "period": "Q2",
    "revenue": 2356000000,
    "costOfRevenue": 614000000,
    "grossProfit": 1742000000,
    "grossProfitRatio": 0.7393887946,
    "researchAndDevelopmentExpenses": 0,
    "generalAndAdministrativeExpenses": 634000000,
    "sellingAndMarketingExpenses": 22000000,
    "sellingGeneralAndAdministrativeExpenses": 656000000,
    "otherExpenses": 508000000,
    "operatingExpenses": 1164000000,
    "costAndExpenses": 1778000000,
    "interestIncome": 1126000000,
    "interestExpense": 570000000,
    "depreciationAndAmortization": 89000000,
    "ebitda": 667000000,
    "ebitdaratio": 0.283106961,
    "operatingIncome": 578000000,
    "operatingIncomeRatio": 0.2453310696,
    "totalOtherIncomeExpensesNet": 0,
    "incomeBeforeTax": 578000000,
    "incomeBeforeTaxRatio": 0.2453310696,
    "incomeTaxExpense": 197000000,
    "netIncome": 381000000,
    "netIncomeRatio": 0.1617147708,
    "eps": 1.3,
    "epsdiluted": 1.28,
    "weightedAverageShsOut": 293000000,
    "weightedAverageShsOutDil": 297000000,
    "link": "https://www.sec.gov/Archives/edgar/data/713676/000119312506167183/0001193125-06-167183-index.htm",
    "finalLink": "https://www.sec.gov/Archives/edgar/data/713676/000119312506167183/d10q.htm"
  },
  {
    "date": "2006-03-31",
    "symbol": "PNC",
    "reportedCurrency": "USD",
    "cik": "0000713676",
    "fillingDate": "2006-05-09",
    "acceptedDate": "2006-05-09 16:14:46",
    "calendarYear": "2006",
    "period": "Q1",
    "revenue": 2251000000,
    "costOfRevenue": 532000000,
    "grossProfit": 1719000000,
    "grossProfitRatio": 0.7636605953,
    "researchAndDevelopmentExpenses": 0,
    "generalAndAdministrativeExpenses": 642000000,
    "sellingAndMarketingExpenses": 20000000,
    "sellingGeneralAndAdministrativeExpenses": 662000000,
    "otherExpenses": 522000000,
    "operatingExpenses": 1184000000,
    "costAndExpenses": 1716000000,
    "interestIncome": 1066000000,
    "interestExpense": 510000000,
    "depreciationAndAmortization": 93000000,
    "ebitda": 628000000,
    "ebitdaratio": 0.2789871168,
    "operatingIncome": 535000000,
    "operatingIncomeRatio": 0.2376721457,
    "totalOtherIncomeExpensesNet": 0,
    "incomeBeforeTax": 535000000,
    "incomeBeforeTaxRatio": 0.2376721457,
    "incomeTaxExpense": 181000000,
    "netIncome": 354000000,
    "netIncomeRatio": 0.1572634385,
    "eps": 1.21,
    "epsdiluted": 1.19,
    "weightedAverageShsOut": 292000000,
    "weightedAverageShsOutDil": 296000000,
    "link": "https://www.sec.gov/Archives/edgar/data/713676/000119312506105427/0001193125-06-105427-index.htm",
    "finalLink": "https://www.sec.gov/Archives/edgar/data/713676/000119312506105427/d10q.htm"
  },
  {
    "date": "2005-12-31",
    "symbol": "PNC",
    "reportedCurrency": "USD",
    "cik": "0000713676",
    "fillingDate": "2006-03-15",
    "acceptedDate": "2006-03-15 11:46:36",
    "calendarYear": "2005",
    "period": "Q4",
    "revenue": 2185000000,
    "costOfRevenue": 503000000,
    "grossProfit": 1682000000,
    "grossProfitRatio": 0.7697940503,
    "researchAndDevelopmentExpenses": 0,
    "generalAndAdministrativeExpenses": 633000000,
    "sellingAndMarketingExpenses": 31000000,
    "sellingGeneralAndAdministrativeExpenses": 664000000,
    "otherExpenses": 482000000,
    "operatingExpenses": 1146000000,
    "costAndExpenses": 1649000000,
    "interestIncome": 1034000000,
    "interestExpense": 479000000,
    "depreciationAndAmortization": 98000000,
    "ebitda": 634000000,
    "ebitdaratio": 0.2901601831,
    "operatingIncome": 536000000,
    "operatingIncomeRatio": 0.2453089245,
    "totalOtherIncomeExpensesNet": 0,
    "incomeBeforeTax": 536000000,
    "incomeBeforeTaxRatio": 0.2453089245,
    "incomeTaxExpense": 181000000,
    "netIncome": 355000000,
    "netIncomeRatio": 0.1624713959,
    "eps": 1.23,
    "epsdiluted": 1.22,
    "weightedAverageShsOut": 289000000,
    "weightedAverageShsOutDil": 292000000,
    "link": "https://www.sec.gov/Archives/edgar/data/713676/000119312506054637/0001193125-06-054637-index.htm",
    "finalLink": "https://www.sec.gov/Archives/edgar/data/713676/000119312506054637/d10k.htm"
  },
  {
    "date": "2005-09-30",
    "symbol": "PNC",
    "reportedCurrency": "USD",
    "cik": "0000713676",
    "fillingDate": "2005-11-07",
    "acceptedDate": "2005-11-07 11:28:04",
    "calendarYear": "2005",
    "period": "Q3",
    "revenue": 2111000000,
    "costOfRevenue": 452000000,
    "grossProfit": 1659000000,
    "grossProfitRatio": 0.7858834676,
    "researchAndDevelopmentExpenses": 0,
    "generalAndAdministrativeExpenses": 631000000,
    "sellingAndMarketingExpenses": 30000000,
    "sellingGeneralAndAdministrativeExpenses": 661000000,
    "otherExpenses": 512000000,
    "operatingExpenses": 1173000000,
    "costAndExpenses": 1625000000,
    "interestIncome": 995000000,
    "interestExpense": 436000000,
    "depreciationAndAmortization": 111000000,
    "ebitda": 597000000,
    "ebitdaratio": 0.2828043581,
    "operatingIncome": 486000000,
    "operatingIncomeRatio": 0.2302226433,
    "totalOtherIncomeExpensesNet": 0,
    "incomeBeforeTax": 486000000,
    "incomeBeforeTaxRatio": 0.2302226433,
    "incomeTaxExpense": 152000000,
    "netIncome": 334000000,
    "netIncomeRatio": 0.1582188536,
    "eps": 1.16,
    "epsdiluted": 1.14,
    "weightedAverageShsOut": 289000000,
    "weightedAverageShsOutDil": 292000000,
    "link": "https://www.sec.gov/Archives/edgar/data/713676/000119312505217775/0001193125-05-217775-index.htm",
    "finalLink": "https://www.sec.gov/Archives/edgar/data/713676/000119312505217775/d10q.htm"
  },
  {
    "date": "2005-06-30",
    "symbol": "PNC",
    "reportedCurrency": "USD",
    "cik": "0000713676",
    "fillingDate": "2005-08-05",
    "acceptedDate": "2005-08-05 15:55:42",
    "calendarYear": "2005",
    "period": "Q2",
    "revenue": 1830000000,
    "costOfRevenue": 340000000,
    "grossProfit": 1490000000,
    "grossProfitRatio": 0.8142076503,
    "researchAndDevelopmentExpenses": 0,
    "generalAndAdministrativeExpenses": 567000000,
    "sellingAndMarketingExpenses": 25000000,
    "sellingGeneralAndAdministrativeExpenses": 592000000,
    "otherExpenses": 457000000,
    "operatingExpenses": 1049000000,
    "costAndExpenses": 1389000000,
    "interestIncome": 901000000,
    "interestExpense": 367000000,
    "depreciationAndAmortization": 86000000,
    "ebitda": 527000000,
    "ebitdaratio": 0.2879781421,
    "operatingIncome": 441000000,
    "operatingIncomeRatio": 0.2409836066,
    "totalOtherIncomeExpensesNet": 0,
    "incomeBeforeTax": 441000000,
    "incomeBeforeTaxRatio": 0.2409836066,
    "incomeTaxExpense": 159000000,
    "netIncome": 282000000,
    "netIncomeRatio": 0.1540983607,
    "eps": 0.99,
    "epsdiluted": 0.98,
    "weightedAverageShsOut": 285000000,
    "weightedAverageShsOutDil": 288000000,
    "link": "https://www.sec.gov/Archives/edgar/data/713676/000119312505159076/0001193125-05-159076-index.htm",
    "finalLink": "https://www.sec.gov/Archives/edgar/data/713676/000119312505159076/d10q.htm"
  },
  {
    "date": "2005-03-31",
    "symbol": "PNC",
    "reportedCurrency": "USD",
    "cik": "0000713676",
    "fillingDate": "2005-05-09",
    "acceptedDate": "2005-05-09 15:27:05",
    "calendarYear": "2005",
    "period": "Q1",
    "revenue": 1778000000,
    "costOfRevenue": 306000000,
    "grossProfit": 1472000000,
    "grossProfitRatio": 0.8278965129,
    "researchAndDevelopmentExpenses": 0,
    "generalAndAdministrativeExpenses": 562000000,
    "sellingAndMarketingExpenses": 20000000,
    "sellingGeneralAndAdministrativeExpenses": 582000000,
    "otherExpenses": 424000000,
    "operatingExpenses": 1006000000,
    "costAndExpenses": 1312000000,
    "interestIncome": 804000000,
    "interestExpense": 298000000,
    "depreciationAndAmortization": 80000000,
    "ebitda": 546000000,
    "ebitdaratio": 0.3070866142,
    "operatingIncome": 466000000,
    "operatingIncomeRatio": 0.2620922385,
    "totalOtherIncomeExpensesNet": 0,
    "incomeBeforeTax": 466000000,
    "incomeBeforeTaxRatio": 0.2620922385,
    "incomeTaxExpense": 112000000,
    "netIncome": 354000000,
    "netIncomeRatio": 0.1991001125,
    "eps": 1.26,
    "epsdiluted": 1.24,
    "weightedAverageShsOut": 281000000,
    "weightedAverageShsOutDil": 284000000,
    "link": "https://www.sec.gov/Archives/edgar/data/713676/000119312505100743/0001193125-05-100743-index.htm",
    "finalLink": "https://www.sec.gov/Archives/edgar/data/713676/000119312505100743/d10q.htm"
  },
  {
    "date": "2004-12-31",
    "symbol": "PNC",
    "reportedCurrency": "USD",
    "cik": "0000713676",
    "fillingDate": "2005-03-16",
    "acceptedDate": "2005-03-16 11:13:58",
    "calendarYear": "2004",
    "period": "Q4",
    "revenue": 1647000000,
    "costOfRevenue": 259000000,
    "grossProfit": 1388000000,
    "grossProfitRatio": 0.8427443837,
    "researchAndDevelopmentExpenses": 0,
    "generalAndAdministrativeExpenses": 534000000,
    "sellingAndMarketingExpenses": 24000000,
    "sellingGeneralAndAdministrativeExpenses": 558000000,
    "otherExpenses": 396000000,
    "operatingExpenses": 954000000,
    "costAndExpenses": 1213000000,
    "interestIncome": 743000000,
    "interestExpense": 240000000,
    "depreciationAndAmortization": 76000000,
    "ebitda": 510000000,
    "ebitdaratio": 0.3096539162,
    "operatingIncome": 434000000,
    "operatingIncomeRatio": 0.2635094111,
    "totalOtherIncomeExpensesNet": 0,
    "incomeBeforeTax": 434000000,
    "incomeBeforeTaxRatio": 0.2635094111,
    "incomeTaxExpense": 127000000,
    "netIncome": 307000000,
    "netIncomeRatio": 0.1863995143,
    "eps": 1.09,
    "epsdiluted": 1.09,
    "weightedAverageShsOut": 281000000,
    "weightedAverageShsOutDil": 281000000,
    "link": "https://www.sec.gov/Archives/edgar/data/713676/000119312505052209/0001193125-05-052209-index.htm",
    "finalLink": "https://www.sec.gov/Archives/edgar/data/713676/000119312505052209/d10k.htm"
  },
  {
    "date": "2004-09-30",
    "symbol": "PNC",
    "reportedCurrency": "USD",
    "cik": "0000713676",
    "fillingDate": "2004-11-05",
    "acceptedDate": "2004-11-05 14:59:20",
    "calendarYear": "2004",
    "period": "Q3",
    "revenue": 1523000000,
    "costOfRevenue": 207000000,
    "grossProfit": 1316000000,
    "grossProfitRatio": 0.8640840446,
    "researchAndDevelopmentExpenses": 0,
    "generalAndAdministrativeExpenses": 576000000,
    "sellingAndMarketingExpenses": 19000000,
    "sellingGeneralAndAdministrativeExpenses": 595000000,
    "otherExpenses": 373000000,
    "operatingExpenses": 968000000,
    "costAndExpenses": 1175000000,
    "interestIncome": 685000000,
    "interestExpense": 194000000,
    "depreciationAndAmortization": 76000000,
    "ebitda": 424000000,
    "ebitdaratio": 0.2783978989,
    "operatingIncome": 348000000,
    "operatingIncomeRatio": 0.2284963887,
    "totalOtherIncomeExpensesNet": 0,
    "incomeBeforeTax": 348000000,
    "incomeBeforeTaxRatio": 0.2284963887,
    "incomeTaxExpense": 90000000,
    "netIncome": 258000000,
    "netIncomeRatio": 0.1694024951,
    "eps": 0.92,
    "epsdiluted": 0.91,
    "weightedAverageShsOut": 281000000,
    "weightedAverageShsOutDil": 283000000,
    "link": "https://www.sec.gov/Archives/edgar/data/713676/000119312504187756/0001193125-04-187756-index.htm",
    "finalLink": "https://www.sec.gov/Archives/edgar/data/713676/000119312504187756/d10q.htm"
  },
  {
    "date": "2004-06-30",
    "symbol": "PNC",
    "reportedCurrency": "USD",
    "cik": "0000713676",
    "fillingDate": "2004-08-09",
    "acceptedDate": "2004-08-09 12:51:37",
    "calendarYear": "2004",
    "period": "Q2",
    "revenue": 1568000000,
    "costOfRevenue": 185000000,
    "grossProfit": 1383000000,
    "grossProfitRatio": 0.8820153061,
    "researchAndDevelopmentExpenses": 0,
    "generalAndAdministrativeExpenses": 491000000,
    "sellingAndMarketingExpenses": 24000000,
    "sellingGeneralAndAdministrativeExpenses": 515000000,
    "otherExpenses": 406000000,
    "operatingExpenses": 921000000,
    "costAndExpenses": 1106000000,
    "interestIncome": 658000000,
    "interestExpense": 177000000,
    "depreciationAndAmortization": 77000000,
    "ebitda": 539000000,
    "ebitdaratio": 0.34375,
    "operatingIncome": 462000000,
    "operatingIncomeRatio": 0.2946428571,
    "totalOtherIncomeExpensesNet": 0,
    "incomeBeforeTax": 462000000,
    "incomeBeforeTaxRatio": 0.2946428571,
    "incomeTaxExpense": 158000000,
    "netIncome": 304000000,
    "netIncomeRatio": 0.193877551,
    "eps": 1.08,
    "epsdiluted": 1.07,
    "weightedAverageShsOut": 281000000,
    "weightedAverageShsOutDil": 283000000,
    "link": "https://www.sec.gov/Archives/edgar/data/713676/000119312504135559/0001193125-04-135559-index.htm",
    "finalLink": "https://www.sec.gov/Archives/edgar/data/713676/000119312504135559/d10q.htm"
  },
  {
    "date": "2004-03-31",
    "symbol": "PNC",
    "reportedCurrency": "USD",
    "cik": "0000713676",
    "fillingDate": "2004-05-10",
    "acceptedDate": "2004-05-10 11:10:25",
    "calendarYear": "2004",
    "period": "Q1",
    "revenue": 1577000000,
    "costOfRevenue": 184000000,
    "grossProfit": 1393000000,
    "grossProfitRatio": 0.8833227647,
    "researchAndDevelopmentExpenses": 0,
    "generalAndAdministrativeExpenses": 463000000,
    "sellingAndMarketingExpenses": 20000000,
    "sellingGeneralAndAdministrativeExpenses": 483000000,
    "otherExpenses": 419000000,
    "operatingExpenses": 902000000,
    "costAndExpenses": 1086000000,
    "interestIncome": 666000000,
    "interestExpense": 172000000,
    "depreciationAndAmortization": 73000000,
    "ebitda": 564000000,
    "ebitdaratio": 0.3576410907,
    "operatingIncome": 491000000,
    "operatingIncomeRatio": 0.3113506658,
    "totalOtherIncomeExpensesNet": 0,
    "incomeBeforeTax": 491000000,
    "incomeBeforeTaxRatio": 0.3113506658,
    "incomeTaxExpense": 163000000,
    "netIncome": 328000000,
    "netIncomeRatio": 0.2079898542,
    "eps": 1.16,
    "epsdiluted": 1.15,
    "weightedAverageShsOut": 282000000,
    "weightedAverageShsOutDil": 284000000,
    "link": "https://www.sec.gov/Archives/edgar/data/713676/000119312504083199/0001193125-04-083199-index.htm",
    "finalLink": "https://www.sec.gov/Archives/edgar/data/713676/000119312504083199/d10q.htm"
  },
  {
    "date": "2003-12-31",
    "symbol": "PNC",
    "reportedCurrency": "USD",
    "cik": "0000713676",
    "fillingDate": "2004-03-12",
    "acceptedDate": "2004-03-12 14:38:03",
    "calendarYear": "2003",
    "period": "Q4",
    "revenue": 1390000000,
    "costOfRevenue": 184000000,
    "grossProfit": 1206000000,
    "grossProfitRatio": 0.8676258993,
    "researchAndDevelopmentExpenses": 0,
    "generalAndAdministrativeExpenses": 468000000,
    "sellingAndMarketingExpenses": 15000000,
    "sellingGeneralAndAdministrativeExpenses": 483000000,
    "otherExpenses": 275000000,
    "operatingExpenses": 758000000,
    "costAndExpenses": 942000000,
    "interestIncome": 610000000,
    "interestExpense": 150000000,
    "depreciationAndAmortization": 74000000,
    "ebitda": 522000000,
    "ebitdaratio": 0.3755395683,
    "operatingIncome": 448000000,
    "operatingIncomeRatio": 0.3223021583,
    "totalOtherIncomeExpensesNet": 0,
    "incomeBeforeTax": 448000000,
    "incomeBeforeTaxRatio": 0.3223021583,
    "incomeTaxExpense": 146000000,
    "netIncome": 274000000,
    "netIncomeRatio": 0.1971223022,
    "eps": 0.99,
    "epsdiluted": 0.97,
    "weightedAverageShsOut": 277000000,
    "weightedAverageShsOutDil": 282000000,
    "link": "https://www.sec.gov/Archives/edgar/data/713676/000119312504040348/0001193125-04-040348-index.htm",
    "finalLink": "https://www.sec.gov/Archives/edgar/data/713676/000119312504040348/d10k.htm"
  },
  {
    "date": "2003-09-30",
    "symbol": "PNC",
    "reportedCurrency": "USD",
    "cik": "0000713676",
    "fillingDate": "2003-11-14",
    "acceptedDate": "2003-11-14 11:29:49",
    "calendarYear": "2003",
    "period": "Q3",
    "revenue": 1624000000,
    "costOfRevenue": 256000000,
    "grossProfit": 1368000000,
    "grossProfitRatio": 0.842364532,
    "researchAndDevelopmentExpenses": 0,
    "generalAndAdministrativeExpenses": 452000000,
    "sellingAndMarketingExpenses": 16000000,
    "sellingGeneralAndAdministrativeExpenses": 468000000,
    "otherExpenses": 467000000,
    "operatingExpenses": 935000000,
    "costAndExpenses": 1191000000,
    "interestIncome": 718000000,
    "interestExpense": 206000000,
    "depreciationAndAmortization": 73000000,
    "ebitda": 506000000,
    "ebitdaratio": 0.3115763547,
    "operatingIncome": 433000000,
    "operatingIncomeRatio": 0.2666256158,
    "totalOtherIncomeExpensesNet": 0,
    "incomeBeforeTax": 433000000,
    "incomeBeforeTaxRatio": 0.2666256158,
    "incomeTaxExpense": 152000000,
    "netIncome": 281000000,
    "netIncomeRatio": 0.1730295567,
    "eps": 1.01,
    "epsdiluted": 1,
    "weightedAverageShsOut": 278000000,
    "weightedAverageShsOutDil": 280000000,
    "link": "https://www.sec.gov/Archives/edgar/data/713676/000095012803001235/0000950128-03-001235-index.htm",
    "finalLink": "https://www.sec.gov/Archives/edgar/data/713676/000095012803001235/j0391701e10vq.txt"
  },
  {
    "date": "2003-06-30",
    "symbol": "PNC",
    "reportedCurrency": "USD",
    "cik": "0000713676",
    "fillingDate": "2003-08-14",
    "acceptedDate": "2003-08-14 09:14:55",
    "calendarYear": "2003",
    "period": "Q2",
    "revenue": 1468000000,
    "costOfRevenue": 228000000,
    "grossProfit": 1240000000,
    "grossProfitRatio": 0.8446866485,
    "researchAndDevelopmentExpenses": 0,
    "generalAndAdministrativeExpenses": 446000000,
    "sellingAndMarketingExpenses": 18000000,
    "sellingGeneralAndAdministrativeExpenses": 464000000,
    "otherExpenses": 484000000,
    "operatingExpenses": 948000000,
    "costAndExpenses": 1176000000,
    "interestIncome": 692000000,
    "interestExpense": 171000000,
    "depreciationAndAmortization": 68000000,
    "ebitda": 360000000,
    "ebitdaratio": 0.2452316076,
    "operatingIncome": 292000000,
    "operatingIncomeRatio": 0.1989100817,
    "totalOtherIncomeExpensesNet": 0,
    "incomeBeforeTax": 292000000,
    "incomeBeforeTaxRatio": 0.1989100817,
    "incomeTaxExpense": 108000000,
    "netIncome": 184000000,
    "netIncomeRatio": 0.1253405995,
    "eps": 0.65,
    "epsdiluted": 0.65,
    "weightedAverageShsOut": 281000000,
    "weightedAverageShsOutDil": 282000000,
    "link": "https://www.sec.gov/Archives/edgar/data/713676/000095012803000934/0000950128-03-000934-index.htm",
    "finalLink": "https://www.sec.gov/Archives/edgar/data/713676/000095012803000934/j0239201e10vq.txt"
  },
  {
    "date": "2003-03-31",
    "symbol": "PNC",
    "reportedCurrency": "USD",
    "cik": "0000713676",
    "fillingDate": "2003-05-15",
    "acceptedDate": "2003-05-15 16:35:45",
    "calendarYear": "2003",
    "period": "Q1",
    "revenue": 1487000000,
    "costOfRevenue": 225000000,
    "grossProfit": 1262000000,
    "grossProfitRatio": 0.8486886348,
    "researchAndDevelopmentExpenses": 0,
    "generalAndAdministrativeExpenses": 438000000,
    "sellingAndMarketingExpenses": 15000000,
    "sellingGeneralAndAdministrativeExpenses": 453000000,
    "otherExpenses": 414000000,
    "operatingExpenses": 867000000,
    "costAndExpenses": 1092000000,
    "interestIncome": 692000000,
    "interestExpense": 189000000,
    "depreciationAndAmortization": 74000000,
    "ebitda": 469000000,
    "ebitdaratio": 0.3154001345,
    "operatingIncome": 395000000,
    "operatingIncomeRatio": 0.2656355077,
    "totalOtherIncomeExpensesNet": 0,
    "incomeBeforeTax": 395000000,
    "incomeBeforeTaxRatio": 0.2656355077,
    "incomeTaxExpense": 133000000,
    "netIncome": 262000000,
    "netIncomeRatio": 0.1761936785,
    "eps": 0.93,
    "epsdiluted": 0.92,
    "weightedAverageShsOut": 283000000,
    "weightedAverageShsOutDil": 284000000,
    "link": "https://www.sec.gov/Archives/edgar/data/713676/000095012803000681/0000950128-03-000681-index.htm",
    "finalLink": "https://www.sec.gov/Archives/edgar/data/713676/000095012803000681/j0091101e10vq.txt"
  },
  {
    "date": "2002-12-31",
    "symbol": "PNC",
    "reportedCurrency": "USD",
    "cik": "0000713676",
    "fillingDate": "2003-03-13",
    "acceptedDate": "2003-03-13 16:01:31",
    "calendarYear": "2002",
    "period": "Q4",
    "revenue": 1551000000,
    "costOfRevenue": 282000000,
    "grossProfit": 1269000000,
    "grossProfitRatio": 0.8181818182,
    "researchAndDevelopmentExpenses": 0,
    "generalAndAdministrativeExpenses": 408000000,
    "sellingAndMarketingExpenses": 11000000,
    "sellingGeneralAndAdministrativeExpenses": 419000000,
    "otherExpenses": 427000000,
    "operatingExpenses": 846000000,
    "costAndExpenses": 1128000000,
    "interestIncome": 741000000,
    "interestExpense": 217000000,
    "depreciationAndAmortization": 177000000,
    "ebitda": 600000000,
    "ebitdaratio": 0.3868471954,
    "operatingIncome": 423000000,
    "operatingIncomeRatio": 0.2727272727,
    "totalOtherIncomeExpensesNet": 0,
    "incomeBeforeTax": 423000000,
    "incomeBeforeTaxRatio": 0.2727272727,
    "incomeTaxExpense": 145000000,
    "netIncome": 262000000,
    "netIncomeRatio": 0.1689232753,
    "eps": 0.93,
    "epsdiluted": 0.93,
    "weightedAverageShsOut": 283000000,
    "weightedAverageShsOutDil": 283000000,
    "link": "https://www.sec.gov/Archives/edgar/data/713676/000095012803000346/0000950128-03-000346-index.htm",
    "finalLink": "https://www.sec.gov/Archives/edgar/data/713676/000095012803000346/j9925001e10vk.txt"
  },
  {
    "date": "2002-09-30",
    "symbol": "PNC",
    "reportedCurrency": "USD",
    "cik": "0000713676",
    "fillingDate": "2002-11-14",
    "acceptedDate": "2002-11-14 20:34:47",
    "calendarYear": "2002",
    "period": "Q3",
    "revenue": 1540000000,
    "costOfRevenue": 314000000,
    "grossProfit": 1226000000,
    "grossProfitRatio": 0.7961038961,
    "researchAndDevelopmentExpenses": 0,
    "generalAndAdministrativeExpenses": 422000000,
    "sellingAndMarketingExpenses": 14000000,
    "sellingGeneralAndAdministrativeExpenses": 436000000,
    "otherExpenses": 358000000,
    "operatingExpenses": 794000000,
    "costAndExpenses": 1108000000,
    "interestIncome": 769000000,
    "interestExpense": 241000000,
    "depreciationAndAmortization": 135000000,
    "ebitda": 567000000,
    "ebitdaratio": 0.3681818182,
    "operatingIncome": 432000000,
    "operatingIncomeRatio": 0.2805194805,
    "totalOtherIncomeExpensesNet": 0,
    "incomeBeforeTax": 432000000,
    "incomeBeforeTaxRatio": 0.2805194805,
    "incomeTaxExpense": 147000000,
    "netIncome": 285000000,
    "netIncomeRatio": 0.1850649351,
    "eps": 1,
    "epsdiluted": 1,
    "weightedAverageShsOut": 284000000,
    "weightedAverageShsOutDil": 285000000,
    "link": "https://www.sec.gov/Archives/edgar/data/713676/000095015202008594/0000950152-02-008594-index.htm",
    "finalLink": "https://www.sec.gov/Archives/edgar/data/713676/000095015202008594/j9708901e10vq.txt"
  },
  {
    "date": "2002-06-30",
    "symbol": "PNC",
    "reportedCurrency": "USD",
    "cik": "0000713676",
    "fillingDate": "2002-08-14",
    "acceptedDate": "2002-08-14 13:25:54",
    "calendarYear": "2002",
    "period": "Q2",
    "revenue": 1659000000,
    "costOfRevenue": 338000000,
    "grossProfit": 1321000000,
    "grossProfitRatio": 0.7962628089,
    "researchAndDevelopmentExpenses": 0,
    "generalAndAdministrativeExpenses": 441000000,
    "sellingAndMarketingExpenses": 13000000,
    "sellingGeneralAndAdministrativeExpenses": 454000000,
    "otherExpenses": 382000000,
    "operatingExpenses": 836000000,
    "costAndExpenses": 1174000000,
    "interestIncome": 804000000,
    "interestExpense": 249000000,
    "depreciationAndAmortization": -14000000,
    "ebitda": 471000000,
    "ebitdaratio": 0.2839059675,
    "operatingIncome": 485000000,
    "operatingIncomeRatio": 0.292344786,
    "totalOtherIncomeExpensesNet": 0,
    "incomeBeforeTax": 485000000,
    "incomeBeforeTaxRatio": 0.292344786,
    "incomeTaxExpense": 165000000,
    "netIncome": 320000000,
    "netIncomeRatio": 0.1928872815,
    "eps": 1.13,
    "epsdiluted": 1.12,
    "weightedAverageShsOut": 283000000,
    "weightedAverageShsOutDil": 285000000,
    "link": "https://www.sec.gov/Archives/edgar/data/713676/000095012802000611/0000950128-02-000611-index.htm",
    "finalLink": "https://www.sec.gov/Archives/edgar/data/713676/000095012802000611/j9560501e10vq.txt"
  },
  {
    "date": "2002-03-31",
    "symbol": "PNC",
    "reportedCurrency": "USD",
    "cik": "0000713676",
    "fillingDate": "2002-05-15",
    "acceptedDate": "2002-05-15 17:25:23",
    "calendarYear": "2002",
    "period": "Q1",
    "revenue": 1648000000,
    "costOfRevenue": 350000000,
    "grossProfit": 1298000000,
    "grossProfitRatio": 0.7876213592,
    "researchAndDevelopmentExpenses": 0,
    "generalAndAdministrativeExpenses": 430000000,
    "sellingAndMarketingExpenses": 13000000,
    "sellingGeneralAndAdministrativeExpenses": 443000000,
    "otherExpenses": 374000000,
    "operatingExpenses": 817000000,
    "costAndExpenses": 1167000000,
    "interestIncome": 858000000,
    "interestExpense": 268000000,
    "depreciationAndAmortization": 58000000,
    "ebitda": 539000000,
    "ebitdaratio": 0.3270631068,
    "operatingIncome": 481000000,
    "operatingIncomeRatio": 0.291868932,
    "totalOtherIncomeExpensesNet": 0,
    "incomeBeforeTax": 481000000,
    "incomeBeforeTaxRatio": 0.291868932,
    "incomeTaxExpense": 164000000,
    "netIncome": 317000000,
    "netIncomeRatio": 0.1923543689,
    "eps": 1.12,
    "epsdiluted": 1.11,
    "weightedAverageShsOut": 283000000,
    "weightedAverageShsOutDil": 285000000,
    "link": "https://www.sec.gov/Archives/edgar/data/713676/000095015202004363/0000950152-02-004363-index.htm",
    "finalLink": "https://www.sec.gov/Archives/edgar/data/713676/000095015202004363/j9423401e10-q.txt"
  },
  {
    "date": "2001-12-31",
    "symbol": "PNC",
    "reportedCurrency": "USD",
    "cik": "0000713676",
    "fillingDate": "2002-03-29",
    "acceptedDate": "2002-03-29 00:00:00",
    "calendarYear": "2001",
    "period": "Q4",
    "revenue": 1239000000,
    "costOfRevenue": 992000000,
    "grossProfit": 247000000,
    "grossProfitRatio": 0.199354318,
    "researchAndDevelopmentExpenses": 0,
    "generalAndAdministrativeExpenses": 409000000,
    "sellingAndMarketingExpenses": 19000000,
    "sellingGeneralAndAdministrativeExpenses": 428000000,
    "otherExpenses": 560000000,
    "operatingExpenses": 988000000,
    "costAndExpenses": 1980000000,
    "interestIncome": 906000000,
    "interestExpense": 324000000,
    "depreciationAndAmortization": 39000000,
    "ebitda": -702000000,
    "ebitdaratio": -0.5665859564,
    "operatingIncome": -741000000,
    "operatingIncomeRatio": -0.598062954,
    "totalOtherIncomeExpensesNet": 0,
    "incomeBeforeTax": -741000000,
    "incomeBeforeTaxRatio": -0.598062954,
    "incomeTaxExpense": -260000000,
    "netIncome": -521000000,
    "netIncomeRatio": -0.4205004036,
    "eps": -1.84,
    "epsdiluted": -1.84,
    "weightedAverageShsOut": 283000000,
    "weightedAverageShsOutDil": 283000000,
    "link": "https://www.sec.gov/Archives/edgar/data/713676/000095012802000329/0000950128-02-000329-index.htm",
    "finalLink": "https://www.sec.gov/Archives/edgar/data/713676/000095012802000329/j9348001e10-k405.txt"
  },
  {
    "date": "2001-09-30",
    "symbol": "PNC",
    "reportedCurrency": "USD",
    "cik": "0000713676",
    "fillingDate": "2001-11-14",
    "acceptedDate": "2001-11-14 00:00:00",
    "calendarYear": "2001",
    "period": "Q3",
    "revenue": 1704000000,
    "costOfRevenue": 529000000,
    "grossProfit": 1175000000,
    "grossProfitRatio": 0.6895539906,
    "researchAndDevelopmentExpenses": 0,
    "generalAndAdministrativeExpenses": 419000000,
    "sellingAndMarketingExpenses": 13000000,
    "sellingGeneralAndAdministrativeExpenses": 432000000,
    "otherExpenses": 368000000,
    "operatingExpenses": 800000000,
    "costAndExpenses": 1329000000,
    "interestIncome": 984000000,
    "interestExpense": 419000000,
    "depreciationAndAmortization": 53000000,
    "ebitda": 428000000,
    "ebitdaratio": 0.2511737089,
    "operatingIncome": 375000000,
    "operatingIncomeRatio": 0.2200704225,
    "totalOtherIncomeExpensesNet": 0,
    "incomeBeforeTax": 375000000,
    "incomeBeforeTaxRatio": 0.2200704225,
    "incomeTaxExpense": 128000000,
    "netIncome": 247000000,
    "netIncomeRatio": 0.1449530516,
    "eps": 0.85,
    "epsdiluted": 0.84,
    "weightedAverageShsOut": 286000000,
    "weightedAverageShsOutDil": 289000000,
    "link": "https://www.sec.gov/Archives/edgar/data/713676/000095012801500710/0000950128-01-500710-index.htm",
    "finalLink": "https://www.sec.gov/Archives/edgar/data/713676/000095012801500710/j9126301e10-q.txt"
  },
  {
    "date": "2001-06-30",
    "symbol": "PNC",
    "reportedCurrency": "USD",
    "cik": "0000713676",
    "fillingDate": "2001-08-14",
    "acceptedDate": "2001-08-14 00:00:00",
    "calendarYear": "2001",
    "period": "Q2",
    "revenue": 1812000000,
    "costOfRevenue": 559000000,
    "grossProfit": 1253000000,
    "grossProfitRatio": 0.6915011038,
    "researchAndDevelopmentExpenses": 0,
    "generalAndAdministrativeExpenses": 418000000,
    "sellingAndMarketingExpenses": 16000000,
    "sellingGeneralAndAdministrativeExpenses": 434000000,
    "otherExpenses": 368000000,
    "operatingExpenses": 802000000,
    "costAndExpenses": 1361000000,
    "interestIncome": 1079000000,
    "interestExpense": 514000000,
    "depreciationAndAmortization": 47000000,
    "ebitda": 498000000,
    "ebitdaratio": 0.2748344371,
    "operatingIncome": 451000000,
    "operatingIncomeRatio": 0.2488962472,
    "totalOtherIncomeExpensesNet": 0,
    "incomeBeforeTax": 451000000,
    "incomeBeforeTaxRatio": 0.2488962472,
    "incomeTaxExpense": 156000000,
    "netIncome": 295000000,
    "netIncomeRatio": 0.162803532,
    "eps": 1.01,
    "epsdiluted": 1,
    "weightedAverageShsOut": 288000000,
    "weightedAverageShsOutDil": 291000000,
    "link": "https://www.sec.gov/Archives/edgar/data/713676/000095012801500466/0000950128-01-500466-index.htm",
    "finalLink": "https://www.sec.gov/Archives/edgar/data/713676/000095012801500466/j8936801e10-q.txt"
  },
  {
    "date": "2001-03-31",
    "symbol": "PNC",
    "reportedCurrency": "USD",
    "cik": "0000713676",
    "fillingDate": "2001-05-10",
    "acceptedDate": "2001-05-10 00:00:00",
    "calendarYear": "2001",
    "period": "Q1",
    "revenue": 1873000000,
    "costOfRevenue": 698000000,
    "grossProfit": 1175000000,
    "grossProfitRatio": 0.6273358249,
    "researchAndDevelopmentExpenses": 0,
    "generalAndAdministrativeExpenses": 421000000,
    "sellingAndMarketingExpenses": 9000000,
    "sellingGeneralAndAdministrativeExpenses": 430000000,
    "otherExpenses": 345000000,
    "operatingExpenses": 775000000,
    "costAndExpenses": 1473000000,
    "interestIncome": 1172000000,
    "interestExpense": 618000000,
    "depreciationAndAmortization": 100000000,
    "ebitda": 500000000,
    "ebitdaratio": 0.2669514148,
    "operatingIncome": 400000000,
    "operatingIncomeRatio": 0.2135611319,
    "totalOtherIncomeExpensesNet": 0,
    "incomeBeforeTax": 400000000,
    "incomeBeforeTaxRatio": 0.2135611319,
    "incomeTaxExpense": 135000000,
    "netIncome": 300000000,
    "netIncomeRatio": 0.1601708489,
    "eps": 1.02,
    "epsdiluted": 1.01,
    "weightedAverageShsOut": 289200000,
    "weightedAverageShsOutDil": 292800000,
    "link": "https://www.sec.gov/Archives/edgar/data/713676/000095012801500061/0000950128-01-500061-index.htm",
    "finalLink": "https://www.sec.gov/Archives/edgar/data/713676/000095012801500061/j8790701e10-q.txt"
  },
  {
    "date": "2000-12-31",
    "symbol": "PNC",
    "reportedCurrency": "USD",
    "cik": "0000713676",
    "fillingDate": "2001-03-12",
    "acceptedDate": "2001-03-12 00:00:00",
    "calendarYear": "2000",
    "period": "Q4",
    "revenue": 1925000000,
    "costOfRevenue": 697000000,
    "grossProfit": 1228000000,
    "grossProfitRatio": 0.6379220779,
    "researchAndDevelopmentExpenses": 0,
    "generalAndAdministrativeExpenses": 410000000,
    "sellingAndMarketingExpenses": 22000000,
    "sellingGeneralAndAdministrativeExpenses": 432000000,
    "otherExpenses": 320000000,
    "operatingExpenses": 752000000,
    "costAndExpenses": 1449000000,
    "interestIncome": 1190000000,
    "interestExpense": 657000000,
    "depreciationAndAmortization": 88000000,
    "ebitda": 564000000,
    "ebitdaratio": 0.292987013,
    "operatingIncome": 476000000,
    "operatingIncomeRatio": 0.2472727273,
    "totalOtherIncomeExpensesNet": 0,
    "incomeBeforeTax": 476000000,
    "incomeBeforeTaxRatio": 0.2472727273,
    "incomeTaxExpense": 162000000,
    "netIncome": 334000000,
    "netIncomeRatio": 0.1735064935,
    "eps": 1.16,
    "epsdiluted": 1.14,
    "weightedAverageShsOut": 282531000,
    "weightedAverageShsOutDil": 289200000,
    "link": "https://www.sec.gov/Archives/edgar/data/713676/000095012801000481/0000950128-01-000481-index.htm",
    "finalLink": "https://www.sec.gov/Archives/edgar/data/713676/000095012801000481/j8606301e10-k405.txt"
  },
  {
    "date": "2000-09-30",
    "symbol": "PNC",
    "reportedCurrency": "USD",
    "cik": "0000713676",
    "fillingDate": "2000-11-07",
    "acceptedDate": "2000-11-07 00:00:00",
    "calendarYear": "2000",
    "period": "Q3",
    "revenue": 1901000000,
    "costOfRevenue": 700000000,
    "grossProfit": 1201000000,
    "grossProfitRatio": 0.6317727512,
    "researchAndDevelopmentExpenses": 0,
    "generalAndAdministrativeExpenses": 399000000,
    "sellingAndMarketingExpenses": 16000000,
    "sellingGeneralAndAdministrativeExpenses": 415000000,
    "otherExpenses": 332000000,
    "operatingExpenses": 747000000,
    "costAndExpenses": 1447000000,
    "interestIncome": 1201000000,
    "interestExpense": 670000000,
    "depreciationAndAmortization": 79000000,
    "ebitda": 533000000,
    "ebitdaratio": 0.280378748,
    "operatingIncome": 454000000,
    "operatingIncomeRatio": 0.2388216728,
    "totalOtherIncomeExpensesNet": 0,
    "incomeBeforeTax": 454000000,
    "incomeBeforeTaxRatio": 0.2388216728,
    "incomeTaxExpense": 155000000,
    "netIncome": 322000000,
    "netIncomeRatio": 0.1693845345,
    "eps": 1.1,
    "epsdiluted": 1.09,
    "weightedAverageShsOut": 289000000,
    "weightedAverageShsOutDil": 292000000,
    "link": "https://www.sec.gov/Archives/edgar/data/713676/000095012800001271/0000950128-00-001271-index.htm",
    "finalLink": "https://www.sec.gov/Archives/edgar/data/713676/000095012800001271/j8482501e10-q.txt"
  },
  {
    "date": "2000-06-30",
    "symbol": "PNC",
    "reportedCurrency": "USD",
    "cik": "0000713676",
    "fillingDate": "2000-08-14",
    "acceptedDate": "2000-08-14 00:00:00",
    "calendarYear": "2000",
    "period": "Q2",
    "revenue": 1908000000,
    "costOfRevenue": 670000000,
    "grossProfit": 1238000000,
    "grossProfitRatio": 0.6488469602,
    "researchAndDevelopmentExpenses": 0,
    "generalAndAdministrativeExpenses": 396000000,
    "sellingAndMarketingExpenses": 19000000,
    "sellingGeneralAndAdministrativeExpenses": 415000000,
    "otherExpenses": 365000000,
    "operatingExpenses": 780000000,
    "costAndExpenses": 1450000000,
    "interestIncome": 1180000000,
    "interestExpense": 635000000,
    "depreciationAndAmortization": 42000000,
    "ebitda": 500000000,
    "ebitdaratio": 0.2620545073,
    "operatingIncome": 458000000,
    "operatingIncomeRatio": 0.2400419287,
    "totalOtherIncomeExpensesNet": 0,
    "incomeBeforeTax": 458000000,
    "incomeBeforeTaxRatio": 0.2400419287,
    "incomeTaxExpense": 159000000,
    "netIncome": 315000000,
    "netIncomeRatio": 0.1650943396,
    "eps": 1.07,
    "epsdiluted": 1.06,
    "weightedAverageShsOut": 289800000,
    "weightedAverageShsOutDil": 292200000,
    "link": "https://www.sec.gov/Archives/edgar/data/713676/000095012800001087/0000950128-00-001087-index.htm",
    "finalLink": "https://www.sec.gov/Archives/edgar/data/713676/000095012800001087/e10-q.txt"
  },
  {
    "date": "2000-03-31",
    "symbol": "PNC",
    "reportedCurrency": "USD",
    "cik": "0000713676",
    "fillingDate": "2000-05-15",
    "acceptedDate": "2000-05-15 00:00:00",
    "calendarYear": "2000",
    "period": "Q1",
    "revenue": 1889000000,
    "costOfRevenue": 637000000,
    "grossProfit": 1252000000,
    "grossProfitRatio": 0.6627845421,
    "researchAndDevelopmentExpenses": 0,
    "generalAndAdministrativeExpenses": 411000000,
    "sellingAndMarketingExpenses": 13000000,
    "sellingGeneralAndAdministrativeExpenses": 424000000,
    "otherExpenses": 368000000,
    "operatingExpenses": 792000000,
    "costAndExpenses": 1429000000,
    "interestIncome": 1161000000,
    "interestExpense": 606000000,
    "depreciationAndAmortization": 131000000,
    "ebitda": 591000000,
    "ebitdaratio": 0.3128639492,
    "operatingIncome": 460000000,
    "operatingIncomeRatio": 0.2435150873,
    "totalOtherIncomeExpensesNet": 0,
    "incomeBeforeTax": 460000000,
    "incomeBeforeTaxRatio": 0.2435150873,
    "incomeTaxExpense": 158000000,
    "netIncome": 308000000,
    "netIncomeRatio": 0.1630492324,
    "eps": 1.04,
    "epsdiluted": 1.04,
    "weightedAverageShsOut": 291900000,
    "weightedAverageShsOutDil": 294100000,
    "link": "https://www.sec.gov/Archives/edgar/data/713676/000095012800000827/0000950128-00-000827-index.html",
    "finalLink": "https://www.sec.gov/Archives/edgar/data/713676/000095012800000827/0000950128-00-000827.txt"
  },
  {
    "date": "1999-12-31",
    "symbol": "PNC",
    "reportedCurrency": "USD",
    "cik": "0000713676",
    "fillingDate": "2000-03-27",
    "acceptedDate": "2000-03-27 00:00:00",
    "calendarYear": "1999",
    "period": "Q4",
    "revenue": 1914000000,
    "costOfRevenue": 671000000,
    "grossProfit": 1243000000,
    "grossProfitRatio": 0.6494252874,
    "researchAndDevelopmentExpenses": 0,
    "generalAndAdministrativeExpenses": 397000000,
    "sellingAndMarketingExpenses": 25000000,
    "sellingGeneralAndAdministrativeExpenses": 422000000,
    "otherExpenses": 388000000,
    "operatingExpenses": 810000000,
    "costAndExpenses": 1481000000,
    "interestIncome": 1215000000,
    "interestExpense": 641000000,
    "depreciationAndAmortization": 71000000,
    "ebitda": 504000000,
    "ebitdaratio": 0.263322884,
    "operatingIncome": 433000000,
    "operatingIncomeRatio": 0.2262277952,
    "totalOtherIncomeExpensesNet": 0,
    "incomeBeforeTax": 433000000,
    "incomeBeforeTaxRatio": 0.2262277952,
    "incomeTaxExpense": 129000000,
    "netIncome": 304000000,
    "netIncomeRatio": 0.1588296761,
    "eps": 1.01,
    "epsdiluted": 1.01,
    "weightedAverageShsOut": 291900000,
    "weightedAverageShsOutDil": 291900000,
    "link": "https://www.sec.gov/Archives/edgar/data/713676/000095012800000575/0000950128-00-000575-index.html",
    "finalLink": "https://www.sec.gov/Archives/edgar/data/713676/000095012800000575/0000950128-00-000575.txt"
  },
  {
    "date": "1999-09-30",
    "symbol": "PNC",
    "reportedCurrency": "USD",
    "cik": "0000713676",
    "fillingDate": "1999-11-15",
    "acceptedDate": "1999-11-15 00:00:00",
    "calendarYear": "1999",
    "period": "Q3",
    "revenue": 1696000000,
    "costOfRevenue": 582000000,
    "grossProfit": 1114000000,
    "grossProfitRatio": 0.6568396226,
    "researchAndDevelopmentExpenses": 0,
    "generalAndAdministrativeExpenses": 324000000,
    "sellingAndMarketingExpenses": 17000000,
    "sellingGeneralAndAdministrativeExpenses": 341000000,
    "otherExpenses": 315000000,
    "operatingExpenses": 656000000,
    "costAndExpenses": 1238000000,
    "interestIncome": 1125000000,
    "interestExpense": 552000000,
    "depreciationAndAmortization": 49000000,
    "ebitda": 507000000,
    "ebitdaratio": 0.2989386792,
    "operatingIncome": 458000000,
    "operatingIncomeRatio": 0.2700471698,
    "totalOtherIncomeExpensesNet": 0,
    "incomeBeforeTax": 458000000,
    "incomeBeforeTaxRatio": 0.2700471698,
    "incomeTaxExpense": 159000000,
    "netIncome": 320000000,
    "netIncomeRatio": 0.1886792453,
    "eps": 1.07,
    "epsdiluted": 1.06,
    "weightedAverageShsOut": 294500000,
    "weightedAverageShsOutDil": 297600000,
    "link": "https://www.sec.gov/Archives/edgar/data/713676/000095012899001138/0000950128-99-001138-index.html",
    "finalLink": "https://www.sec.gov/Archives/edgar/data/713676/000095012899001138/0000950128-99-001138.txt"
  },
  {
    "date": "1999-06-30",
    "symbol": "PNC",
    "reportedCurrency": "USD",
    "cik": "0000713676",
    "fillingDate": "1999-08-16",
    "acceptedDate": "1999-08-16 00:00:00",
    "calendarYear": "1999",
    "period": "Q2",
    "revenue": 1868000000,
    "costOfRevenue": 622000000,
    "grossProfit": 1246000000,
    "grossProfitRatio": 0.6670235546,
    "researchAndDevelopmentExpenses": 0,
    "generalAndAdministrativeExpenses": 364000000,
    "sellingAndMarketingExpenses": 17000000,
    "sellingGeneralAndAdministrativeExpenses": 381000000,
    "otherExpenses": 386000000,
    "operatingExpenses": 767000000,
    "costAndExpenses": 1389000000,
    "interestIncome": 1204000000,
    "interestExpense": 597000000,
    "depreciationAndAmortization": 87000000,
    "ebitda": 566000000,
    "ebitdaratio": 0.3029978587,
    "operatingIncome": 479000000,
    "operatingIncomeRatio": 0.2564239829,
    "totalOtherIncomeExpensesNet": 0,
    "incomeBeforeTax": 479000000,
    "incomeBeforeTaxRatio": 0.2564239829,
    "incomeTaxExpense": 164000000,
    "netIncome": 315000000,
    "netIncomeRatio": 0.1686295503,
    "eps": 1.04,
    "epsdiluted": 1.03,
    "weightedAverageShsOut": 297400000,
    "weightedAverageShsOutDil": 300900000,
    "link": "https://www.sec.gov/Archives/edgar/data/713676/000095012899000941/0000950128-99-000941-index.html",
    "finalLink": "https://www.sec.gov/Archives/edgar/data/713676/000095012899000941/"
  },
  {
    "date": "1999-03-31",
    "symbol": "PNC",
    "reportedCurrency": "USD",
    "cik": "0000713676",
    "fillingDate": "1999-05-17",
    "acceptedDate": "1999-05-17 00:00:00",
    "calendarYear": "1999",
    "period": "Q1",
    "revenue": 2021000000,
    "costOfRevenue": 710000000,
    "grossProfit": 1311000000,
    "grossProfitRatio": 0.6486887679,
    "researchAndDevelopmentExpenses": 0,
    "generalAndAdministrativeExpenses": 412000000,
    "sellingAndMarketingExpenses": 15000000,
    "sellingGeneralAndAdministrativeExpenses": 427000000,
    "otherExpenses": 396000000,
    "operatingExpenses": 823000000,
    "costAndExpenses": 1533000000,
    "interestIncome": 1290000000,
    "interestExpense": 632000000,
    "depreciationAndAmortization": 130000000,
    "ebitda": 618000000,
    "ebitdaratio": 0.3057892133,
    "operatingIncome": 488000000,
    "operatingIncomeRatio": 0.2414646215,
    "totalOtherIncomeExpensesNet": 0,
    "incomeBeforeTax": 488000000,
    "incomeBeforeTaxRatio": 0.2414646215,
    "incomeTaxExpense": 163000000,
    "netIncome": 325000000,
    "netIncomeRatio": 0.1608114795,
    "eps": 1.06,
    "epsdiluted": 1.05,
    "weightedAverageShsOut": 302300000,
    "weightedAverageShsOutDil": 305500000,
    "link": "https://www.sec.gov/Archives/edgar/data/713676/000095012899000772/0000950128-99-000772-index.html",
    "finalLink": "https://www.sec.gov/Archives/edgar/data/713676/0000950128-99-000772.txt"
  },
  {
    "date": "1998-12-31",
    "symbol": "PNC",
    "reportedCurrency": "USD",
    "cik": "0000713676",
    "fillingDate": "1999-03-25",
    "acceptedDate": "1999-03-25 00:00:00",
    "calendarYear": "1998",
    "period": "Q4",
    "revenue": 2151200000,
    "costOfRevenue": 810100000,
    "grossProfit": 1341100000,
    "grossProfitRatio": 0.6234194868,
    "researchAndDevelopmentExpenses": 0,
    "generalAndAdministrativeExpenses": 392800000,
    "sellingAndMarketingExpenses": 17500000,
    "sellingGeneralAndAdministrativeExpenses": 410300000,
    "otherExpenses": 485700000,
    "operatingExpenses": 896000000,
    "costAndExpenses": 1706100000,
    "interestIncome": 1354200000,
    "interestExpense": 695100000,
    "depreciationAndAmortization": 201000000,
    "ebitda": 646100000,
    "ebitdaratio": 0.300343994,
    "operatingIncome": 445100000,
    "operatingIncomeRatio": 0.2069077724,
    "totalOtherIncomeExpensesNet": 0,
    "incomeBeforeTax": 445100000,
    "incomeBeforeTaxRatio": 0.2069077724,
    "incomeTaxExpense": 160400000,
    "netIncome": 284700000,
    "netIncomeRatio": 0.1323447378,
    "eps": 0.92,
    "epsdiluted": 0.92,
    "weightedAverageShsOut": 302300000,
    "weightedAverageShsOutDil": 302300000,
    "link": "https://www.sec.gov/Archives/edgar/data/713676/000095012899000612/0000950128-99-000612-index.html",
    "finalLink": "https://www.sec.gov/Archives/edgar/data/713676/0000950128-99-000612.txt"
  },
  {
    "date": "1998-09-30",
    "symbol": "PNC",
    "reportedCurrency": "USD",
    "cik": "0000713676",
    "fillingDate": "1998-11-16",
    "acceptedDate": "1998-11-16 00:00:00",
    "calendarYear": "1998",
    "period": "Q3",
    "revenue": 1883000000,
    "costOfRevenue": 753000000,
    "grossProfit": 1130000000,
    "grossProfitRatio": 0.6001062135,
    "researchAndDevelopmentExpenses": 0,
    "generalAndAdministrativeExpenses": 335000000,
    "sellingAndMarketingExpenses": 14000000,
    "sellingGeneralAndAdministrativeExpenses": 349000000,
    "otherExpenses": 347000000,
    "operatingExpenses": 696000000,
    "costAndExpenses": 1449000000,
    "interestIncome": 1354000000,
    "interestExpense": 708000000,
    "depreciationAndAmortization": 220000000,
    "ebitda": 654000000,
    "ebitdaratio": 0.3473181094,
    "operatingIncome": 434000000,
    "operatingIncomeRatio": 0.2304832714,
    "totalOtherIncomeExpensesNet": 0,
    "incomeBeforeTax": 434000000,
    "incomeBeforeTaxRatio": 0.2304832714,
    "incomeTaxExpense": 153000000,
    "netIncome": 281000000,
    "netIncomeRatio": 0.1492299522,
    "eps": 0.92,
    "epsdiluted": 0.91,
    "weightedAverageShsOut": 305435000,
    "weightedAverageShsOutDil": 308791000,
    "link": "https://www.sec.gov/Archives/edgar/data/713676/000095012898001159/0000950128-98-001159-index.html",
    "finalLink": "https://www.sec.gov/Archives/edgar/data/713676/0000950128-98-001159.txt"
  },
  {
    "date": "1998-06-30",
    "symbol": "PNC",
    "reportedCurrency": "USD",
    "cik": "0000713676",
    "fillingDate": "1998-08-14",
    "acceptedDate": "1998-08-14 00:00:00",
    "calendarYear": "1998",
    "period": "Q2",
    "revenue": 1883000000,
    "costOfRevenue": 718000000,
    "grossProfit": 1165000000,
    "grossProfitRatio": 0.6186935741,
    "researchAndDevelopmentExpenses": 0,
    "generalAndAdministrativeExpenses": 334000000,
    "sellingAndMarketingExpenses": 27000000,
    "sellingGeneralAndAdministrativeExpenses": 361000000,
    "otherExpenses": 378100000,
    "operatingExpenses": 739100000,
    "costAndExpenses": 1457100000,
    "interestIncome": 1314000000,
    "interestExpense": 683000000,
    "depreciationAndAmortization": 117000000,
    "ebitda": 542900000,
    "ebitdaratio": 0.2883165162,
    "operatingIncome": 425900000,
    "operatingIncomeRatio": 0.2261816251,
    "totalOtherIncomeExpensesNet": 0,
    "incomeBeforeTax": 425900000,
    "incomeBeforeTaxRatio": 0.2261816251,
    "incomeTaxExpense": 145500000,
    "netIncome": 280400000,
    "netIncomeRatio": 0.1489113117,
    "eps": 0.92,
    "epsdiluted": 0.9,
    "weightedAverageShsOut": 304783000,
    "weightedAverageShsOutDil": 311556000,
    "link": "https://www.sec.gov/Archives/edgar/data/713676/000095012898000986/0000950128-98-000986-index.html",
    "finalLink": "https://www.sec.gov/Archives/edgar/data/713676/0000950128-98-000986.txt"
  },
  {
    "date": "1998-03-31",
    "symbol": "PNC",
    "reportedCurrency": "USD",
    "cik": "0000713676",
    "fillingDate": "1998-05-15",
    "acceptedDate": "1998-05-15 00:00:00",
    "calendarYear": "1998",
    "period": "Q1",
    "revenue": 1830400000,
    "costOfRevenue": 684100000,
    "grossProfit": 1146300000,
    "grossProfitRatio": 0.6262565559,
    "researchAndDevelopmentExpenses": 0,
    "generalAndAdministrativeExpenses": 354300000,
    "sellingAndMarketingExpenses": 37400000,
    "sellingGeneralAndAdministrativeExpenses": 391700000,
    "otherExpenses": 349500000,
    "operatingExpenses": 741200000,
    "costAndExpenses": 1425300000,
    "interestIncome": 1291500000,
    "interestExpense": 654100000,
    "depreciationAndAmortization": 94000000,
    "ebitda": 499100000,
    "ebitdaratio": 0.2726726399,
    "operatingIncome": 405100000,
    "operatingIncomeRatio": 0.2213177448,
    "totalOtherIncomeExpensesNet": 0,
    "incomeBeforeTax": 405100000,
    "incomeBeforeTaxRatio": 0.2213177448,
    "incomeTaxExpense": 135800000,
    "netIncome": 269300000,
    "netIncomeRatio": 0.1471263112,
    "eps": 0.88,
    "epsdiluted": 0.87,
    "weightedAverageShsOut": 300567000,
    "weightedAverageShsOutDil": 306148000,
    "link": "https://www.sec.gov/Archives/edgar/data/713676/000095012898000814/0000950128-98-000814-index.html",
    "finalLink": "https://www.sec.gov/Archives/edgar/data/713676/0000950128-98-000814.txt"
  },
  {
    "date": "1997-12-31",
    "symbol": "PNC",
    "reportedCurrency": "USD",
    "cik": "0000713676",
    "fillingDate": "1998-03-23",
    "acceptedDate": "1998-03-23 00:00:00",
    "calendarYear": "1997",
    "period": "Q4",
    "revenue": 1785100000,
    "costOfRevenue": 674300000,
    "grossProfit": 1110800000,
    "grossProfitRatio": 0.6222620581,
    "researchAndDevelopmentExpenses": 0,
    "generalAndAdministrativeExpenses": 312200000,
    "sellingAndMarketingExpenses": 0,
    "sellingGeneralAndAdministrativeExpenses": 312200000,
    "otherExpenses": 389200000,
    "operatingExpenses": 701400000,
    "costAndExpenses": 1375700000,
    "interestIncome": 1281300000,
    "interestExpense": 649300000,
    "depreciationAndAmortization": 90000000,
    "ebitda": 499400000,
    "ebitdaratio": 0.2797602375,
    "operatingIncome": 409400000,
    "operatingIncomeRatio": 0.229342894,
    "totalOtherIncomeExpensesNet": 0,
    "incomeBeforeTax": 409400000,
    "incomeBeforeTaxRatio": 0.229342894,
    "incomeTaxExpense": 144400000,
    "netIncome": 265000000,
    "netIncomeRatio": 0.1484510672,
    "eps": 0.86,
    "epsdiluted": 0.86,
    "weightedAverageShsOut": 300567000,
    "weightedAverageShsOutDil": 300567000,
    "link": "https://www.sec.gov/Archives/edgar/data/713676/000095012898000648/0000950128-98-000648-index.htm",
    "finalLink": "https://www.sec.gov/Archives/edgar/data/713676/000095012898000648/"
  },
  {
    "date": "1997-09-30",
    "symbol": "PNC",
    "reportedCurrency": "USD",
    "cik": "0000713676",
    "fillingDate": "1997-11-14",
    "acceptedDate": "1997-11-14 00:00:00",
    "calendarYear": "1997",
    "period": "Q3",
    "revenue": 1729500000,
    "costOfRevenue": 670400000,
    "grossProfit": 1059100000,
    "grossProfitRatio": 0.6123735184,
    "researchAndDevelopmentExpenses": 0,
    "generalAndAdministrativeExpenses": 308500000,
    "sellingAndMarketingExpenses": 11400000,
    "sellingGeneralAndAdministrativeExpenses": 319900000,
    "otherExpenses": 332200000,
    "operatingExpenses": 652100000,
    "costAndExpenses": 1322500000,
    "interestIncome": 1270300000,
    "interestExpense": 650400000,
    "depreciationAndAmortization": 96000000,
    "ebitda": 503000000,
    "ebitdaratio": 0.2908355016,
    "operatingIncome": 407000000,
    "operatingIncomeRatio": 0.2353281295,
    "totalOtherIncomeExpensesNet": 0,
    "incomeBeforeTax": 407000000,
    "incomeBeforeTaxRatio": 0.2353281295,
    "incomeTaxExpense": 145400000,
    "netIncome": 261600000,
    "netIncomeRatio": 0.1512575889,
    "eps": 0.84,
    "epsdiluted": 0.83,
    "weightedAverageShsOut": 311429000,
    "weightedAverageShsOutDil": 312253000,
    "link": "https://www.sec.gov/Archives/edgar/data/713676/000095012897001078/0000950128-97-001078-index.html",
    "finalLink": "https://www.sec.gov/Archives/edgar/data/713676/0000950128-97-001078.txt"
  },
  {
    "date": "1997-06-30",
    "symbol": "PNC",
    "reportedCurrency": "USD",
    "cik": "0000713676",
    "fillingDate": "1997-08-14",
    "acceptedDate": "1997-08-14 00:00:00",
    "calendarYear": "1997",
    "period": "Q2",
    "revenue": 1701600000,
    "costOfRevenue": 659000000,
    "grossProfit": 1042600000,
    "grossProfitRatio": 0.6127174424,
    "researchAndDevelopmentExpenses": 0,
    "generalAndAdministrativeExpenses": 301800000,
    "sellingAndMarketingExpenses": 25400000,
    "sellingGeneralAndAdministrativeExpenses": 327200000,
    "otherExpenses": 322600000,
    "operatingExpenses": 649800000,
    "costAndExpenses": 1308800000,
    "interestIncome": 1257200000,
    "interestExpense": 644000000,
    "depreciationAndAmortization": 87000000,
    "ebitda": 479800000,
    "ebitdaratio": 0.2819699107,
    "operatingIncome": 392800000,
    "operatingIncomeRatio": 0.2308415609,
    "totalOtherIncomeExpensesNet": 0,
    "incomeBeforeTax": 392800000,
    "incomeBeforeTaxRatio": 0.2308415609,
    "incomeTaxExpense": 133700000,
    "netIncome": 259100000,
    "netIncomeRatio": 0.1522684532,
    "eps": 0.82,
    "epsdiluted": 0.81,
    "weightedAverageShsOut": 315976000,
    "weightedAverageShsOutDil": 319877000,
    "link": "https://www.sec.gov/Archives/edgar/data/713676/000095012897000903/0000950128-97-000903-index.html",
    "finalLink": "https://www.sec.gov/Archives/edgar/data/713676/0000950128-97-000903.txt"
  },
  {
    "date": "1997-03-31",
    "symbol": "PNC",
    "reportedCurrency": "USD",
    "cik": "0000713676",
    "fillingDate": "1997-05-15",
    "acceptedDate": "1997-05-15 00:00:00",
    "calendarYear": "1997",
    "period": "Q1",
    "revenue": 1675500000,
    "costOfRevenue": 622300000,
    "grossProfit": 1053200000,
    "grossProfitRatio": 0.6285884811,
    "researchAndDevelopmentExpenses": 0,
    "generalAndAdministrativeExpenses": 308400000,
    "sellingAndMarketingExpenses": 22800000,
    "sellingGeneralAndAdministrativeExpenses": 331200000,
    "otherExpenses": 313200000,
    "operatingExpenses": 644400000,
    "costAndExpenses": 1266700000,
    "interestIncome": 1242200000,
    "interestExpense": 612300000,
    "depreciationAndAmortization": 73000000,
    "ebitda": 481800000,
    "ebitdaratio": 0.2875559534,
    "operatingIncome": 408800000,
    "operatingIncomeRatio": 0.2439868696,
    "totalOtherIncomeExpensesNet": 0,
    "incomeBeforeTax": 408800000,
    "incomeBeforeTaxRatio": 0.2439868696,
    "incomeTaxExpense": 142500000,
    "netIncome": 266300000,
    "netIncomeRatio": 0.1589376306,
    "eps": 0.81,
    "epsdiluted": 0.8,
    "weightedAverageShsOut": 328765000,
    "weightedAverageShsOutDil": 332875000,
    "link": "https://www.sec.gov/Archives/edgar/data/713676/000095012897000766/0000950128-97-000766-index.html",
    "finalLink": "https://www.sec.gov/Archives/edgar/data/713676/0000950128-97-000766.txt"
  },
  {
    "date": "1996-12-31",
    "symbol": "PNC",
    "reportedCurrency": "USD",
    "cik": "0000713676",
    "fillingDate": "1997-03-21",
    "acceptedDate": "1997-03-21 00:00:00",
    "calendarYear": "1996",
    "period": "Q4",
    "revenue": 1611400000,
    "costOfRevenue": 605500000,
    "grossProfit": 1005900000,
    "grossProfitRatio": 0.6242397915,
    "researchAndDevelopmentExpenses": 0,
    "generalAndAdministrativeExpenses": 269300000,
    "sellingAndMarketingExpenses": 0,
    "sellingGeneralAndAdministrativeExpenses": 269300000,
    "otherExpenses": 317300000,
    "operatingExpenses": 586600000,
    "costAndExpenses": 1192100000,
    "interestIncome": 1222900000,
    "interestExpense": 605500000,
    "depreciationAndAmortization": 79000000,
    "ebitda": 498300000,
    "ebitdaratio": 0.3092342063,
    "operatingIncome": 419300000,
    "operatingIncomeRatio": 0.2602085143,
    "totalOtherIncomeExpensesNet": 0,
    "incomeBeforeTax": 419300000,
    "incomeBeforeTaxRatio": 0.2602085143,
    "incomeTaxExpense": 147600000,
    "netIncome": 271700000,
    "netIncomeRatio": 0.1686111456,
    "eps": 0.82,
    "epsdiluted": 0.82,
    "weightedAverageShsOut": 323972000,
    "weightedAverageShsOutDil": 323972000,
    "link": "https://www.sec.gov/Archives/edgar/data/713676/000095012897000649/0000950128-97-000649-index.html",
    "finalLink": "https://www.sec.gov/Archives/edgar/data/713676/0000950128-97-000649.txt"
  },
  {
    "date": "1996-09-30",
    "symbol": "PNC",
    "reportedCurrency": "USD",
    "cik": "0000713676",
    "fillingDate": "1996-11-14",
    "acceptedDate": "1996-11-14 00:00:00",
    "calendarYear": "1996",
    "period": "Q3",
    "revenue": 1565000000,
    "costOfRevenue": 607700000,
    "grossProfit": 957300000,
    "grossProfitRatio": 0.6116932907,
    "researchAndDevelopmentExpenses": 0,
    "generalAndAdministrativeExpenses": 277800000,
    "sellingAndMarketingExpenses": 0,
    "sellingGeneralAndAdministrativeExpenses": 277800000,
    "otherExpenses": 317500000,
    "operatingExpenses": 595300000,
    "costAndExpenses": 1203000000,
    "interestIncome": 1216600000,
    "interestExpense": 607700000,
    "depreciationAndAmortization": 77000000,
    "ebitda": 439000000,
    "ebitdaratio": 0.2805111821,
    "operatingIncome": 362000000,
    "operatingIncomeRatio": 0.2313099042,
    "totalOtherIncomeExpensesNet": 0,
    "incomeBeforeTax": 362000000,
    "incomeBeforeTaxRatio": 0.2313099042,
    "incomeTaxExpense": 128000000,
    "netIncome": 234000000,
    "netIncomeRatio": 0.1495207668,
    "eps": 0.69,
    "epsdiluted": 0.68,
    "weightedAverageShsOut": 340535000,
    "weightedAverageShsOutDil": 345173000,
    "link": "https://www.sec.gov/Archives/edgar/data/713676/000095012896000606/0000950128-96-000606-index.html",
    "finalLink": "https://www.sec.gov/Archives/edgar/data/713676/0000950128-96-000606.txt"
  },
  {
    "date": "1996-06-30",
    "symbol": "PNC",
    "reportedCurrency": "USD",
    "cik": "0000713676",
    "fillingDate": "1996-08-14",
    "acceptedDate": "1996-08-14 00:00:00",
    "calendarYear": "1996",
    "period": "Q2",
    "revenue": 1579800000,
    "costOfRevenue": 632400000,
    "grossProfit": 947400000,
    "grossProfitRatio": 0.5996961641,
    "researchAndDevelopmentExpenses": 0,
    "generalAndAdministrativeExpenses": 284300000,
    "sellingAndMarketingExpenses": 0,
    "sellingGeneralAndAdministrativeExpenses": 284300000,
    "otherExpenses": 280000000,
    "operatingExpenses": 564300000,
    "costAndExpenses": 1196700000,
    "interestIncome": 1243200000,
    "interestExpense": 632400000,
    "depreciationAndAmortization": 73000000,
    "ebitda": 456100000,
    "ebitdaratio": 0.2887074313,
    "operatingIncome": 383100000,
    "operatingIncomeRatio": 0.2424990505,
    "totalOtherIncomeExpensesNet": 0,
    "incomeBeforeTax": 383100000,
    "incomeBeforeTaxRatio": 0.2424990505,
    "incomeTaxExpense": 135000000,
    "netIncome": 248100000,
    "netIncomeRatio": 0.1570451956,
    "eps": 0.73,
    "epsdiluted": 0.72,
    "weightedAverageShsOut": 343022000,
    "weightedAverageShsOutDil": 347343000,
    "link": "https://www.sec.gov/Archives/edgar/data/713676/000095012896000464/0000950128-96-000464-index.html",
    "finalLink": "https://www.sec.gov/Archives/edgar/data/713676/"
  },
  {
    "date": "1996-03-31",
    "symbol": "PNC",
    "reportedCurrency": "USD",
    "cik": "0000713676",
    "fillingDate": "1996-05-15",
    "acceptedDate": "1996-05-15 00:00:00",
    "calendarYear": "1996",
    "period": "Q1",
    "revenue": 1577000000,
    "costOfRevenue": 648500000,
    "grossProfit": 928500000,
    "grossProfitRatio": 0.5887761573,
    "researchAndDevelopmentExpenses": 0,
    "generalAndAdministrativeExpenses": 278700000,
    "sellingAndMarketingExpenses": 0,
    "sellingGeneralAndAdministrativeExpenses": 278700000,
    "otherExpenses": 287000000,
    "operatingExpenses": 565700000,
    "costAndExpenses": 1214200000,
    "interestIncome": 1255400000,
    "interestExpense": 648500000,
    "depreciationAndAmortization": 61000000,
    "ebitda": 423800000,
    "ebitdaratio": 0.2687381103,
    "operatingIncome": 362800000,
    "operatingIncomeRatio": 0.2300570704,
    "totalOtherIncomeExpensesNet": 0,
    "incomeBeforeTax": 362800000,
    "incomeBeforeTaxRatio": 0.2300570704,
    "incomeTaxExpense": 124500000,
    "netIncome": 238300000,
    "netIncomeRatio": 0.151109702,
    "eps": 0.69,
    "epsdiluted": 0.69,
    "weightedAverageShsOut": 342872000,
    "weightedAverageShsOutDil": 347367000,
    "link": "https://www.sec.gov/Archives/edgar/data/713676/000095012896000303/0000950128-96-000303-index.html",
    "finalLink": "https://www.sec.gov/Archives/edgar/data/713676/0000950128-96-000303.txt"
  },
  {
    "date": "1995-12-31",
    "symbol": "PNC",
    "reportedCurrency": "USD",
    "cik": "0000713676",
    "fillingDate": "1996-03-27",
    "acceptedDate": "1996-03-27 00:00:00",
    "calendarYear": "1995",
    "period": "Q4",
    "revenue": 2214300000,
    "costOfRevenue": 1012500000,
    "grossProfit": 1201800000,
    "grossProfitRatio": 0.5427448855,
    "researchAndDevelopmentExpenses": 0,
    "generalAndAdministrativeExpenses": 453800000,
    "sellingAndMarketingExpenses": 0,
    "sellingGeneralAndAdministrativeExpenses": 453800000,
    "otherExpenses": 724900000,
    "operatingExpenses": 1178700000,
    "costAndExpenses": 2191200000,
    "interestIncome": 2043300000,
    "interestExpense": 1012500000,
    "depreciationAndAmortization": 111000000,
    "ebitda": 134100000,
    "ebitdaratio": 0.0605608996,
    "operatingIncome": 23100000,
    "operatingIncomeRatio": 0.0104321908,
    "totalOtherIncomeExpensesNet": 0,
    "incomeBeforeTax": 23100000,
    "incomeBeforeTaxRatio": 0.0104321908,
    "incomeTaxExpense": 26700000,
    "netIncome": -3600000,
    "netIncomeRatio": -0.001625796,
    "eps": -0.0207,
    "epsdiluted": -0.0204,
    "weightedAverageShsOut": 338048000,
    "weightedAverageShsOutDil": 342872000,
    "link": "https://www.sec.gov/Archives/edgar/data/713676/000095012896000238/0000950128-96-000238-index.html",
    "finalLink": "https://www.sec.gov/Archives/edgar/data/713676/0000950128-96-000238.txt"
  },
  {
    "date": "1995-09-30",
    "symbol": "PNC",
    "reportedCurrency": "USD",
    "cik": "0000713676",
    "fillingDate": "1995-11-08",
    "acceptedDate": "1995-11-08 00:00:00",
    "calendarYear": "1995",
    "period": "Q3",
    "revenue": 1326800000,
    "costOfRevenue": 674700000,
    "grossProfit": 652100000,
    "grossProfitRatio": 0.491483268,
    "researchAndDevelopmentExpenses": 0,
    "generalAndAdministrativeExpenses": 204800000,
    "sellingAndMarketingExpenses": 0,
    "sellingGeneralAndAdministrativeExpenses": 204800000,
    "otherExpenses": 228100000,
    "operatingExpenses": 432900000,
    "costAndExpenses": 1107600000,
    "interestIncome": 1039500000,
    "interestExpense": 674700000,
    "depreciationAndAmortization": 73000000,
    "ebitda": 292200000,
    "ebitdaratio": 0.2202291227,
    "operatingIncome": 219200000,
    "operatingIncomeRatio": 0.1652095267,
    "totalOtherIncomeExpensesNet": 0,
    "incomeBeforeTax": 219200000,
    "incomeBeforeTaxRatio": 0.1652095267,
    "incomeTaxExpense": 70200000,
    "netIncome": 149000000,
    "netIncomeRatio": 0.1123002713,
    "eps": 0.65,
    "epsdiluted": 0.64,
    "weightedAverageShsOut": 229837000,
    "weightedAverageShsOutDil": 231875000,
    "link": "https://www.sec.gov/Archives/edgar/data/713676/000095012895000190/0000950128-95-000190-index.html",
    "finalLink": "https://www.sec.gov/Archives/edgar/data/713676/0000950128-95-000190.txt"
  }
]