[
  {
    "date": "2024-12-31",
    "symbol": "PNC",
    "reportedCurrency": "USD",
    "cik": "0000713676",
    "fillingDate": "2025-02-21",
    "acceptedDate": "2025-02-21 12:21:08",
    "calendarYear": "2024",
    "period": "FY",
    "revenue": 33694000000,
    "costOfRevenue": 13682000000,
    "grossProfit": 20012000000,
    "grossProfitRatio": 0.593933638,
    "researchAndDevelopmentExpenses": 0,
    "generalAndAdministrativeExpenses": 7302000000,
    "sellingAndMarketingExpenses": 362000000,
    "sellingGeneralAndAdministrativeExpenses": 7664000000,
    "otherExpenses": 5106000000,
    "operatingExpenses": 12770000000,
    "costAndExpenses": 26452000000,
    "interestIncome": 26384000000,
    "interestExpense": 12885000000,
    "depreciationAndAmortization": 259000000,
    "ebitda": 7501000000,
    "ebitdaratio": 0.2226212382,
    "operatingIncome": 7242000000,
    "operatingIncomeRatio": 0.2149344097,
    "totalOtherIncomeExpensesNet": 0,
    "incomeBeforeTax": 7242000000,
    "incomeBeforeTaxRatio": 0.2149344097,
    "incomeTaxExpense": 1289000000,
    "netIncome": 5889000000,
    "netIncomeRatio": 0.1747788924,
    "eps": 13.76,
    "epsdiluted": 13.74,
    "weightedAverageShsOut": 399000000,
    "weightedAverageShsOutDil": 400000000,
    "link": "https://www.sec.gov/Archives/edgar/data/713676/000071367625000027/0000713676-25-000027-index.htm",
    "finalLink": "https://www.sec.gov/Archives/edgar/data/713676/000071367625000027/pnc-20241231.htm"
  },
  {
    "date": "2023-12-31",
    "symbol": "PNC",
    "reportedCurrency": "USD",
    "cik": "0000713676",
    "fillingDate": "2024-02-21",
    "acceptedDate": "2024-02-21 16:33:59",
    "calendarYear": "2023",
    "period": "FY",
    "revenue": 31901000000,
    "costOfRevenue": 11153000000,
    "grossProfit": 20748000000,
    "grossProfitRatio": 0.6503871352,
    "researchAndDevelopmentExpenses": 0,
    "generalAndAdministrativeExpenses": 7428000000,
    "sellingAndMarketingExpenses": 350000000,
    "sellingGeneralAndAdministrativeExpenses": 7778000000,
    "otherExpenses": 6234000000,
    "operatingExpenses": 14012000000,
    "costAndExpenses": 25165000000,
    "interestIncome": 24308000000,
    "interestExpense": 10392000000,
    "depreciationAndAmortization": 217000000,
    "ebitda": 6953000000,
    "ebitdaratio": 0.21795555,
    "operatingIncome": 6736000000,
    "operatingIncomeRatio": 0.2111532554,
    "totalOtherIncomeExpensesNet": 0,
    "incomeBeforeTax": 6736000000,
    "incomeBeforeTaxRatio": 0.2111532554,
    "incomeTaxExpense": 1089000000,
    "netIncome": 5578000000,
    "netIncomeRatio": 0.1748534529,
    "eps": 12.8,
    "epsdiluted": 12.79,
    "weightedAverageShsOut": 401000000,
    "weightedAverageShsOutDil": 401000000,
    "link": "https://www.sec.gov/Archives/edgar/data/713676/000071367624000028/0000713676-24-000028-index.htm",
    "finalLink": "https://www.sec.gov/Archives/edgar/data/713676/000071367624000028/pnc-20231231.htm"
  },
  {
    "date": "2022-12-31",
    "symbol": "PNC",
    "reportedCurrency": "USD",
    "cik": "0000713676",
    "fillingDate": "2023-02-22",
    "acceptedDate": "2023-02-22 16:06:13",
    "calendarYear": "2022",
    "period": "FY",
    "revenue": 23536000000,
    "costOfRevenue": 2893000000,
    "grossProfit": 20643000000,
    "grossProfitRatio": 0.8770819171,
    "researchAndDevelopmentExpenses": 0,
    "generalAndAdministrativeExpenses": 7244000000,
    "sellingAndMarketingExpenses": 355000000,
    "sellingGeneralAndAdministrativeExpenses": 7599000000,
    "otherExpenses": 5571000000,
    "operatingExpenses": 13170000000,
    "costAndExpenses": 16063000000,
    "interestIncome": 15436000000,
    "interestExpense": 2422000000,
    "depreciationAndAmortization": 651000000,
    "ebitda": 8124000000,
    "ebitdaratio": 0.3451733515,
    "operatingIncome": 7473000000,
    "operatingIncomeRatio": 0.3175135962,
    "totalOtherIncomeExpensesNet": 0,
    "incomeBeforeTax": 7473000000,
    "incomeBeforeTaxRatio": 0.3175135962,
    "incomeTaxExpense": 1360000000,
    "netIncome": 6041000000,
    "netIncomeRatio": 0.2566706322,
    "eps": 13.86,
    "epsdiluted": 13.85,
    "weightedAverageShsOut": 412000000,
    "weightedAverageShsOutDil": 412000000,
    "link": "https://www.sec.gov/Archives/edgar/data/713676/000071367623000020/0000713676-23-000020-index.htm",
    "finalLink": "https://www.sec.gov/Archives/edgar/data/713676/000071367623000020/pnc-20221231.htm"
  },
  {
    "date": "2021-12-31",
    "symbol": "PNC",
    "reportedCurrency": "USD",
    "cik": "0000713676",
    "fillingDate": "2022-02-25",
    "acceptedDate": "2022-02-25 17:17:06",
    "calendarYear": "2021",
    "period": "FY",
    "revenue": 19698000000,
    "costOfRevenue": -292000000,
    "grossProfit": 19990000000,
    "grossProfitRatio": 1.01482384,
    "researchAndDevelopmentExpenses": 0,
    "generalAndAdministrativeExpenses": 7141000000,
    "sellingAndMarketingExpenses": 319000000,
    "sellingGeneralAndAdministrativeExpenses": 7460000000,
    "otherExpenses": 5542000000,
    "operatingExpenses": 13002000000,
    "costAndExpenses": 12710000000,
    "interestIncome": 11134000000,
    "interestExpense": 487000000,
    "depreciationAndAmortization": 1773000000,
    "ebitda": 8761000000,
    "ebitdaratio": 0.4447659661,
    "operatingIncome": 6988000000,
    "operatingIncomeRatio": 0.3547568281,
    "totalOtherIncomeExpensesNet": 0,
    "incomeBeforeTax": 6988000000,
    "incomeBeforeTaxRatio": 0.3547568281,
    "incomeTaxExpense": 1263000000,
    "netIncome": 5674000000,
    "netIncomeRatio": 0.2880495482,
    "eps": 12.71,
    "epsdiluted": 12.7,
    "weightedAverageShsOut": 426000000,
    "weightedAverageShsOutDil": 426000000,
    "link": "https://www.sec.gov/Archives/edgar/data/713676/000071367622000019/0000713676-22-000019-index.htm",
    "finalLink": "https://www.sec.gov/Archives/edgar/data/713676/000071367622000019/pnc-20211231.htm"
  },
  {
    "date": "2020-12-31",
    "symbol": "PNC",
    "reportedCurrency": "USD",
    "cik": "0000713676",
    "fillingDate": "2021-02-26",
    "acceptedDate": "2021-02-26 13:29:49",
    "calendarYear": "2020",
    "period": "FY",
    "revenue": 18262000000,
    "costOfRevenue": 4536000000,
    "grossProfit": 13726000000,
    "grossProfitRatio": 0.7516153762,
    "researchAndDevelopmentExpenses": 0,
    "generalAndAdministrativeExpenses": 5673000000,
    "sellingAndMarketingExpenses": 236000000,
    "sellingGeneralAndAdministrativeExpenses": 5909000000,
    "otherExpenses": 4388000000,
    "operatingExpenses": 10297000000,
    "costAndExpenses": 14833000000,
    "interestIncome": 11307000000,
    "interestExpense": 1361000000,
    "depreciationAndAmortization": 1497000000,
    "ebitda": 4926000000,
    "ebitdaratio": 0.2697404446,
    "operatingIncome": 3429000000,
    "operatingIncomeRatio": 0.1877669478,
    "totalOtherIncomeExpensesNet": 0,
    "incomeBeforeTax": 3429000000,
    "incomeBeforeTaxRatio": 0.1877669478,
    "incomeTaxExpense": 426000000,
    "netIncome": 7517000000,
    "netIncomeRatio": 0.4116197569,
    "eps": 6.36,
    "epsdiluted": 6.36,
    "weightedAverageShsOut": 427000000,
    "weightedAverageShsOutDil": 427000000,
    "link": "https://www.sec.gov/Archives/edgar/data/713676/000071367621000025/0000713676-21-000025-index.htm",
    "finalLink": "https://www.sec.gov/Archives/edgar/data/713676/000071367621000025/pnc-20201231.htm"
  },
  {
    "date": "2019-12-31",
    "symbol": "PNC",
    "reportedCurrency": "USD",
    "cik": "0000713676",
    "fillingDate": "2020-03-02",
    "acceptedDate": "2020-02-28 19:05:36",
    "calendarYear": "2019",
    "period": "FY",
    "revenue": 20636000000,
    "costOfRevenue": 4570000000,
    "grossProfit": 16066000000,
    "grossProfitRatio": 0.7785423532,
    "researchAndDevelopmentExpenses": 0,
    "generalAndAdministrativeExpenses": 5647000000,
    "sellingAndMarketingExpenses": 301000000,
    "sellingGeneralAndAdministrativeExpenses": 5948000000,
    "otherExpenses": 4626000000,
    "operatingExpenses": 10574000000,
    "costAndExpenses": 15144000000,
    "interestIncome": 13762000000,
    "interestExpense": 3797000000,
    "depreciationAndAmortization": 1315000000,
    "ebitda": 6807000000,
    "ebitdaratio": 0.3298604381,
    "operatingIncome": 5492000000,
    "operatingIncomeRatio": 0.2661368482,
    "totalOtherIncomeExpensesNet": 0,
    "incomeBeforeTax": 5492000000,
    "incomeBeforeTaxRatio": 0.2661368482,
    "incomeTaxExpense": 901000000,
    "netIncome": 5369000000,
    "netIncomeRatio": 0.2601763908,
    "eps": 11.43,
    "epsdiluted": 11.39,
    "weightedAverageShsOut": 447000000,
    "weightedAverageShsOutDil": 448000000,
    "link": "https://www.sec.gov/Archives/edgar/data/713676/000071367620000042/0000713676-20-000042-index.htm",
    "finalLink": "https://www.sec.gov/Archives/edgar/data/713676/000071367620000042/pnc201910-k.htm"
  },
  {
    "date": "2018-12-31",
    "symbol": "PNC",
    "reportedCurrency": "USD",
    "cik": "0000713676",
    "fillingDate": "2019-03-01",
    "acceptedDate": "2019-03-01 09:19:59",
    "calendarYear": "2018",
    "period": "FY",
    "revenue": 19051000000,
    "costOfRevenue": 3269000000,
    "grossProfit": 15782000000,
    "grossProfitRatio": 0.8284079576,
    "researchAndDevelopmentExpenses": 0,
    "generalAndAdministrativeExpenses": 5471000000,
    "sellingAndMarketingExpenses": 285000000,
    "sellingGeneralAndAdministrativeExpenses": 5756000000,
    "otherExpenses": 4540000000,
    "operatingExpenses": 10296000000,
    "costAndExpenses": 13565000000,
    "interestIncome": 12582000000,
    "interestExpense": 2861000000,
    "depreciationAndAmortization": 1129000000,
    "ebitda": 6615000000,
    "ebitdaratio": 0.3472258674,
    "operatingIncome": 5486000000,
    "operatingIncomeRatio": 0.2879638864,
    "totalOtherIncomeExpensesNet": 0,
    "incomeBeforeTax": 5486000000,
    "incomeBeforeTaxRatio": 0.2879638864,
    "incomeTaxExpense": 928000000,
    "netIncome": 5301000000,
    "netIncomeRatio": 0.2782531101,
    "eps": 10.79,
    "epsdiluted": 10.71,
    "weightedAverageShsOut": 467000000,
    "weightedAverageShsOutDil": 470000000,
    "link": "https://www.sec.gov/Archives/edgar/data/713676/000071367619000015/0000713676-19-000015-index.htm",
    "finalLink": "https://www.sec.gov/Archives/edgar/data/713676/000071367619000015/pnc201810k.htm"
  },
  {
    "date": "2017-12-31",
    "symbol": "PNC",
    "reportedCurrency": "USD",
    "cik": "0000713676",
    "fillingDate": "2018-02-28",
    "acceptedDate": "2018-02-28 17:20:39",
    "calendarYear": "2017",
    "period": "FY",
    "revenue": 18035000000,
    "costOfRevenue": 2147000000,
    "grossProfit": 15888000000,
    "grossProfitRatio": 0.8809537011,
    "researchAndDevelopmentExpenses": 0,
    "generalAndAdministrativeExpenses": 5268000000,
    "sellingAndMarketingExpenses": 244000000,
    "sellingGeneralAndAdministrativeExpenses": 5512000000,
    "otherExpenses": 4886000000,
    "operatingExpenses": 10398000000,
    "costAndExpenses": 12545000000,
    "interestIncome": 10814000000,
    "interestExpense": 1706000000,
    "depreciationAndAmortization": 1117000000,
    "ebitda": 6607000000,
    "ebitdaratio": 0.3663432215,
    "operatingIncome": 5490000000,
    "operatingIncomeRatio": 0.3044080954,
    "totalOtherIncomeExpensesNet": 0,
    "incomeBeforeTax": 5490000000,
    "incomeBeforeTaxRatio": 0.3044080954,
    "incomeTaxExpense": 102000000,
    "netIncome": 5338000000,
    "netIncomeRatio": 0.2959800388,
    "eps": 10.49,
    "epsdiluted": 10.36,
    "weightedAverageShsOut": 481000000,
    "weightedAverageShsOutDil": 486000000,
    "link": "https://www.sec.gov/Archives/edgar/data/713676/000071367618000032/0000713676-18-000032-index.htm",
    "finalLink": "https://www.sec.gov/Archives/edgar/data/713676/000071367618000032/pnc-12312017x10k.htm"
  },
  {
    "date": "2016-12-31",
    "symbol": "PNC",
    "reportedCurrency": "USD",
    "cik": "0000713676",
    "fillingDate": "2017-02-28",
    "acceptedDate": "2017-02-28 16:56:13",
    "calendarYear": "2016",
    "period": "FY",
    "revenue": 16423000000,
    "costOfRevenue": 1694000000,
    "grossProfit": 14729000000,
    "grossProfitRatio": 0.8968519759,
    "researchAndDevelopmentExpenses": 0,
    "generalAndAdministrativeExpenses": 4873000000,
    "sellingAndMarketingExpenses": 247000000,
    "sellingGeneralAndAdministrativeExpenses": 5120000000,
    "otherExpenses": 4356000000,
    "operatingExpenses": 9476000000,
    "costAndExpenses": 11170000000,
    "interestIncome": 9652000000,
    "interestExpense": 1261000000,
    "depreciationAndAmortization": 1193000000,
    "ebitda": 6446000000,
    "ebitdaratio": 0.3924983255,
    "operatingIncome": 5253000000,
    "operatingIncomeRatio": 0.3198562991,
    "totalOtherIncomeExpensesNet": 0,
    "incomeBeforeTax": 5253000000,
    "incomeBeforeTaxRatio": 0.3198562991,
    "incomeTaxExpense": 1268000000,
    "netIncome": 3903000000,
    "netIncomeRatio": 0.2376545089,
    "eps": 7.42,
    "epsdiluted": 7.3,
    "weightedAverageShsOut": 494000000,
    "weightedAverageShsOutDil": 500000000,
    "link": "https://www.sec.gov/Archives/edgar/data/713676/000119312517062524/0001193125-17-062524-index.htm",
    "finalLink": "https://www.sec.gov/Archives/edgar/data/713676/000119312517062524/d300732d10k.htm"
  },
  {
    "date": "2015-12-31",
    "symbol": "PNC",
    "reportedCurrency": "USD",
    "cik": "0000713676",
    "fillingDate": "2016-02-29",
    "acceptedDate": "2016-02-26 18:10:56",
    "calendarYear": "2015",
    "period": "FY",
    "revenue": 16270000000,
    "costOfRevenue": 1300000000,
    "grossProfit": 14970000000,
    "grossProfitRatio": 0.9200983405,
    "researchAndDevelopmentExpenses": 0,
    "generalAndAdministrativeExpenses": 4831000000,
    "sellingAndMarketingExpenses": 249000000,
    "sellingGeneralAndAdministrativeExpenses": 5080000000,
    "otherExpenses": 4383000000,
    "operatingExpenses": 9463000000,
    "costAndExpenses": 10763000000,
    "interestIncome": 9323000000,
    "interestExpense": 1045000000,
    "depreciationAndAmortization": 1088000000,
    "ebitda": 6595000000,
    "ebitdaratio": 0.4053472649,
    "operatingIncome": 5507000000,
    "operatingIncomeRatio": 0.3384757222,
    "totalOtherIncomeExpensesNet": 0,
    "incomeBeforeTax": 5507000000,
    "incomeBeforeTaxRatio": 0.3384757222,
    "incomeTaxExpense": 1364000000,
    "netIncome": 4106000000,
    "netIncomeRatio": 0.2523663184,
    "eps": 7.52,
    "epsdiluted": 7.39,
    "weightedAverageShsOut": 514000000,
    "weightedAverageShsOutDil": 521000000,
    "link": "https://www.sec.gov/Archives/edgar/data/713676/000119312516482577/0001193125-16-482577-index.htm",
    "finalLink": "https://www.sec.gov/Archives/edgar/data/713676/000119312516482577/d100758d10k.htm"
  },
  {
    "date": "2014-12-31",
    "symbol": "PNC",
    "reportedCurrency": "USD",
    "cik": "0000713676",
    "fillingDate": "2015-03-02",
    "acceptedDate": "2015-02-27 17:51:38",
    "calendarYear": "2014",
    "period": "FY",
    "revenue": 16187000000,
    "costOfRevenue": 1179000000,
    "grossProfit": 15008000000,
    "grossProfitRatio": 0.9271637734,
    "researchAndDevelopmentExpenses": 0,
    "generalAndAdministrativeExpenses": 4611000000,
    "sellingAndMarketingExpenses": 253000000,
    "sellingGeneralAndAdministrativeExpenses": 4864000000,
    "otherExpenses": 4530000000,
    "operatingExpenses": 9394000000,
    "costAndExpenses": 10573000000,
    "interestIncome": 9431000000,
    "interestExpense": 906000000,
    "depreciationAndAmortization": 988000000,
    "ebitda": 6602000000,
    "ebitdaratio": 0.4078581578,
    "operatingIncome": 5614000000,
    "operatingIncomeRatio": 0.3468215234,
    "totalOtherIncomeExpensesNet": 0,
    "incomeBeforeTax": 5614000000,
    "incomeBeforeTaxRatio": 0.3468215234,
    "incomeTaxExpense": 1407000000,
    "netIncome": 4184000000,
    "netIncomeRatio": 0.2584790264,
    "eps": 7.44,
    "epsdiluted": 7.3,
    "weightedAverageShsOut": 529000000,
    "weightedAverageShsOutDil": 537000000,
    "link": "https://www.sec.gov/Archives/edgar/data/713676/000119312515070443/0001193125-15-070443-index.htm",
    "finalLink": "https://www.sec.gov/Archives/edgar/data/713676/000119312515070443/d836469d10k.htm"
  },
  {
    "date": "2013-12-31",
    "symbol": "PNC",
    "reportedCurrency": "USD",
    "cik": "0000713676",
    "fillingDate": "2014-03-03",
    "acceptedDate": "2014-02-28 17:45:46",
    "calendarYear": "2013",
    "period": "FY",
    "revenue": 16872000000,
    "costOfRevenue": 1503000000,
    "grossProfit": 15369000000,
    "grossProfitRatio": 0.9109174964,
    "researchAndDevelopmentExpenses": 0,
    "generalAndAdministrativeExpenses": 4743000000,
    "sellingAndMarketingExpenses": 246000000,
    "sellingGeneralAndAdministrativeExpenses": 4989000000,
    "otherExpenses": 4692000000,
    "operatingExpenses": 9681000000,
    "costAndExpenses": 11184000000,
    "interestIncome": 10007000000,
    "interestExpense": 860000000,
    "depreciationAndAmortization": 1146000000,
    "ebitda": 6834000000,
    "ebitdaratio": 0.4050497866,
    "operatingIncome": 5688000000,
    "operatingIncomeRatio": 0.3371266003,
    "totalOtherIncomeExpensesNet": 0,
    "incomeBeforeTax": 5688000000,
    "incomeBeforeTaxRatio": 0.3371266003,
    "incomeTaxExpense": 1476000000,
    "netIncome": 4201000000,
    "netIncomeRatio": 0.2489924135,
    "eps": 7.48,
    "epsdiluted": 7.39,
    "weightedAverageShsOut": 528000000,
    "weightedAverageShsOutDil": 532000000,
    "link": "https://www.sec.gov/Archives/edgar/data/713676/000119312514077944/0001193125-14-077944-index.htm",
    "finalLink": "https://www.sec.gov/Archives/edgar/data/713676/000119312514077944/d634352d10k.htm"
  },
  {
    "date": "2012-12-31",
    "symbol": "PNC",
    "reportedCurrency": "USD",
    "cik": "0000713676",
    "fillingDate": "2013-03-01",
    "acceptedDate": "2013-02-28 18:10:21",
    "calendarYear": "2012",
    "period": "FY",
    "revenue": 16606000000,
    "costOfRevenue": 2081000000,
    "grossProfit": 14525000000,
    "grossProfitRatio": 0.8746838492,
    "researchAndDevelopmentExpenses": 0,
    "generalAndAdministrativeExpenses": 4617000000,
    "sellingAndMarketingExpenses": 279000000,
    "sellingGeneralAndAdministrativeExpenses": 4896000000,
    "otherExpenses": 5590000000,
    "operatingExpenses": 10486000000,
    "costAndExpenses": 12567000000,
    "interestIncome": 10734000000,
    "interestExpense": 1094000000,
    "depreciationAndAmortization": 1159000000,
    "ebitda": 5198000000,
    "ebitdaratio": 0.3130193906,
    "operatingIncome": 4039000000,
    "operatingIncomeRatio": 0.2432253402,
    "totalOtherIncomeExpensesNet": -111000000,
    "incomeBeforeTax": 4039000000,
    "incomeBeforeTaxRatio": 0.2432253402,
    "incomeTaxExpense": 1045000000,
    "netIncome": 3001000000,
    "netIncomeRatio": 0.1807178128,
    "eps": 5.36,
    "epsdiluted": 5.3,
    "weightedAverageShsOut": 526000000,
    "weightedAverageShsOutDil": 529000000,
    "link": "https://www.sec.gov/Archives/edgar/data/713676/000119312513085012/0001193125-13-085012-index.htm",
    "finalLink": "https://www.sec.gov/Archives/edgar/data/713676/000119312513085012/d446794d10k.htm"
  },
  {
    "date": "2011-12-31",
    "symbol": "PNC",
    "reportedCurrency": "USD",
    "cik": "0000713676",
    "fillingDate": "2012-02-29",
    "acceptedDate": "2012-02-29 09:11:48",
    "calendarYear": "2011",
    "period": "FY",
    "revenue": 15820000000,
    "costOfRevenue": 2646000000,
    "grossProfit": 13174000000,
    "grossProfitRatio": 0.8327433628,
    "researchAndDevelopmentExpenses": 0,
    "generalAndAdministrativeExpenses": 3966000000,
    "sellingAndMarketingExpenses": 249000000,
    "sellingGeneralAndAdministrativeExpenses": 4215000000,
    "otherExpenses": 4890000000,
    "operatingExpenses": 9105000000,
    "costAndExpenses": 11751000000,
    "interestIncome": 10194000000,
    "interestExpense": 1494000000,
    "depreciationAndAmortization": 1140000000,
    "ebitda": 5209000000,
    "ebitdaratio": 0.3292667509,
    "operatingIncome": 4069000000,
    "operatingIncomeRatio": 0.2572060683,
    "totalOtherIncomeExpensesNet": 0,
    "incomeBeforeTax": 4069000000,
    "incomeBeforeTaxRatio": 0.2572060683,
    "incomeTaxExpense": 998000000,
    "netIncome": 3056000000,
    "netIncomeRatio": 0.1931731985,
    "eps": 5.7,
    "epsdiluted": 5.64,
    "weightedAverageShsOut": 524000000,
    "weightedAverageShsOutDil": 526000000,
    "link": "https://www.sec.gov/Archives/edgar/data/713676/000119312512087345/0001193125-12-087345-index.htm",
    "finalLink": "https://www.sec.gov/Archives/edgar/data/713676/000119312512087345/d260760d10k.htm"
  },
  {
    "date": "2010-12-31",
    "symbol": "PNC",
    "reportedCurrency": "USD",
    "cik": "0000713676",
    "fillingDate": "2011-03-01",
    "acceptedDate": "2011-03-01 14:09:01",
    "calendarYear": "2010",
    "period": "FY",
    "revenue": 16936000000,
    "costOfRevenue": 4422000000,
    "grossProfit": 12514000000,
    "grossProfitRatio": 0.7388993859,
    "researchAndDevelopmentExpenses": 0,
    "generalAndAdministrativeExpenses": 3906000000,
    "sellingAndMarketingExpenses": 266000000,
    "sellingGeneralAndAdministrativeExpenses": 4172000000,
    "otherExpenses": 4281000000,
    "operatingExpenses": 8453000000,
    "costAndExpenses": 12875000000,
    "interestIncome": 11150000000,
    "interestExpense": 1920000000,
    "depreciationAndAmortization": 1059000000,
    "ebitda": 5120000000,
    "ebitdaratio": 0.3023145961,
    "operatingIncome": 4061000000,
    "operatingIncomeRatio": 0.2397850732,
    "totalOtherIncomeExpensesNet": 0,
    "incomeBeforeTax": 4061000000,
    "incomeBeforeTaxRatio": 0.2397850732,
    "incomeTaxExpense": 1037000000,
    "netIncome": 3412000000,
    "netIncomeRatio": 0.2014643363,
    "eps": 5.8,
    "epsdiluted": 5.74,
    "weightedAverageShsOut": 517000000,
    "weightedAverageShsOutDil": 520000000,
    "link": "https://www.sec.gov/Archives/edgar/data/713676/000119312511051725/0001193125-11-051725-index.htm",
    "finalLink": "https://www.sec.gov/Archives/edgar/data/713676/000119312511051725/d10k.htm"
  },
  {
    "date": "2009-12-31",
    "symbol": "PNC",
    "reportedCurrency": "USD",
    "cik": "0000713676",
    "fillingDate": "2010-03-11",
    "acceptedDate": "2010-03-10 17:38:28",
    "calendarYear": "2009",
    "period": "FY",
    "revenue": 18120000000,
    "costOfRevenue": 6933000000,
    "grossProfit": 11187000000,
    "grossProfitRatio": 0.617384106,
    "researchAndDevelopmentExpenses": 0,
    "generalAndAdministrativeExpenses": 4119000000,
    "sellingAndMarketingExpenses": 233000000,
    "sellingGeneralAndAdministrativeExpenses": 4352000000,
    "otherExpenses": 3610000000,
    "operatingExpenses": 7962000000,
    "costAndExpenses": 14895000000,
    "interestIncome": 12086000000,
    "interestExpense": 3003000000,
    "depreciationAndAmortization": 978000000,
    "ebitda": 4203000000,
    "ebitdaratio": 0.2319536424,
    "operatingIncome": 3225000000,
    "operatingIncomeRatio": 0.1779801325,
    "totalOtherIncomeExpensesNet": 0,
    "incomeBeforeTax": 3225000000,
    "incomeBeforeTaxRatio": 0.1779801325,
    "incomeTaxExpense": 867000000,
    "netIncome": 2447000000,
    "netIncomeRatio": 0.1350441501,
    "eps": 4.4,
    "epsdiluted": 4.36,
    "weightedAverageShsOut": 454000000,
    "weightedAverageShsOutDil": 455000000,
    "link": "https://www.sec.gov/Archives/edgar/data/713676/000119312510052794/0001193125-10-052794-index.htm",
    "finalLink": "https://www.sec.gov/Archives/edgar/data/713676/000119312510052794/d10k.htm"
  },
  {
    "date": "2008-12-31",
    "symbol": "PNC",
    "reportedCurrency": "USD",
    "cik": "0000713676",
    "fillingDate": "2009-03-02",
    "acceptedDate": "2009-03-02 16:04:51",
    "calendarYear": "2008",
    "period": "FY",
    "revenue": 8629000000,
    "costOfRevenue": 3964000000,
    "grossProfit": 4665000000,
    "grossProfitRatio": 0.5406188434,
    "researchAndDevelopmentExpenses": 0,
    "generalAndAdministrativeExpenses": 1766000000,
    "sellingAndMarketingExpenses": 123000000,
    "sellingGeneralAndAdministrativeExpenses": 1889000000,
    "otherExpenses": 1682000000,
    "operatingExpenses": 3571000000,
    "costAndExpenses": 7535000000,
    "interestIncome": 6301000000,
    "interestExpense": 2447000000,
    "depreciationAndAmortization": 463000000,
    "ebitda": 1557000000,
    "ebitdaratio": 0.1804380577,
    "operatingIncome": 1094000000,
    "operatingIncomeRatio": 0.1267817824,
    "totalOtherIncomeExpensesNet": 0,
    "incomeBeforeTax": 1094000000,
    "incomeBeforeTaxRatio": 0.1267817824,
    "incomeTaxExpense": 298000000,
    "netIncome": 882000000,
    "netIncomeRatio": 0.1022134662,
    "eps": 2.5,
    "epsdiluted": 2.46,
    "weightedAverageShsOut": 344000000,
    "weightedAverageShsOutDil": 347000000,
    "link": "https://www.sec.gov/Archives/edgar/data/713676/000119312509042518/0001193125-09-042518-index.htm",
    "finalLink": "https://www.sec.gov/Archives/edgar/data/713676/000119312509042518/d10k.htm"
  },
  {
    "date": "2007-12-31",
    "symbol": "PNC",
    "reportedCurrency": "USD",
    "cik": "0000713676",
    "fillingDate": "2008-02-29",
    "acceptedDate": "2008-02-29 14:33:37",
    "calendarYear": "2007",
    "period": "FY",
    "revenue": 9088000000,
    "costOfRevenue": 3512000000,
    "grossProfit": 5576000000,
    "grossProfitRatio": 0.613556338,
    "researchAndDevelopmentExpenses": 0,
    "generalAndAdministrativeExpenses": 1815000000,
    "sellingAndMarketingExpenses": 113000000,
    "sellingGeneralAndAdministrativeExpenses": 1928000000,
    "otherExpenses": 1724000000,
    "operatingExpenses": 3652000000,
    "costAndExpenses": 7164000000,
    "interestIncome": 6144000000,
    "interestExpense": 3197000000,
    "depreciationAndAmortization": 391000000,
    "ebitda": 2315000000,
    "ebitdaratio": 0.2547315141,
    "operatingIncome": 1924000000,
    "operatingIncomeRatio": 0.2117077465,
    "totalOtherIncomeExpensesNet": 0,
    "incomeBeforeTax": 1924000000,
    "incomeBeforeTaxRatio": 0.2117077465,
    "incomeTaxExpense": 561000000,
    "netIncome": 1467000000,
    "netIncomeRatio": 0.1614216549,
    "eps": 4.4,
    "epsdiluted": 4.32,
    "weightedAverageShsOut": 331000000,
    "weightedAverageShsOutDil": 335000000,
    "link": "https://www.sec.gov/Archives/edgar/data/713676/000119312508043429/0001193125-08-043429-index.htm",
    "finalLink": "https://www.sec.gov/Archives/edgar/data/713676/000119312508043429/d10k.htm"
  },
  {
    "date": "2006-12-31",
    "symbol": "PNC",
    "reportedCurrency": "USD",
    "cik": "0000713676",
    "fillingDate": "2007-03-01",
    "acceptedDate": "2007-03-01 12:07:50",
    "calendarYear": "2006",
    "period": "FY",
    "revenue": 8861000000,
    "costOfRevenue": 2491000000,
    "grossProfit": 6370000000,
    "grossProfitRatio": 0.7188804875,
    "researchAndDevelopmentExpenses": 0,
    "generalAndAdministrativeExpenses": 2432000000,
    "sellingAndMarketingExpenses": 104000000,
    "sellingGeneralAndAdministrativeExpenses": 2536000000,
    "otherExpenses": -171000000,
    "operatingExpenses": 2365000000,
    "costAndExpenses": 4856000000,
    "interestIncome": 4612000000,
    "interestExpense": 2367000000,
    "depreciationAndAmortization": 345000000,
    "ebitda": 4350000000,
    "ebitdaratio": 0.4909152466,
    "operatingIncome": 4005000000,
    "operatingIncomeRatio": 0.4519805891,
    "totalOtherIncomeExpensesNet": 0,
    "incomeBeforeTax": 4005000000,
    "incomeBeforeTaxRatio": 0.4519805891,
    "incomeTaxExpense": 1363000000,
    "netIncome": 2595000000,
    "netIncomeRatio": 0.2928563368,
    "eps": 8.89,
    "epsdiluted": 8.73,
    "weightedAverageShsOut": 292000000,
    "weightedAverageShsOutDil": 297000000,
    "link": "https://www.sec.gov/Archives/edgar/data/713676/000119312507043840/0001193125-07-043840-index.htm",
    "finalLink": "https://www.sec.gov/Archives/edgar/data/713676/000119312507043840/d10k.htm"
  },
  {
    "date": "2005-12-31",
    "symbol": "PNC",
    "reportedCurrency": "USD",
    "cik": "0000713676",
    "fillingDate": "2006-03-15",
    "acceptedDate": "2006-03-15 11:46:36",
    "calendarYear": "2005",
    "period": "FY",
    "revenue": 7907000000,
    "costOfRevenue": 1601000000,
    "grossProfit": 6306000000,
    "grossProfitRatio": 0.7975211838,
    "researchAndDevelopmentExpenses": 0,
    "generalAndAdministrativeExpenses": 2393000000,
    "sellingAndMarketingExpenses": 106000000,
    "sellingGeneralAndAdministrativeExpenses": 2499000000,
    "otherExpenses": 1807000000,
    "operatingExpenses": 4306000000,
    "costAndExpenses": 5907000000,
    "interestIncome": 3734000000,
    "interestExpense": 1580000000,
    "depreciationAndAmortization": 375000000,
    "ebitda": 2375000000,
    "ebitdaratio": 0.3003667636,
    "operatingIncome": 2000000000,
    "operatingIncomeRatio": 0.2529404325,
    "totalOtherIncomeExpensesNet": 0,
    "incomeBeforeTax": 2000000000,
    "incomeBeforeTaxRatio": 0.2529404325,
    "incomeTaxExpense": 604000000,
    "netIncome": 1325000000,
    "netIncomeRatio": 0.1675730365,
    "eps": 4.63,
    "epsdiluted": 4.55,
    "weightedAverageShsOut": 286000000,
    "weightedAverageShsOutDil": 290000000,
    "link": "https://www.sec.gov/Archives/edgar/data/713676/000119312506054637/0001193125-06-054637-index.htm",
    "finalLink": "https://www.sec.gov/Archives/edgar/data/713676/000119312506054637/d10k.htm"
  },
  {
    "date": "2004-12-31",
    "symbol": "PNC",
    "reportedCurrency": "USD",
    "cik": "0000713676",
    "fillingDate": "2005-03-16",
    "acceptedDate": "2005-03-16 11:13:58",
    "calendarYear": "2004",
    "period": "FY",
    "revenue": 6324000000,
    "costOfRevenue": 835000000,
    "grossProfit": 5489000000,
    "grossProfitRatio": 0.8679633144,
    "researchAndDevelopmentExpenses": 0,
    "generalAndAdministrativeExpenses": 2064000000,
    "sellingAndMarketingExpenses": 87000000,
    "sellingGeneralAndAdministrativeExpenses": 2151000000,
    "otherExpenses": 1561000000,
    "operatingExpenses": 3712000000,
    "costAndExpenses": 4547000000,
    "interestIncome": 2752000000,
    "interestExpense": 783000000,
    "depreciationAndAmortization": 302000000,
    "ebitda": 2079000000,
    "ebitdaratio": 0.3287476281,
    "operatingIncome": 1777000000,
    "operatingIncomeRatio": 0.2809930424,
    "totalOtherIncomeExpensesNet": 0,
    "incomeBeforeTax": 1777000000,
    "incomeBeforeTaxRatio": 0.2809930424,
    "incomeTaxExpense": 538000000,
    "netIncome": 1197000000,
    "netIncomeRatio": 0.1892789374,
    "eps": 4.25,
    "epsdiluted": 4.21,
    "weightedAverageShsOut": 281000000,
    "weightedAverageShsOutDil": 284000000,
    "link": "https://www.sec.gov/Archives/edgar/data/713676/000119312505052209/0001193125-05-052209-index.htm",
    "finalLink": "https://www.sec.gov/Archives/edgar/data/713676/000119312505052209/d10k.htm"
  },
  {
    "date": "2003-12-31",
    "symbol": "PNC",
    "reportedCurrency": "USD",
    "cik": "0000713676",
    "fillingDate": "2004-03-12",
    "acceptedDate": "2004-03-12 14:38:03",
    "calendarYear": "2003",
    "period": "FY",
    "revenue": 5969000000,
    "costOfRevenue": 893000000,
    "grossProfit": 5076000000,
    "grossProfitRatio": 0.8503937008,
    "researchAndDevelopmentExpenses": 0,
    "generalAndAdministrativeExpenses": 1804000000,
    "sellingAndMarketingExpenses": 64000000,
    "sellingGeneralAndAdministrativeExpenses": 1868000000,
    "otherExpenses": 1640000000,
    "operatingExpenses": 3508000000,
    "costAndExpenses": 4401000000,
    "interestIncome": 2712000000,
    "interestExpense": 716000000,
    "depreciationAndAmortization": 289000000,
    "ebitda": 1857000000,
    "ebitdaratio": 0.3111073882,
    "operatingIncome": 1568000000,
    "operatingIncomeRatio": 0.2626905679,
    "totalOtherIncomeExpensesNet": 0,
    "incomeBeforeTax": 1568000000,
    "incomeBeforeTaxRatio": 0.2626905679,
    "incomeTaxExpense": 539000000,
    "netIncome": 1001000000,
    "netIncomeRatio": 0.1676997822,
    "eps": 3.58,
    "epsdiluted": 3.55,
    "weightedAverageShsOut": 280000000,
    "weightedAverageShsOutDil": 281000000,
    "link": "https://www.sec.gov/Archives/edgar/data/713676/000119312504040348/0001193125-04-040348-index.htm",
    "finalLink": "https://www.sec.gov/Archives/edgar/data/713676/000119312504040348/d10k.htm"
  },
  {
    "date": "2002-12-31",
    "symbol": "PNC",
    "reportedCurrency": "USD",
    "cik": "0000713676",
    "fillingDate": "2003-03-13",
    "acceptedDate": "2003-03-13 16:01:31",
    "calendarYear": "2002",
    "period": "FY",
    "revenue": 6369000000,
    "costOfRevenue": 1284000000,
    "grossProfit": 5085000000,
    "grossProfitRatio": 0.7983984927,
    "researchAndDevelopmentExpenses": 0,
    "generalAndAdministrativeExpenses": 1701000000,
    "sellingAndMarketingExpenses": 51000000,
    "sellingGeneralAndAdministrativeExpenses": 1752000000,
    "otherExpenses": 1512000000,
    "operatingExpenses": 3264000000,
    "costAndExpenses": 4548000000,
    "interestIncome": 3172000000,
    "interestExpense": 975000000,
    "depreciationAndAmortization": 242000000,
    "ebitda": 2063000000,
    "ebitdaratio": 0.3239127022,
    "operatingIncome": 1821000000,
    "operatingIncomeRatio": 0.2859161564,
    "totalOtherIncomeExpensesNet": 0,
    "incomeBeforeTax": 1821000000,
    "incomeBeforeTaxRatio": 0.2859161564,
    "incomeTaxExpense": 621000000,
    "netIncome": 1184000000,
    "netIncomeRatio": 0.1859004553,
    "eps": 4.18,
    "epsdiluted": 4.15,
    "weightedAverageShsOut": 283000000,
    "weightedAverageShsOutDil": 285000000,
    "link": "https://www.sec.gov/Archives/edgar/data/713676/000095012803000346/0000950128-03-000346-index.htm",
    "finalLink": "https://www.sec.gov/Archives/edgar/data/713676/000095012803000346/j9925001e10vk.txt"
  },
  {
    "date": "2001-12-31",
    "symbol": "PNC",
    "reportedCurrency": "USD",
    "cik": "0000713676",
    "fillingDate": "2002-03-29",
    "acceptedDate": "2002-03-29 00:00:00",
    "calendarYear": "2001",
    "period": "FY",
    "revenue": 6789000000,
    "costOfRevenue": 2778000000,
    "grossProfit": 4011000000,
    "grossProfitRatio": 0.5908086611,
    "researchAndDevelopmentExpenses": 0,
    "generalAndAdministrativeExpenses": 1667000000,
    "sellingAndMarketingExpenses": 57000000,
    "sellingGeneralAndAdministrativeExpenses": 1724000000,
    "otherExpenses": 1723000000,
    "operatingExpenses": 3447000000,
    "costAndExpenses": 6225000000,
    "interestIncome": 4137000000,
    "interestExpense": 1875000000,
    "depreciationAndAmortization": 260000000,
    "ebitda": 824000000,
    "ebitdaratio": 0.121372809,
    "operatingIncome": 564000000,
    "operatingIncomeRatio": 0.0830755634,
    "totalOtherIncomeExpensesNet": 0,
    "incomeBeforeTax": 564000000,
    "incomeBeforeTaxRatio": 0.0830755634,
    "incomeTaxExpense": 187000000,
    "netIncome": 372000000,
    "netIncomeRatio": 0.0547945205,
    "eps": 1.27,
    "epsdiluted": 1.26,
    "weightedAverageShsOut": 282677000,
    "weightedAverageShsOutDil": 284921000,
    "link": "https://www.sec.gov/Archives/edgar/data/713676/000095012802000329/0000950128-02-000329-index.htm",
    "finalLink": "https://www.sec.gov/Archives/edgar/data/713676/000095012802000329/j9348001e10-k405.txt"
  },
  {
    "date": "2000-12-31",
    "symbol": "PNC",
    "reportedCurrency": "USD",
    "cik": "0000713676",
    "fillingDate": "2001-03-12",
    "acceptedDate": "2001-03-12 00:00:00",
    "calendarYear": "2000",
    "period": "FY",
    "revenue": 7682000000,
    "costOfRevenue": 2704000000,
    "grossProfit": 4978000000,
    "grossProfitRatio": 0.6480083312,
    "researchAndDevelopmentExpenses": 0,
    "generalAndAdministrativeExpenses": 1616000000,
    "sellingAndMarketingExpenses": 70000000,
    "sellingGeneralAndAdministrativeExpenses": 1686000000,
    "otherExpenses": 1444000000,
    "operatingExpenses": 3130000000,
    "costAndExpenses": 5834000000,
    "interestIncome": 4732000000,
    "interestExpense": 2568000000,
    "depreciationAndAmortization": 340000000,
    "ebitda": 2188000000,
    "ebitdaratio": 0.284821661,
    "operatingIncome": 1848000000,
    "operatingIncomeRatio": 0.2405623536,
    "totalOtherIncomeExpensesNet": 0,
    "incomeBeforeTax": 1848000000,
    "incomeBeforeTaxRatio": 0.2405623536,
    "incomeTaxExpense": 634000000,
    "netIncome": 1279000000,
    "netIncomeRatio": 0.1664931008,
    "eps": 4.35,
    "epsdiluted": 4.31,
    "weightedAverageShsOut": 290000000,
    "weightedAverageShsOutDil": 292800000,
    "link": "https://www.sec.gov/Archives/edgar/data/713676/000095012801000481/0000950128-01-000481-index.htm",
    "finalLink": "https://www.sec.gov/Archives/edgar/data/713676/000095012801000481/j8606301e10-k405.txt"
  },
  {
    "date": "1999-12-31",
    "symbol": "PNC",
    "reportedCurrency": "USD",
    "cik": "0000713676",
    "fillingDate": "2000-03-27",
    "acceptedDate": "2000-03-27 00:00:00",
    "calendarYear": "1999",
    "period": "FY",
    "revenue": 7033000000,
    "costOfRevenue": 2402000000,
    "grossProfit": 4631000000,
    "grossProfitRatio": 0.6584672259,
    "researchAndDevelopmentExpenses": 0,
    "generalAndAdministrativeExpenses": 1380000000,
    "sellingAndMarketingExpenses": 70000000,
    "sellingGeneralAndAdministrativeExpenses": 1450000000,
    "otherExpenses": 1393000000,
    "operatingExpenses": 2843000000,
    "costAndExpenses": 5245000000,
    "interestIncome": 4583000000,
    "interestExpense": 2239000000,
    "depreciationAndAmortization": 305000000,
    "ebitda": 2093000000,
    "ebitdaratio": 0.2975970425,
    "operatingIncome": 1788000000,
    "operatingIncomeRatio": 0.2542300583,
    "totalOtherIncomeExpensesNet": 0,
    "incomeBeforeTax": 1788000000,
    "incomeBeforeTaxRatio": 0.2542300583,
    "incomeTaxExpense": 586000000,
    "netIncome": 1264000000,
    "netIncomeRatio": 0.1797241575,
    "eps": 4.19,
    "epsdiluted": 4.15,
    "weightedAverageShsOut": 296900000,
    "weightedAverageShsOutDil": 300000000,
    "link": "https://www.sec.gov/Archives/edgar/data/713676/000095012800000575/0000950128-00-000575-index.html",
    "finalLink": "https://www.sec.gov/Archives/edgar/data/713676/000095012800000575/0000950128-00-000575.txt"
  },
  {
    "date": "1998-12-31",
    "symbol": "PNC",
    "reportedCurrency": "USD",
    "cik": "0000713676",
    "fillingDate": "1999-03-25",
    "acceptedDate": "1999-03-25 00:00:00",
    "calendarYear": "1998",
    "period": "FY",
    "revenue": 7110000000,
    "costOfRevenue": 2761000000,
    "grossProfit": 4349000000,
    "grossProfitRatio": 0.611673699,
    "researchAndDevelopmentExpenses": 0,
    "generalAndAdministrativeExpenses": 1269000000,
    "sellingAndMarketingExpenses": 92000000,
    "sellingGeneralAndAdministrativeExpenses": 1361000000,
    "otherExpenses": 1337000000,
    "operatingExpenses": 2698000000,
    "costAndExpenses": 5459000000,
    "interestIncome": 5024000000,
    "interestExpense": 2536000000,
    "depreciationAndAmortization": 310000000,
    "ebitda": 1961000000,
    "ebitdaratio": 0.2758087201,
    "operatingIncome": 1651000000,
    "operatingIncomeRatio": 0.2322081575,
    "totalOtherIncomeExpensesNet": 0,
    "incomeBeforeTax": 1651000000,
    "incomeBeforeTaxRatio": 0.2322081575,
    "incomeTaxExpense": 571000000,
    "netIncome": 1115000000,
    "netIncomeRatio": 0.1568213783,
    "eps": 3.64,
    "epsdiluted": 3.6,
    "weightedAverageShsOut": 306319000,
    "weightedAverageShsOutDil": 309722000,
    "link": "https://www.sec.gov/Archives/edgar/data/713676/000095012899000612/0000950128-99-000612-index.html",
    "finalLink": "https://www.sec.gov/Archives/edgar/data/713676/0000950128-99-000612.txt"
  },
  {
    "date": "1997-12-31",
    "symbol": "PNC",
    "reportedCurrency": "USD",
    "cik": "0000713676",
    "fillingDate": "1998-03-23",
    "acceptedDate": "1998-03-23 00:00:00",
    "calendarYear": "1997",
    "period": "FY",
    "revenue": 6906000000,
    "costOfRevenue": 2626000000,
    "grossProfit": 4280000000,
    "grossProfitRatio": 0.6197509412,
    "researchAndDevelopmentExpenses": 0,
    "generalAndAdministrativeExpenses": 1241000000,
    "sellingAndMarketingExpenses": 70000000,
    "sellingGeneralAndAdministrativeExpenses": 1311000000,
    "otherExpenses": 1351000000,
    "operatingExpenses": 2662000000,
    "costAndExpenses": 5288000000,
    "interestIncome": 5051000000,
    "interestExpense": 2556000000,
    "depreciationAndAmortization": 346000000,
    "ebitda": 1964000000,
    "ebitdaratio": 0.2843903852,
    "operatingIncome": 1618000000,
    "operatingIncomeRatio": 0.234289024,
    "totalOtherIncomeExpensesNet": 0,
    "incomeBeforeTax": 1618000000,
    "incomeBeforeTaxRatio": 0.234289024,
    "incomeTaxExpense": 566000000,
    "netIncome": 1052000000,
    "netIncomeRatio": 0.1523313061,
    "eps": 3.33,
    "epsdiluted": 3.28,
    "weightedAverageShsOut": 315916000,
    "weightedAverageShsOutDil": 320732000,
    "link": "https://www.sec.gov/Archives/edgar/data/713676/000095012898000648/0000950128-98-000648-index.htm",
    "finalLink": "https://www.sec.gov/Archives/edgar/data/713676/000095012898000648/"
  },
  {
    "date": "1996-12-31",
    "symbol": "PNC",
    "reportedCurrency": "USD",
    "cik": "0000713676",
    "fillingDate": "1997-03-21",
    "acceptedDate": "1997-03-21 00:00:00",
    "calendarYear": "1996",
    "period": "FY",
    "revenue": 6369000000,
    "costOfRevenue": 2494000000,
    "grossProfit": 3875000000,
    "grossProfitRatio": 0.6084157639,
    "researchAndDevelopmentExpenses": 0,
    "generalAndAdministrativeExpenses": 1135000000,
    "sellingAndMarketingExpenses": 63000000,
    "sellingGeneralAndAdministrativeExpenses": 1198000000,
    "otherExpenses": 1150000000,
    "operatingExpenses": 2348000000,
    "costAndExpenses": 4842000000,
    "interestIncome": 4938000000,
    "interestExpense": 2494000000,
    "depreciationAndAmortization": 290000000,
    "ebitda": 1817000000,
    "ebitdaratio": 0.2852881143,
    "operatingIncome": 1527000000,
    "operatingIncomeRatio": 0.2397550636,
    "totalOtherIncomeExpensesNet": 0,
    "incomeBeforeTax": 1527000000,
    "incomeBeforeTaxRatio": 0.2397550636,
    "incomeTaxExpense": 535000000,
    "netIncome": 992000000,
    "netIncomeRatio": 0.1557544355,
    "eps": 2.91,
    "epsdiluted": 2.88,
    "weightedAverageShsOut": 340246000,
    "weightedAverageShsOutDil": 345354000,
    "link": "https://www.sec.gov/Archives/edgar/data/713676/000095012897000649/0000950128-97-000649-index.html",
    "finalLink": "https://www.sec.gov/Archives/edgar/data/713676/0000950128-97-000649.txt"
  },
  {
    "date": "1995-12-31",
    "symbol": "PNC",
    "reportedCurrency": "USD",
    "cik": "0000713676",
    "fillingDate": "1996-03-27",
    "acceptedDate": "1996-03-27 00:00:00",
    "calendarYear": "1995",
    "period": "FY",
    "revenue": 6109900000,
    "costOfRevenue": 3013600000,
    "grossProfit": 3096300000,
    "grossProfitRatio": 0.5067677049,
    "researchAndDevelopmentExpenses": 0,
    "generalAndAdministrativeExpenses": 1065100000,
    "sellingAndMarketingExpenses": 0,
    "sellingGeneralAndAdministrativeExpenses": 1065100000,
    "otherExpenses": 1404100000,
    "operatingExpenses": 2469200000,
    "costAndExpenses": 5482800000,
    "interestIncome": 5149500000,
    "interestExpense": 3007600000,
    "depreciationAndAmortization": 296000000,
    "ebitda": 923100000,
    "ebitdaratio": 0.1510826691,
    "operatingIncome": 627100000,
    "operatingIncomeRatio": 0.1026367044,
    "totalOtherIncomeExpensesNet": 0,
    "incomeBeforeTax": 627100000,
    "incomeBeforeTaxRatio": 0.1026367044,
    "incomeTaxExpense": 219000000,
    "netIncome": 408100000,
    "netIncomeRatio": 0.0667932372,
    "eps": 1.19,
    "epsdiluted": 1.19,
    "weightedAverageShsOut": 339130000,
    "weightedAverageShsOutDil": 344920000,
    "link": "https://www.sec.gov/Archives/edgar/data/713676/000095012896000238/0000950128-96-000238-index.html",
    "finalLink": "https://www.sec.gov/Archives/edgar/data/713676/0000950128-96-000238.txt"
  },
  {
    "date": "1994-12-31",
    "symbol": "PNC",
    "reportedCurrency": "USD",
    "cik": "0000713676",
    "fillingDate": "1995-03-31",
    "acceptedDate": "1995-03-31 00:00:00",
    "calendarYear": "1994",
    "period": "FY",
    "revenue": 4684400000,
    "costOfRevenue": 2012300000,
    "grossProfit": 2672100000,
    "grossProfitRatio": 0.5704252412,
    "researchAndDevelopmentExpenses": 0,
    "generalAndAdministrativeExpenses": 835700000,
    "sellingAndMarketingExpenses": 0,
    "sellingGeneralAndAdministrativeExpenses": 835700000,
    "otherExpenses": 934000000,
    "operatingExpenses": 1769700000,
    "costAndExpenses": 3782000000,
    "interestIncome": 3861800000,
    "interestExpense": 1952200000,
    "depreciationAndAmortization": 246000000,
    "ebitda": 1148400000,
    "ebitdaratio": 0.2451541286,
    "operatingIncome": 902400000,
    "operatingIncomeRatio": 0.1926393989,
    "totalOtherIncomeExpensesNet": 0,
    "incomeBeforeTax": 902400000,
    "incomeBeforeTaxRatio": 0.1926393989,
    "incomeTaxExpense": 292300000,
    "netIncome": 610100000,
    "netIncomeRatio": 0.1302407992,
    "eps": 2.57,
    "epsdiluted": 2.56,
    "weightedAverageShsOut": 236610000,
    "weightedAverageShsOutDil": 238450000,
    "link": "https://www.sec.gov/Archives/edgar/data/713676/000095012895000076/0000950128-95-000076-index.html",
    "finalLink": "https://www.sec.gov/Archives/edgar/data/713676/0000950128-95-000076.txt"
  },
  {
    "date": "1993-12-31",
    "symbol": "PNC",
    "reportedCurrency": "USD",
    "cik": "0000713676",
    "fillingDate": "1994-06-29",
    "acceptedDate": "1994-06-29 00:00:00",
    "calendarYear": "1993",
    "period": "FY",
    "revenue": 4146300000,
    "costOfRevenue": 1576000000,
    "grossProfit": 2570300000,
    "grossProfitRatio": 0.6199020814,
    "researchAndDevelopmentExpenses": 0,
    "generalAndAdministrativeExpenses": 685400000,
    "sellingAndMarketingExpenses": 0,
    "sellingGeneralAndAdministrativeExpenses": 685400000,
    "otherExpenses": 768300000,
    "operatingExpenses": 1453700000,
    "costAndExpenses": 3029700000,
    "interestIncome": 3201100000,
    "interestExpense": 1372100000,
    "depreciationAndAmortization": 148000000,
    "ebitda": 1264600000,
    "ebitdaratio": 0.3049948147,
    "operatingIncome": 1116600000,
    "operatingIncomeRatio": 0.2693003401,
    "totalOtherIncomeExpensesNet": 0,
    "incomeBeforeTax": 1116600000,
    "incomeBeforeTaxRatio": 0.2693003401,
    "incomeTaxExpense": 371300000,
    "netIncome": 725900000,
    "netIncomeRatio": 0.1750717507,
    "eps": 2.65,
    "epsdiluted": 2.6,
    "weightedAverageShsOut": 236386000,
    "weightedAverageShsOutDil": 238421000,
    "link": "https://www.sec.gov/Archives/edgar/data/713676/000095012894000116/0000950128-94-000116-index.htm",
    "finalLink": "https://www.sec.gov/Archives/edgar/data/713676/000095012894000116/"
  },
  {
    "date": "1992-12-31",
    "symbol": "PNC",
    "reportedCurrency": "USD",
    "cik": "0000713676",
    "fillingDate": "1992-12-31",
    "acceptedDate": "1992-12-31 00:00:00",
    "calendarYear": "1992",
    "period": "FY",
    "revenue": 4105800000,
    "costOfRevenue": 1885200000,
    "grossProfit": 2220600000,
    "grossProfitRatio": 0.5408446588,
    "researchAndDevelopmentExpenses": 0,
    "generalAndAdministrativeExpenses": 668400000,
    "sellingAndMarketingExpenses": 0,
    "sellingGeneralAndAdministrativeExpenses": 668400000,
    "otherExpenses": 774100000,
    "operatingExpenses": 1442500000,
    "costAndExpenses": 3327700000,
    "interestIncome": 3219000000,
    "interestExpense": 1561700000,
    "depreciationAndAmortization": 137000000,
    "ebitda": 915100000,
    "ebitdaratio": 0.2228798285,
    "operatingIncome": 778100000,
    "operatingIncomeRatio": 0.1895123971,
    "totalOtherIncomeExpensesNet": 0,
    "incomeBeforeTax": 778100000,
    "incomeBeforeTaxRatio": 0.1895123971,
    "incomeTaxExpense": 248700000,
    "netIncome": 426900000,
    "netIncomeRatio": 0.1039748648,
    "eps": 1.9,
    "epsdiluted": 1.89,
    "weightedAverageShsOut": 223053000,
    "weightedAverageShsOutDil": 224233000,
    "link": null,
    "finalLink": null
  },
  {
    "date": "1991-12-31",
    "symbol": "PNC",
    "reportedCurrency": "USD",
    "cik": "0000713676",
    "fillingDate": "1991-12-31",
    "acceptedDate": "1991-12-31 00:00:00",
    "calendarYear": "1991",
    "period": "FY",
    "revenue": 4469500000,
    "costOfRevenue": 2650300000,
    "grossProfit": 1819200000,
    "grossProfitRatio": 0.4070253943,
    "researchAndDevelopmentExpenses": 0,
    "generalAndAdministrativeExpenses": 598700000,
    "sellingAndMarketingExpenses": 0,
    "sellingGeneralAndAdministrativeExpenses": 598700000,
    "otherExpenses": 672300000,
    "operatingExpenses": 1271000000,
    "costAndExpenses": 3921300000,
    "interestIncome": 3657500000,
    "interestExpense": 2222300000,
    "depreciationAndAmortization": 71500000,
    "ebitda": 619700000,
    "ebitdaratio": 0.1386508558,
    "operatingIncome": 548200000,
    "operatingIncomeRatio": 0.1226535407,
    "totalOtherIncomeExpensesNet": 0,
    "incomeBeforeTax": 548200000,
    "incomeBeforeTaxRatio": 0.1226535407,
    "incomeTaxExpense": 158400000,
    "netIncome": 389800000,
    "netIncomeRatio": 0.0872133348,
    "eps": 1.98,
    "epsdiluted": 1.95,
    "weightedAverageShsOut": 195202000,
    "weightedAverageShsOutDil": 198205000,
    "link": null,
    "finalLink": null
  },
  {
    "date": "1990-12-31",
    "symbol": "PNC",
    "reportedCurrency": "USD",
    "cik": "0000713676",
    "fillingDate": "1990-12-31",
    "acceptedDate": "1990-12-31 00:00:00",
    "calendarYear": "1990",
    "period": "FY",
    "revenue": 4879900000,
    "costOfRevenue": 3634600000,
    "grossProfit": 1245300000,
    "grossProfitRatio": 0.2551896555,
    "researchAndDevelopmentExpenses": 0,
    "generalAndAdministrativeExpenses": 564900000,
    "sellingAndMarketingExpenses": 0,
    "sellingGeneralAndAdministrativeExpenses": 564900000,
    "otherExpenses": 651000000,
    "operatingExpenses": 1215900000,
    "costAndExpenses": 4850500000,
    "interestIncome": 4223400000,
    "interestExpense": 2874100000,
    "depreciationAndAmortization": 85800000,
    "ebitda": 115200000,
    "ebitdaratio": 0.0236070411,
    "operatingIncome": 29400000,
    "operatingIncomeRatio": 0.0060247136,
    "totalOtherIncomeExpensesNet": 0,
    "incomeBeforeTax": 29400000,
    "incomeBeforeTaxRatio": 0.0060247136,
    "incomeTaxExpense": -41500000,
    "netIncome": 70900000,
    "netIncomeRatio": 0.0145289862,
    "eps": 0.37,
    "epsdiluted": 0.37,
    "weightedAverageShsOut": 182162000,
    "weightedAverageShsOutDil": 182162000,
    "link": null,
    "finalLink": null
  },
  {
    "date": "1989-12-31",
    "symbol": "PNC",
    "reportedCurrency": "USD",
    "cik": "0000713676",
    "fillingDate": "1989-12-31",
    "acceptedDate": "1989-12-31 00:00:00",
    "calendarYear": "1989",
    "period": "FY",
    "revenue": 4645100000,
    "costOfRevenue": 3090100000,
    "grossProfit": 1555000000,
    "grossProfitRatio": 0.3347613614,
    "researchAndDevelopmentExpenses": 0,
    "generalAndAdministrativeExpenses": 538000000,
    "sellingAndMarketingExpenses": 0,
    "sellingGeneralAndAdministrativeExpenses": 538000000,
    "otherExpenses": 531800000,
    "operatingExpenses": 1069800000,
    "costAndExpenses": 4159900000,
    "interestIncome": 4064500000,
    "interestExpense": 2758400000,
    "depreciationAndAmortization": 70500000,
    "ebitda": 555700000,
    "ebitdaratio": 0.1196314396,
    "operatingIncome": 485200000,
    "operatingIncomeRatio": 0.104454156,
    "totalOtherIncomeExpensesNet": 0,
    "incomeBeforeTax": 485200000,
    "incomeBeforeTaxRatio": 0.104454156,
    "incomeTaxExpense": 107800000,
    "netIncome": 377400000,
    "netIncomeRatio": 0.0812469053,
    "eps": 1.99,
    "epsdiluted": 1.96,
    "weightedAverageShsOut": 187236000,
    "weightedAverageShsOutDil": 190102000,
    "link": null,
    "finalLink": null
  },
  {
    "date": "1988-12-31",
    "symbol": "PNC",
    "reportedCurrency": "USD",
    "cik": "0000713676",
    "fillingDate": "1988-12-31",
    "acceptedDate": "1988-12-30 19:00:00",
    "calendarYear": "1988",
    "period": "FY",
    "revenue": 0,
    "costOfRevenue": 0,
    "grossProfit": 0,
    "grossProfitRatio": 0,
    "researchAndDevelopmentExpenses": 0,
    "generalAndAdministrativeExpenses": 0,
    "sellingAndMarketingExpenses": 0,
    "sellingGeneralAndAdministrativeExpenses": 0,
    "otherExpenses": 442700000,
    "operatingExpenses": 442700000,
    "costAndExpenses": 442700000,
    "interestIncome": 0,
    "interestExpense": 0,
    "depreciationAndAmortization": 0,
    "ebitda": 442700000,
    "ebitdaratio": 0,
    "operatingIncome": 442700000,
    "operatingIncomeRatio": 0,
    "totalOtherIncomeExpensesNet": 0,
    "incomeBeforeTax": 0,
    "incomeBeforeTaxRatio": 0,
    "incomeTaxExpense": -442700000,
    "netIncome": 442700000,
    "netIncomeRatio": 0,
    "eps": 2.58,
    "epsdiluted": 2.51,
    "weightedAverageShsOut": 171373000,
    "weightedAverageShsOutDil": 176210000,
    "link": "",
    "finalLink": ""
  },
  {
    "date": "1987-12-31",
    "symbol": "PNC",
    "reportedCurrency": "USD",
    "cik": "0000713676",
    "fillingDate": "1987-12-31",
    "acceptedDate": "1987-12-30 19:00:00",
    "calendarYear": "1987",
    "period": "FY",
    "revenue": 0,
    "costOfRevenue": 0,
    "grossProfit": 0,
    "grossProfitRatio": 0,
    "researchAndDevelopmentExpenses": 0,
    "generalAndAdministrativeExpenses": 0,
    "sellingAndMarketingExpenses": 0,
    "sellingGeneralAndAdministrativeExpenses": 0,
    "otherExpenses": 255700000,
    "operatingExpenses": 255700000,
    "costAndExpenses": 255700000,
    "interestIncome": 0,
    "interestExpense": 0,
    "depreciationAndAmortization": 0,
    "ebitda": 255700000,
    "ebitdaratio": 0,
    "operatingIncome": 255700000,
    "operatingIncomeRatio": 0,
    "totalOtherIncomeExpensesNet": 0,
    "incomeBeforeTax": 0,
    "incomeBeforeTaxRatio": 0,
    "incomeTaxExpense": -255700000,
    "netIncome": 255700000,
    "netIncomeRatio": 0,
    "eps": 1.54,
    "epsdiluted": 1.5,
    "weightedAverageShsOut": 166533000,
    "weightedAverageShsOutDil": 169932000,
    "link": "",
    "finalLink": ""
  },
  {
    "date": "1986-12-31",
    "symbol": "PNC",
    "reportedCurrency": "USD",
    "cik": "0000713676",
    "fillingDate": "1986-12-31",
    "acceptedDate": "1986-12-30 19:00:00",
    "calendarYear": "1986",
    "period": "FY",
    "revenue": 0,
    "costOfRevenue": 0,
    "grossProfit": 0,
    "grossProfitRatio": 0,
    "researchAndDevelopmentExpenses": 0,
    "generalAndAdministrativeExpenses": 0,
    "sellingAndMarketingExpenses": 0,
    "sellingGeneralAndAdministrativeExpenses": 0,
    "otherExpenses": 237400000,
    "operatingExpenses": 237400000,
    "costAndExpenses": 237400000,
    "interestIncome": 0,
    "interestExpense": 0,
    "depreciationAndAmortization": 0,
    "ebitda": 237400000,
    "ebitdaratio": 0,
    "operatingIncome": 237400000,
    "operatingIncomeRatio": 0,
    "totalOtherIncomeExpensesNet": 0,
    "incomeBeforeTax": 0,
    "incomeBeforeTaxRatio": 0,
    "incomeTaxExpense": -237400000,
    "netIncome": 237400000,
    "netIncomeRatio": 0,
    "eps": 1.47,
    "epsdiluted": 1.47,
    "weightedAverageShsOut": 161722000,
    "weightedAverageShsOutDil": 161722000,
    "link": "",
    "finalLink": ""
  },
  {
    "date": "1985-12-31",
    "symbol": "PNC",
    "reportedCurrency": "USD",
    "cik": "0000713676",
    "fillingDate": "1985-12-31",
    "acceptedDate": "1985-12-30 19:00:00",
    "calendarYear": "1985",
    "period": "FY",
    "revenue": 0,
    "costOfRevenue": 0,
    "grossProfit": 0,
    "grossProfitRatio": 0,
    "researchAndDevelopmentExpenses": 0,
    "generalAndAdministrativeExpenses": 0,
    "sellingAndMarketingExpenses": 0,
    "sellingGeneralAndAdministrativeExpenses": 0,
    "otherExpenses": 187800000,
    "operatingExpenses": 187800000,
    "costAndExpenses": 187800000,
    "interestIncome": 0,
    "interestExpense": 0,
    "depreciationAndAmortization": 0,
    "ebitda": 187800000,
    "ebitdaratio": 0,
    "operatingIncome": 187800000,
    "operatingIncomeRatio": 0,
    "totalOtherIncomeExpensesNet": 0,
    "incomeBeforeTax": 0,
    "incomeBeforeTaxRatio": 0,
    "incomeTaxExpense": -187800000,
    "netIncome": 187800000,
    "netIncomeRatio": 0,
    "eps": 2.01,
    "epsdiluted": 1.88,
    "weightedAverageShsOut": 93608000,
    "weightedAverageShsOutDil": 99780000,
    "link": "",
    "finalLink": ""
  }
]