[
  {
    "date": "2025-06-30",
    "symbol": "PNR",
    "reportedCurrency": "USD",
    "cik": "0000077360",
    "fillingDate": "2025-07-22",
    "acceptedDate": "2025-07-22 06:52:28",
    "calendarYear": "2025",
    "period": "Q2",
    "revenue": 1123100000,
    "costOfRevenue": 666500000,
    "grossProfit": 456600000,
    "grossProfitRatio": 0.40655329,
    "researchAndDevelopmentExpenses": 25100000,
    "generalAndAdministrativeExpenses": 0,
    "sellingAndMarketingExpenses": 0,
    "sellingGeneralAndAdministrativeExpenses": 182900000,
    "otherExpenses": 0,
    "operatingExpenses": 208000000,
    "costAndExpenses": 874500000,
    "interestIncome": 0,
    "interestExpense": 17900000,
    "depreciationAndAmortization": 28900000,
    "ebitda": 219300000,
    "ebitdaratio": 0.195263111,
    "operatingIncome": 248600000,
    "operatingIncomeRatio": 0.2213516161,
    "totalOtherIncomeExpensesNet": -76100000,
    "incomeBeforeTax": 172500000,
    "incomeBeforeTaxRatio": 0.1535927344,
    "incomeTaxExpense": 24000000,
    "netIncome": 148500000,
    "netIncomeRatio": 0.1322233105,
    "eps": 0.9,
    "epsdiluted": 0.9,
    "weightedAverageShsOut": 164700000,
    "weightedAverageShsOutDil": 166000000,
    "link": "https://www.sec.gov/Archives/edgar/data/77360/000007736025000035/0000077360-25-000035-index.htm",
    "finalLink": "https://www.sec.gov/Archives/edgar/data/77360/000007736025000035/q22025pressrelease.htm"
  },
  {
    "date": "2025-03-31",
    "symbol": "PNR",
    "reportedCurrency": "USD",
    "cik": "0000077360",
    "fillingDate": "2025-04-22",
    "acceptedDate": "2025-04-22 16:17:25",
    "calendarYear": "2025",
    "period": "Q1",
    "revenue": 1010400000,
    "costOfRevenue": 607100000,
    "grossProfit": 403300000,
    "grossProfitRatio": 0.3991488519,
    "researchAndDevelopmentExpenses": 23600000,
    "generalAndAdministrativeExpenses": 0,
    "sellingAndMarketingExpenses": 0,
    "sellingGeneralAndAdministrativeExpenses": 176600000,
    "otherExpenses": 0,
    "operatingExpenses": 200200000,
    "costAndExpenses": 807300000,
    "interestIncome": 0,
    "interestExpense": 19700000,
    "depreciationAndAmortization": 29000000,
    "ebitda": 231600000,
    "ebitdaratio": 0.229216152,
    "operatingIncome": 203100000,
    "operatingIncomeRatio": 0.2010095012,
    "totalOtherIncomeExpensesNet": -20200000,
    "incomeBeforeTax": 182900000,
    "incomeBeforeTaxRatio": 0.1810174188,
    "incomeTaxExpense": 28000000,
    "netIncome": 154900000,
    "netIncomeRatio": 0.1533056215,
    "eps": 0.94,
    "epsdiluted": 0.93,
    "weightedAverageShsOut": 164900000,
    "weightedAverageShsOutDil": 166300000,
    "link": "https://www.sec.gov/Archives/edgar/data/77360/000007736025000018/0000077360-25-000018-index.htm",
    "finalLink": "https://www.sec.gov/Archives/edgar/data/77360/000007736025000018/pnr-20250331.htm"
  },
  {
    "date": "2024-12-31",
    "symbol": "PNR",
    "reportedCurrency": "USD",
    "cik": "0000077360",
    "fillingDate": "2025-02-25",
    "acceptedDate": "2025-02-25 16:39:46",
    "calendarYear": "2024",
    "period": "Q4",
    "revenue": 972900000,
    "costOfRevenue": 595300000,
    "grossProfit": 377600000,
    "grossProfitRatio": 0.3881179977,
    "researchAndDevelopmentExpenses": 21800000,
    "generalAndAdministrativeExpenses": 149100000,
    "sellingAndMarketingExpenses": 0,
    "sellingGeneralAndAdministrativeExpenses": 149100000,
    "otherExpenses": 11600000,
    "operatingExpenses": 182500000,
    "costAndExpenses": 777800000,
    "interestIncome": 0,
    "interestExpense": 15200000,
    "depreciationAndAmortization": 28900000,
    "ebitda": 228500000,
    "ebitdaratio": 0.2348648371,
    "operatingIncome": 195100000,
    "operatingIncomeRatio": 0.2005344845,
    "totalOtherIncomeExpensesNet": -10700000,
    "incomeBeforeTax": 184400000,
    "incomeBeforeTaxRatio": 0.1895364375,
    "incomeTaxExpense": 18000000,
    "netIncome": 166400000,
    "netIncomeRatio": 0.1710350499,
    "eps": 1.01,
    "epsdiluted": 1,
    "weightedAverageShsOut": 167100000,
    "weightedAverageShsOutDil": 167100000,
    "link": "https://www.sec.gov/Archives/edgar/data/77360/000007736025000006/0000077360-25-000006-index.htm",
    "finalLink": "https://www.sec.gov/Archives/edgar/data/77360/000007736025000006/pnr-20241231.htm"
  },
  {
    "date": "2024-09-30",
    "symbol": "PNR",
    "reportedCurrency": "USD",
    "cik": "0000077360",
    "fillingDate": "2024-10-22",
    "acceptedDate": "2024-10-22 16:45:44",
    "calendarYear": "2024",
    "period": "Q3",
    "revenue": 993400000,
    "costOfRevenue": 600200000,
    "grossProfit": 393200000,
    "grossProfitRatio": 0.3958123616,
    "researchAndDevelopmentExpenses": 22900000,
    "generalAndAdministrativeExpenses": 161300000,
    "sellingAndMarketingExpenses": 0,
    "sellingGeneralAndAdministrativeExpenses": 161300000,
    "otherExpenses": 29100000,
    "operatingExpenses": 213300000,
    "costAndExpenses": 813500000,
    "interestIncome": 0,
    "interestExpense": 19800000,
    "depreciationAndAmortization": 28400000,
    "ebitda": 208400000,
    "ebitdaratio": 0.2097845782,
    "operatingIncome": 179900000,
    "operatingIncomeRatio": 0.1810952285,
    "totalOtherIncomeExpensesNet": -19700000,
    "incomeBeforeTax": 160200000,
    "incomeBeforeTaxRatio": 0.1612643447,
    "incomeTaxExpense": 20600000,
    "netIncome": 139600000,
    "netIncomeRatio": 0.1405274814,
    "eps": 0.84,
    "epsdiluted": 0.84,
    "weightedAverageShsOut": 165600000,
    "weightedAverageShsOutDil": 167000000,
    "link": "https://www.sec.gov/Archives/edgar/data/77360/000007736024000047/0000077360-24-000047-index.htm",
    "finalLink": "https://www.sec.gov/Archives/edgar/data/77360/000007736024000047/pnr-20240930.htm"
  },
  {
    "date": "2024-06-30",
    "symbol": "PNR",
    "reportedCurrency": "USD",
    "cik": "0000077360",
    "fillingDate": "2024-07-23",
    "acceptedDate": "2024-07-23 16:34:00",
    "calendarYear": "2024",
    "period": "Q2",
    "revenue": 1099300000,
    "costOfRevenue": 661400000,
    "grossProfit": 437900000,
    "grossProfitRatio": 0.398344401,
    "researchAndDevelopmentExpenses": 24800000,
    "generalAndAdministrativeExpenses": 0,
    "sellingAndMarketingExpenses": 0,
    "sellingGeneralAndAdministrativeExpenses": 165100000,
    "otherExpenses": 0,
    "operatingExpenses": 189900000,
    "costAndExpenses": 851300000,
    "interestIncome": 0,
    "interestExpense": 26300000,
    "depreciationAndAmortization": 28900000,
    "ebitda": 276100000,
    "ebitdaratio": 0.251159829,
    "operatingIncome": 248000000,
    "operatingIncomeRatio": 0.2255981079,
    "totalOtherIncomeExpensesNet": -27100000,
    "incomeBeforeTax": 220900000,
    "incomeBeforeTaxRatio": 0.2009460566,
    "incomeTaxExpense": 34800000,
    "netIncome": 186100000,
    "netIncomeRatio": 0.1692895479,
    "eps": 1.12,
    "epsdiluted": 1.11,
    "weightedAverageShsOut": 165900000,
    "weightedAverageShsOutDil": 167300000,
    "link": "https://www.sec.gov/Archives/edgar/data/77360/000007736024000041/0000077360-24-000041-index.htm",
    "finalLink": "https://www.sec.gov/Archives/edgar/data/77360/000007736024000041/pnr-20240630.htm"
  },
  {
    "date": "2024-03-31",
    "symbol": "PNR",
    "reportedCurrency": "USD",
    "cik": "0000077360",
    "fillingDate": "2024-04-23",
    "acceptedDate": "2024-04-23 16:51:31",
    "calendarYear": "2024",
    "period": "Q1",
    "revenue": 1017200000,
    "costOfRevenue": 627100000,
    "grossProfit": 390100000,
    "grossProfitRatio": 0.3835037357,
    "researchAndDevelopmentExpenses": 24100000,
    "generalAndAdministrativeExpenses": 0,
    "sellingAndMarketingExpenses": 0,
    "sellingGeneralAndAdministrativeExpenses": 185200000,
    "otherExpenses": 0,
    "operatingExpenses": 209300000,
    "costAndExpenses": 836400000,
    "interestIncome": 0,
    "interestExpense": 27300000,
    "depreciationAndAmortization": 28400000,
    "ebitda": 209100000,
    "ebitdaratio": 0.2055642941,
    "operatingIncome": 180800000,
    "operatingIncomeRatio": 0.1777428234,
    "totalOtherIncomeExpensesNet": -27400000,
    "incomeBeforeTax": 153400000,
    "incomeBeforeTaxRatio": 0.1508061345,
    "incomeTaxExpense": 19900000,
    "netIncome": 133300000,
    "netIncomeRatio": 0.1310460087,
    "eps": 0.8,
    "epsdiluted": 0.8,
    "weightedAverageShsOut": 165700000,
    "weightedAverageShsOutDil": 167200000,
    "link": "https://www.sec.gov/Archives/edgar/data/77360/000007736024000020/0000077360-24-000020-index.htm",
    "finalLink": "https://www.sec.gov/Archives/edgar/data/77360/000007736024000020/pnr-20240331.htm"
  },
  {
    "date": "2023-12-31",
    "symbol": "PNR",
    "reportedCurrency": "USD",
    "cik": "0000077360",
    "fillingDate": "2024-02-20",
    "acceptedDate": "2024-02-20 16:57:46",
    "calendarYear": "2023",
    "period": "Q4",
    "revenue": 984600000,
    "costOfRevenue": 618500000,
    "grossProfit": 366100000,
    "grossProfitRatio": 0.3718261223,
    "researchAndDevelopmentExpenses": 23500000,
    "generalAndAdministrativeExpenses": 0,
    "sellingAndMarketingExpenses": 0,
    "sellingGeneralAndAdministrativeExpenses": 175600000,
    "otherExpenses": 0,
    "operatingExpenses": 199100000,
    "costAndExpenses": 817600000,
    "interestIncome": 0,
    "interestExpense": 26600000,
    "depreciationAndAmortization": 29000000,
    "ebitda": 189600000,
    "ebitdaratio": 0.1925655088,
    "operatingIncome": 167000000,
    "operatingIncomeRatio": 0.1696120252,
    "totalOtherIncomeExpensesNet": -33000000,
    "incomeBeforeTax": 134000000,
    "incomeBeforeTaxRatio": 0.1360958765,
    "incomeTaxExpense": -74100000,
    "netIncome": 208000000,
    "netIncomeRatio": 0.2112533008,
    "eps": 1.26,
    "epsdiluted": 1.25,
    "weightedAverageShsOut": 165300000,
    "weightedAverageShsOutDil": 166700000,
    "link": "https://www.sec.gov/Archives/edgar/data/77360/000007736024000007/0000077360-24-000007-index.htm",
    "finalLink": "https://www.sec.gov/Archives/edgar/data/77360/000007736024000007/pnr-20231231.htm"
  },
  {
    "date": "2023-09-30",
    "symbol": "PNR",
    "reportedCurrency": "USD",
    "cik": "0000077360",
    "fillingDate": "2023-10-24",
    "acceptedDate": "2023-10-24 16:38:42",
    "calendarYear": "2023",
    "period": "Q3",
    "revenue": 1008800000,
    "costOfRevenue": 637000000,
    "grossProfit": 371800000,
    "grossProfitRatio": 0.368556701,
    "researchAndDevelopmentExpenses": 25500000,
    "generalAndAdministrativeExpenses": 164200000,
    "sellingAndMarketingExpenses": 0,
    "sellingGeneralAndAdministrativeExpenses": 164200000,
    "otherExpenses": 2000000,
    "operatingExpenses": 191700000,
    "costAndExpenses": 828700000,
    "interestIncome": 0,
    "interestExpense": 27500000,
    "depreciationAndAmortization": 28700000,
    "ebitda": 209100000,
    "ebitdaratio": 0.2072759715,
    "operatingIncome": 180100000,
    "operatingIncomeRatio": 0.1785289453,
    "totalOtherIncomeExpensesNet": -27200000,
    "incomeBeforeTax": 152900000,
    "incomeBeforeTaxRatio": 0.1515662173,
    "incomeTaxExpense": 20800000,
    "netIncome": 132100000,
    "netIncomeRatio": 0.1309476606,
    "eps": 0.8,
    "epsdiluted": 0.79,
    "weightedAverageShsOut": 165200000,
    "weightedAverageShsOutDil": 166600000,
    "link": "https://www.sec.gov/Archives/edgar/data/77360/000007736023000038/0000077360-23-000038-index.htm",
    "finalLink": "https://www.sec.gov/Archives/edgar/data/77360/000007736023000038/pnr-20230930.htm"
  },
  {
    "date": "2023-06-30",
    "symbol": "PNR",
    "reportedCurrency": "USD",
    "cik": "0000077360",
    "fillingDate": "2023-07-27",
    "acceptedDate": "2023-07-27 17:22:12",
    "calendarYear": "2023",
    "period": "Q2",
    "revenue": 1082500000,
    "costOfRevenue": 683000000,
    "grossProfit": 399500000,
    "grossProfitRatio": 0.3690531178,
    "researchAndDevelopmentExpenses": 25900000,
    "generalAndAdministrativeExpenses": 0,
    "sellingAndMarketingExpenses": 0,
    "sellingGeneralAndAdministrativeExpenses": 165100000,
    "otherExpenses": 0,
    "operatingExpenses": 191000000,
    "costAndExpenses": 874000000,
    "interestIncome": 0,
    "interestExpense": 31800000,
    "depreciationAndAmortization": 28600000,
    "ebitda": 241900000,
    "ebitdaratio": 0.2234642032,
    "operatingIncome": 208500000,
    "operatingIncomeRatio": 0.1926096998,
    "totalOtherIncomeExpensesNet": -27000000,
    "incomeBeforeTax": 181500000,
    "incomeBeforeTaxRatio": 0.1676674365,
    "incomeTaxExpense": 27300000,
    "netIncome": 152900000,
    "netIncomeRatio": 0.1412471132,
    "eps": 0.93,
    "epsdiluted": 0.92,
    "weightedAverageShsOut": 165000000,
    "weightedAverageShsOutDil": 166100000,
    "link": "https://www.sec.gov/Archives/edgar/data/77360/000007736023000029/0000077360-23-000029-index.htm",
    "finalLink": "https://www.sec.gov/Archives/edgar/data/77360/000007736023000029/pnr-20230630.htm"
  },
  {
    "date": "2023-03-31",
    "symbol": "PNR",
    "reportedCurrency": "USD",
    "cik": "0000077360",
    "fillingDate": "2023-04-27",
    "acceptedDate": "2023-04-27 17:18:23",
    "calendarYear": "2023",
    "period": "Q1",
    "revenue": 1028600000,
    "costOfRevenue": 646800000,
    "grossProfit": 381800000,
    "grossProfitRatio": 0.3711841338,
    "researchAndDevelopmentExpenses": 24900000,
    "generalAndAdministrativeExpenses": 0,
    "sellingAndMarketingExpenses": 0,
    "sellingGeneralAndAdministrativeExpenses": 173300000,
    "otherExpenses": 0,
    "operatingExpenses": 198200000,
    "costAndExpenses": 845000000,
    "interestIncome": 0,
    "interestExpense": 32400000,
    "depreciationAndAmortization": 28500000,
    "ebitda": 211400000,
    "ebitdaratio": 0.2055220688,
    "operatingIncome": 183600000,
    "operatingIncomeRatio": 0.1784950418,
    "totalOtherIncomeExpensesNet": -33100000,
    "incomeBeforeTax": 150500000,
    "incomeBeforeTaxRatio": 0.1463153801,
    "incomeTaxExpense": 22000000,
    "netIncome": 129700000,
    "netIncomeRatio": 0.1260937196,
    "eps": 0.79,
    "epsdiluted": 0.78,
    "weightedAverageShsOut": 164800000,
    "weightedAverageShsOutDil": 165800000,
    "link": "https://www.sec.gov/Archives/edgar/data/77360/000007736023000013/0000077360-23-000013-index.htm",
    "finalLink": "https://www.sec.gov/Archives/edgar/data/77360/000007736023000013/pnr-20230331.htm"
  },
  {
    "date": "2022-12-31",
    "symbol": "PNR",
    "reportedCurrency": "USD",
    "cik": "0000077360",
    "fillingDate": "2023-02-21",
    "acceptedDate": "2023-02-21 16:47:26",
    "calendarYear": "2022",
    "period": "Q4",
    "revenue": 1002900000,
    "costOfRevenue": 678100000,
    "grossProfit": 324800000,
    "grossProfitRatio": 0.3238608037,
    "researchAndDevelopmentExpenses": 23100000,
    "generalAndAdministrativeExpenses": 0,
    "sellingAndMarketingExpenses": 0,
    "sellingGeneralAndAdministrativeExpenses": 190100000,
    "otherExpenses": 0,
    "operatingExpenses": 213200000,
    "costAndExpenses": 891300000,
    "interestIncome": 0,
    "interestExpense": 27600000,
    "depreciationAndAmortization": 35300000,
    "ebitda": 164300000,
    "ebitdaratio": 0.1638249078,
    "operatingIncome": 111600000,
    "operatingIncomeRatio": 0.1112772958,
    "totalOtherIncomeExpensesNet": -10200000,
    "incomeBeforeTax": 101400000,
    "incomeBeforeTaxRatio": 0.1011067903,
    "incomeTaxExpense": 5100000,
    "netIncome": 95000000,
    "netIncomeRatio": 0.0947252966,
    "eps": 0.58,
    "epsdiluted": 0.58,
    "weightedAverageShsOut": 164500000,
    "weightedAverageShsOutDil": 165200000,
    "link": "https://www.sec.gov/Archives/edgar/data/77360/000007736023000006/0000077360-23-000006-index.htm",
    "finalLink": "https://www.sec.gov/Archives/edgar/data/77360/000007736023000006/pnr-20221231.htm"
  },
  {
    "date": "2022-09-30",
    "symbol": "PNR",
    "reportedCurrency": "USD",
    "cik": "0000077360",
    "fillingDate": "2022-10-25",
    "acceptedDate": "2022-10-25 17:19:37",
    "calendarYear": "2022",
    "period": "Q3",
    "revenue": 1055100000,
    "costOfRevenue": 707000000,
    "grossProfit": 348100000,
    "grossProfitRatio": 0.3299213345,
    "researchAndDevelopmentExpenses": 23700000,
    "generalAndAdministrativeExpenses": 0,
    "sellingAndMarketingExpenses": 0,
    "sellingGeneralAndAdministrativeExpenses": 177300000,
    "otherExpenses": 0,
    "operatingExpenses": 201000000,
    "costAndExpenses": 908000000,
    "interestIncome": 0,
    "interestExpense": 19300000,
    "depreciationAndAmortization": 31900000,
    "ebitda": 178900000,
    "ebitdaratio": 0.1695573879,
    "operatingIncome": 147100000,
    "operatingIncomeRatio": 0.1394180646,
    "totalOtherIncomeExpensesNet": -19400000,
    "incomeBeforeTax": 127700000,
    "incomeBeforeTaxRatio": 0.1210311819,
    "incomeTaxExpense": 12300000,
    "netIncome": 115400000,
    "netIncomeRatio": 0.1093735191,
    "eps": 0.7,
    "epsdiluted": 0.7,
    "weightedAverageShsOut": 164500000,
    "weightedAverageShsOutDil": 165200000,
    "link": "https://www.sec.gov/Archives/edgar/data/77360/000007736022000041/0000077360-22-000041-index.htm",
    "finalLink": "https://www.sec.gov/Archives/edgar/data/77360/000007736022000041/pnr-20220930.htm"
  },
  {
    "date": "2022-06-30",
    "symbol": "PNR",
    "reportedCurrency": "USD",
    "cik": "0000077360",
    "fillingDate": "2022-07-26",
    "acceptedDate": "2022-07-26 16:46:21",
    "calendarYear": "2022",
    "period": "Q2",
    "revenue": 1064200000,
    "costOfRevenue": 704700000,
    "grossProfit": 359500000,
    "grossProfitRatio": 0.3378124413,
    "researchAndDevelopmentExpenses": 23100000,
    "generalAndAdministrativeExpenses": 0,
    "sellingAndMarketingExpenses": 0,
    "sellingGeneralAndAdministrativeExpenses": 145600000,
    "otherExpenses": 0,
    "operatingExpenses": 168700000,
    "costAndExpenses": 873400000,
    "interestIncome": 0,
    "interestExpense": 9200000,
    "depreciationAndAmortization": 19800000,
    "ebitda": 210500000,
    "ebitdaratio": 0.1978011652,
    "operatingIncome": 190800000,
    "operatingIncomeRatio": 0.1792896072,
    "totalOtherIncomeExpensesNet": -9300000,
    "incomeBeforeTax": 181500000,
    "incomeBeforeTaxRatio": 0.1705506484,
    "incomeTaxExpense": 28500000,
    "netIncome": 152900000,
    "netIncomeRatio": 0.1436760008,
    "eps": 0.93,
    "epsdiluted": 0.92,
    "weightedAverageShsOut": 164800000,
    "weightedAverageShsOutDil": 165500000,
    "link": "https://www.sec.gov/Archives/edgar/data/77360/000007736022000034/0000077360-22-000034-index.htm",
    "finalLink": "https://www.sec.gov/Archives/edgar/data/77360/000007736022000034/pnr-20220630.htm"
  },
  {
    "date": "2022-03-31",
    "symbol": "PNR",
    "reportedCurrency": "USD",
    "cik": "0000077360",
    "fillingDate": "2022-04-21",
    "acceptedDate": "2022-04-21 16:36:28",
    "calendarYear": "2022",
    "period": "Q1",
    "revenue": 999600000,
    "costOfRevenue": 667400000,
    "grossProfit": 332200000,
    "grossProfitRatio": 0.3323329332,
    "researchAndDevelopmentExpenses": 22300000,
    "generalAndAdministrativeExpenses": 0,
    "sellingAndMarketingExpenses": 0,
    "sellingGeneralAndAdministrativeExpenses": 164100000,
    "otherExpenses": 0,
    "operatingExpenses": 186400000,
    "costAndExpenses": 853800000,
    "interestIncome": 0,
    "interestExpense": 5700000,
    "depreciationAndAmortization": 19600000,
    "ebitda": 165300000,
    "ebitdaratio": 0.1653661465,
    "operatingIncome": 145800000,
    "operatingIncomeRatio": 0.1458583433,
    "totalOtherIncomeExpensesNet": -5800000,
    "incomeBeforeTax": 140000000,
    "incomeBeforeTaxRatio": 0.1400560224,
    "incomeTaxExpense": 21500000,
    "netIncome": 117600000,
    "netIncomeRatio": 0.1176470588,
    "eps": 0.71,
    "epsdiluted": 0.71,
    "weightedAverageShsOut": 165300000,
    "weightedAverageShsOutDil": 166500000,
    "link": "https://www.sec.gov/Archives/edgar/data/77360/000007736022000015/0000077360-22-000015-index.htm",
    "finalLink": "https://www.sec.gov/Archives/edgar/data/77360/000007736022000015/pnr-20220331.htm"
  },
  {
    "date": "2021-12-31",
    "symbol": "PNR",
    "reportedCurrency": "USD",
    "cik": "0000077360",
    "fillingDate": "2022-02-22",
    "acceptedDate": "2022-02-22 16:36:56",
    "calendarYear": "2021",
    "period": "Q4",
    "revenue": 988600000,
    "costOfRevenue": 660400000,
    "grossProfit": 328200000,
    "grossProfitRatio": 0.3319846247,
    "researchAndDevelopmentExpenses": 21500000,
    "generalAndAdministrativeExpenses": 0,
    "sellingAndMarketingExpenses": 0,
    "sellingGeneralAndAdministrativeExpenses": 156000000,
    "otherExpenses": 0,
    "operatingExpenses": 177500000,
    "costAndExpenses": 837900000,
    "interestIncome": 0,
    "interestExpense": 1000000,
    "depreciationAndAmortization": 19800000,
    "ebitda": 172500000,
    "ebitdaratio": 0.1744891766,
    "operatingIncome": 150700000,
    "operatingIncomeRatio": 0.1524377908,
    "totalOtherIncomeExpensesNet": 1000000,
    "incomeBeforeTax": 151700000,
    "incomeBeforeTaxRatio": 0.1534493223,
    "incomeTaxExpense": 3100000,
    "netIncome": 148700000,
    "netIncomeRatio": 0.1504147279,
    "eps": 0.9,
    "epsdiluted": 0.89,
    "weightedAverageShsOut": 165200000,
    "weightedAverageShsOutDil": 166900000,
    "link": "https://www.sec.gov/Archives/edgar/data/77360/000007736022000006/0000077360-22-000006-index.htm",
    "finalLink": "https://www.sec.gov/Archives/edgar/data/77360/000007736022000006/pnr-20211231.htm"
  },
  {
    "date": "2021-09-30",
    "symbol": "PNR",
    "reportedCurrency": "USD",
    "cik": "0000077360",
    "fillingDate": "2021-10-26",
    "acceptedDate": "2021-10-26 16:39:01",
    "calendarYear": "2021",
    "period": "Q3",
    "revenue": 969200000,
    "costOfRevenue": 634400000,
    "grossProfit": 334800000,
    "grossProfitRatio": 0.3454395378,
    "researchAndDevelopmentExpenses": 21900000,
    "generalAndAdministrativeExpenses": 0,
    "sellingAndMarketingExpenses": 0,
    "sellingGeneralAndAdministrativeExpenses": 145600000,
    "otherExpenses": 0,
    "operatingExpenses": 167500000,
    "costAndExpenses": 801900000,
    "interestIncome": 0,
    "interestExpense": 2600000,
    "depreciationAndAmortization": 18800000,
    "ebitda": 187200000,
    "ebitdaratio": 0.1931489889,
    "operatingIncome": 167300000,
    "operatingIncomeRatio": 0.172616591,
    "totalOtherIncomeExpensesNet": -1500000,
    "incomeBeforeTax": 165800000,
    "incomeBeforeTaxRatio": 0.1710689228,
    "incomeTaxExpense": 22100000,
    "netIncome": 143600000,
    "netIncomeRatio": 0.1481634338,
    "eps": 0.87,
    "epsdiluted": 0.86,
    "weightedAverageShsOut": 165700000,
    "weightedAverageShsOutDil": 167600000,
    "link": "https://www.sec.gov/Archives/edgar/data/77360/000007736021000035/0000077360-21-000035-index.htm",
    "finalLink": "https://www.sec.gov/Archives/edgar/data/77360/000007736021000035/pnr-20210930.htm"
  },
  {
    "date": "2021-06-30",
    "symbol": "PNR",
    "reportedCurrency": "USD",
    "cik": "0000077360",
    "fillingDate": "2021-07-27",
    "acceptedDate": "2021-07-27 16:55:27",
    "calendarYear": "2021",
    "period": "Q2",
    "revenue": 941100000,
    "costOfRevenue": 600100000,
    "grossProfit": 341000000,
    "grossProfitRatio": 0.3623419403,
    "researchAndDevelopmentExpenses": 21000000,
    "generalAndAdministrativeExpenses": 0,
    "sellingAndMarketingExpenses": 0,
    "sellingGeneralAndAdministrativeExpenses": 158200000,
    "otherExpenses": 0,
    "operatingExpenses": 179200000,
    "costAndExpenses": 779300000,
    "interestIncome": 0,
    "interestExpense": 3800000,
    "depreciationAndAmortization": 19100000,
    "ebitda": 180600000,
    "ebitdaratio": 0.1919030921,
    "operatingIncome": 161800000,
    "operatingIncomeRatio": 0.171926469,
    "totalOtherIncomeExpensesNet": -4100000,
    "incomeBeforeTax": 157700000,
    "incomeBeforeTaxRatio": 0.1675698651,
    "incomeTaxExpense": 25100000,
    "netIncome": 132100000,
    "netIncomeRatio": 0.1403676549,
    "eps": 0.8,
    "epsdiluted": 0.79,
    "weightedAverageShsOut": 166000000,
    "weightedAverageShsOutDil": 167800000,
    "link": "https://www.sec.gov/Archives/edgar/data/77360/000007736021000025/0000077360-21-000025-index.htm",
    "finalLink": "https://www.sec.gov/Archives/edgar/data/77360/000007736021000025/pnr-20210630.htm"
  },
  {
    "date": "2021-03-31",
    "symbol": "PNR",
    "reportedCurrency": "USD",
    "cik": "0000077360",
    "fillingDate": "2021-04-22",
    "acceptedDate": "2021-04-22 16:45:11",
    "calendarYear": "2021",
    "period": "Q1",
    "revenue": 865900000,
    "costOfRevenue": 550700000,
    "grossProfit": 315200000,
    "grossProfitRatio": 0.3640143204,
    "researchAndDevelopmentExpenses": 21500000,
    "generalAndAdministrativeExpenses": 0,
    "sellingAndMarketingExpenses": 0,
    "sellingGeneralAndAdministrativeExpenses": 136600000,
    "otherExpenses": 0,
    "operatingExpenses": 158100000,
    "costAndExpenses": 708800000,
    "interestIncome": 0,
    "interestExpense": 5100000,
    "depreciationAndAmortization": 19800000,
    "ebitda": 176500000,
    "ebitdaratio": 0.203834161,
    "operatingIncome": 157100000,
    "operatingIncomeRatio": 0.1814297263,
    "totalOtherIncomeExpensesNet": -5500000,
    "incomeBeforeTax": 151600000,
    "incomeBeforeTaxRatio": 0.1750779536,
    "incomeTaxExpense": 20500000,
    "netIncome": 128600000,
    "netIncomeRatio": 0.1485159949,
    "eps": 0.77,
    "epsdiluted": 0.77,
    "weightedAverageShsOut": 166200000,
    "weightedAverageShsOutDil": 167700000,
    "link": "https://www.sec.gov/Archives/edgar/data/77360/000007736021000012/0000077360-21-000012-index.htm",
    "finalLink": "https://www.sec.gov/Archives/edgar/data/77360/000007736021000012/pnr-20210331.htm"
  },
  {
    "date": "2020-12-31",
    "symbol": "PNR",
    "reportedCurrency": "USD",
    "cik": "0000077360",
    "fillingDate": "2021-02-16",
    "acceptedDate": "2021-02-16 16:38:57",
    "calendarYear": "2020",
    "period": "Q4",
    "revenue": 796000000,
    "costOfRevenue": 512500000,
    "grossProfit": 283500000,
    "grossProfitRatio": 0.3561557789,
    "researchAndDevelopmentExpenses": 20100000,
    "generalAndAdministrativeExpenses": 0,
    "sellingAndMarketingExpenses": 0,
    "sellingGeneralAndAdministrativeExpenses": 141900000,
    "otherExpenses": 0,
    "operatingExpenses": 162000000,
    "costAndExpenses": 674500000,
    "interestIncome": 0,
    "interestExpense": 3900000,
    "depreciationAndAmortization": 19200000,
    "ebitda": 133800000,
    "ebitdaratio": 0.1680904523,
    "operatingIncome": 121500000,
    "operatingIncomeRatio": 0.152638191,
    "totalOtherIncomeExpensesNet": -10800000,
    "incomeBeforeTax": 110700000,
    "incomeBeforeTaxRatio": 0.1390703518,
    "incomeTaxExpense": 10900000,
    "netIncome": 103000000,
    "netIncomeRatio": 0.1293969849,
    "eps": 0.62,
    "epsdiluted": 0.61,
    "weightedAverageShsOut": 166200000,
    "weightedAverageShsOutDil": 167400000,
    "link": "https://www.sec.gov/Archives/edgar/data/77360/000007736021000005/0000077360-21-000005-index.htm",
    "finalLink": "https://www.sec.gov/Archives/edgar/data/77360/000007736021000005/pnr-20201231.htm"
  },
  {
    "date": "2020-09-30",
    "symbol": "PNR",
    "reportedCurrency": "USD",
    "cik": "0000077360",
    "fillingDate": "2020-10-20",
    "acceptedDate": "2020-10-20 16:58:23",
    "calendarYear": "2020",
    "period": "Q3",
    "revenue": 798500000,
    "costOfRevenue": 521100000,
    "grossProfit": 277400000,
    "grossProfitRatio": 0.3474013776,
    "researchAndDevelopmentExpenses": 19300000,
    "generalAndAdministrativeExpenses": 0,
    "sellingAndMarketingExpenses": 0,
    "sellingGeneralAndAdministrativeExpenses": 130000000,
    "otherExpenses": 0,
    "operatingExpenses": 149300000,
    "costAndExpenses": 670400000,
    "interestIncome": 0,
    "interestExpense": 5400000,
    "depreciationAndAmortization": 18500000,
    "ebitda": 149100000,
    "ebitdaratio": 0.1867251096,
    "operatingIncome": 128100000,
    "operatingIncomeRatio": 0.1604257984,
    "totalOtherIncomeExpensesNet": -2900000,
    "incomeBeforeTax": 125200000,
    "incomeBeforeTaxRatio": 0.1567939887,
    "incomeTaxExpense": 14400000,
    "netIncome": 110800000,
    "netIncomeRatio": 0.1387601753,
    "eps": 0.67,
    "epsdiluted": 0.66,
    "weightedAverageShsOut": 166100000,
    "weightedAverageShsOutDil": 167100000,
    "link": "https://www.sec.gov/Archives/edgar/data/77360/000007736020000040/0000077360-20-000040-index.htm",
    "finalLink": "https://www.sec.gov/Archives/edgar/data/77360/000007736020000040/pnr-20200930.htm"
  },
  {
    "date": "2020-06-30",
    "symbol": "PNR",
    "reportedCurrency": "USD",
    "cik": "0000077360",
    "fillingDate": "2020-07-23",
    "acceptedDate": "2020-07-23 17:22:23",
    "calendarYear": "2020",
    "period": "Q2",
    "revenue": 713300000,
    "costOfRevenue": 468200000,
    "grossProfit": 245100000,
    "grossProfitRatio": 0.3436141876,
    "researchAndDevelopmentExpenses": 17300000,
    "generalAndAdministrativeExpenses": 0,
    "sellingAndMarketingExpenses": 0,
    "sellingGeneralAndAdministrativeExpenses": 116700000,
    "otherExpenses": 0,
    "operatingExpenses": 134000000,
    "costAndExpenses": 602200000,
    "interestIncome": 0,
    "interestExpense": 7700000,
    "depreciationAndAmortization": 18200000,
    "ebitda": 129500000,
    "ebitdaratio": 0.1815505397,
    "operatingIncome": 111100000,
    "operatingIncomeRatio": 0.1557549418,
    "totalOtherIncomeExpensesNet": -7500000,
    "incomeBeforeTax": 103600000,
    "incomeBeforeTaxRatio": 0.1452404318,
    "incomeTaxExpense": 29800000,
    "netIncome": 72100000,
    "netIncomeRatio": 0.1010794897,
    "eps": 0.43,
    "epsdiluted": 0.43,
    "weightedAverageShsOut": 165800000,
    "weightedAverageShsOutDil": 166400000,
    "link": "https://www.sec.gov/Archives/edgar/data/77360/000007736020000031/0000077360-20-000031-index.htm",
    "finalLink": "https://www.sec.gov/Archives/edgar/data/77360/000007736020000031/a2020q210-q1.htm"
  },
  {
    "date": "2020-03-31",
    "symbol": "PNR",
    "reportedCurrency": "USD",
    "cik": "0000077360",
    "fillingDate": "2020-04-30",
    "acceptedDate": "2020-04-30 17:05:41",
    "calendarYear": "2020",
    "period": "Q1",
    "revenue": 710000000,
    "costOfRevenue": 458400000,
    "grossProfit": 251600000,
    "grossProfitRatio": 0.3543661972,
    "researchAndDevelopmentExpenses": 19000000,
    "generalAndAdministrativeExpenses": 0,
    "sellingAndMarketingExpenses": 0,
    "sellingGeneralAndAdministrativeExpenses": 131900000,
    "otherExpenses": 0,
    "operatingExpenses": 150900000,
    "costAndExpenses": 609300000,
    "interestIncome": 0,
    "interestExpense": 6900000,
    "depreciationAndAmortization": 19200000,
    "ebitda": 118700000,
    "ebitdaratio": 0.1671830986,
    "operatingIncome": 100700000,
    "operatingIncomeRatio": 0.1418309859,
    "totalOtherIncomeExpensesNet": -8100000,
    "incomeBeforeTax": 92600000,
    "incomeBeforeTaxRatio": 0.1304225352,
    "incomeTaxExpense": 19900000,
    "netIncome": 72700000,
    "netIncomeRatio": 0.1023943662,
    "eps": 0.43,
    "epsdiluted": 0.43,
    "weightedAverageShsOut": 167800000,
    "weightedAverageShsOutDil": 168700000,
    "link": "https://www.sec.gov/Archives/edgar/data/77360/000007736020000018/0000077360-20-000018-index.htm",
    "finalLink": "https://www.sec.gov/Archives/edgar/data/77360/000007736020000018/a2020q110-q.htm"
  },
  {
    "date": "2019-12-31",
    "symbol": "PNR",
    "reportedCurrency": "USD",
    "cik": "0000077360",
    "fillingDate": "2020-02-25",
    "acceptedDate": "2020-02-25 17:23:48",
    "calendarYear": "2019",
    "period": "Q4",
    "revenue": 755200000,
    "costOfRevenue": 481000000,
    "grossProfit": 274200000,
    "grossProfitRatio": 0.3630826271,
    "researchAndDevelopmentExpenses": 17700000,
    "generalAndAdministrativeExpenses": 0,
    "sellingAndMarketingExpenses": 0,
    "sellingGeneralAndAdministrativeExpenses": 134200000,
    "otherExpenses": 0,
    "operatingExpenses": 151900000,
    "costAndExpenses": 632900000,
    "interestIncome": 0,
    "interestExpense": 6500000,
    "depreciationAndAmortization": 19500000,
    "ebitda": 127600000,
    "ebitdaratio": 0.1689618644,
    "operatingIncome": 122300000,
    "operatingIncomeRatio": 0.1619438559,
    "totalOtherIncomeExpensesNet": -16400000,
    "incomeBeforeTax": 105900000,
    "incomeBeforeTaxRatio": 0.1402277542,
    "incomeTaxExpense": 3000000,
    "netIncome": 97800000,
    "netIncomeRatio": 0.1295021186,
    "eps": 0.58,
    "epsdiluted": 0.58,
    "weightedAverageShsOut": 168500000,
    "weightedAverageShsOutDil": 170700000,
    "link": "https://www.sec.gov/Archives/edgar/data/77360/000007736020000006/0000077360-20-000006-index.htm",
    "finalLink": "https://www.sec.gov/Archives/edgar/data/77360/000007736020000006/a2019pnr-10k.htm"
  },
  {
    "date": "2019-09-30",
    "symbol": "PNR",
    "reportedCurrency": "USD",
    "cik": "0000077360",
    "fillingDate": "2019-10-23",
    "acceptedDate": "2019-10-23 16:37:50",
    "calendarYear": "2019",
    "period": "Q3",
    "revenue": 713600000,
    "costOfRevenue": 458600000,
    "grossProfit": 255000000,
    "grossProfitRatio": 0.3573430493,
    "researchAndDevelopmentExpenses": 19800000,
    "generalAndAdministrativeExpenses": 0,
    "sellingAndMarketingExpenses": 0,
    "sellingGeneralAndAdministrativeExpenses": 126400000,
    "otherExpenses": -600000,
    "operatingExpenses": 146200000,
    "costAndExpenses": 604800000,
    "interestIncome": 0,
    "interestExpense": 6900000,
    "depreciationAndAmortization": 19600000,
    "ebitda": 131300000,
    "ebitdaratio": 0.1839966368,
    "operatingIncome": 108800000,
    "operatingIncomeRatio": 0.1524663677,
    "totalOtherIncomeExpensesNet": -7600000,
    "incomeBeforeTax": 101200000,
    "incomeBeforeTaxRatio": 0.1418161435,
    "incomeTaxExpense": 9900000,
    "netIncome": 92300000,
    "netIncomeRatio": 0.1293441704,
    "eps": 0.55,
    "epsdiluted": 0.55,
    "weightedAverageShsOut": 168100000,
    "weightedAverageShsOutDil": 168600000,
    "link": "https://www.sec.gov/Archives/edgar/data/77360/000007736019000035/0000077360-19-000035-index.htm",
    "finalLink": "https://www.sec.gov/Archives/edgar/data/77360/000007736019000035/pnr-2019093010q.htm"
  },
  {
    "date": "2019-06-30",
    "symbol": "PNR",
    "reportedCurrency": "USD",
    "cik": "0000077360",
    "fillingDate": "2019-07-23",
    "acceptedDate": "2019-07-23 17:01:10",
    "calendarYear": "2019",
    "period": "Q2",
    "revenue": 799500000,
    "costOfRevenue": 512800000,
    "grossProfit": 286700000,
    "grossProfitRatio": 0.3585991245,
    "researchAndDevelopmentExpenses": 20700000,
    "generalAndAdministrativeExpenses": 0,
    "sellingAndMarketingExpenses": 0,
    "sellingGeneralAndAdministrativeExpenses": 132200000,
    "otherExpenses": 0,
    "operatingExpenses": 152900000,
    "costAndExpenses": 665700000,
    "interestIncome": 0,
    "interestExpense": 9400000,
    "depreciationAndAmortization": 20700000,
    "ebitda": 161200000,
    "ebitdaratio": 0.2016260163,
    "operatingIncome": 133800000,
    "operatingIncomeRatio": 0.1673545966,
    "totalOtherIncomeExpensesNet": 3400000,
    "incomeBeforeTax": 137200000,
    "incomeBeforeTaxRatio": 0.1716072545,
    "incomeTaxExpense": 22100000,
    "netIncome": 114300000,
    "netIncomeRatio": 0.1429643527,
    "eps": 0.67,
    "epsdiluted": 0.67,
    "weightedAverageShsOut": 169800000,
    "weightedAverageShsOutDil": 170500000,
    "link": "https://www.sec.gov/Archives/edgar/data/77360/000007736019000030/0000077360-19-000030-index.htm",
    "finalLink": "https://www.sec.gov/Archives/edgar/data/77360/000007736019000030/pnr-2019063010q.htm"
  },
  {
    "date": "2019-03-31",
    "symbol": "PNR",
    "reportedCurrency": "USD",
    "cik": "0000077360",
    "fillingDate": "2019-04-23",
    "acceptedDate": "2019-04-23 16:42:13",
    "calendarYear": "2019",
    "period": "Q1",
    "revenue": 688900000,
    "costOfRevenue": 453300000,
    "grossProfit": 235600000,
    "grossProfitRatio": 0.341994484,
    "researchAndDevelopmentExpenses": 20700000,
    "generalAndAdministrativeExpenses": 0,
    "sellingAndMarketingExpenses": 0,
    "sellingGeneralAndAdministrativeExpenses": 147300000,
    "otherExpenses": -600000,
    "operatingExpenses": 168000000,
    "costAndExpenses": 621300000,
    "interestIncome": 0,
    "interestExpense": 7300000,
    "depreciationAndAmortization": 20200000,
    "ebitda": 104200000,
    "ebitdaratio": 0.1512556249,
    "operatingIncome": 67600000,
    "operatingIncomeRatio": 0.0981274496,
    "totalOtherIncomeExpensesNet": -4400000,
    "incomeBeforeTax": 63200000,
    "incomeBeforeTaxRatio": 0.0917404558,
    "incomeTaxExpense": 10800000,
    "netIncome": 51300000,
    "netIncomeRatio": 0.0744665409,
    "eps": 0.3,
    "epsdiluted": 0.3,
    "weightedAverageShsOut": 171600000,
    "weightedAverageShsOutDil": 172500000,
    "link": "https://www.sec.gov/Archives/edgar/data/77360/000007736019000016/0000077360-19-000016-index.htm",
    "finalLink": "https://www.sec.gov/Archives/edgar/data/77360/000007736019000016/pnr-2019033110q.htm"
  },
  {
    "date": "2018-12-31",
    "symbol": "PNR",
    "reportedCurrency": "USD",
    "cik": "0000077360",
    "fillingDate": "2019-02-19",
    "acceptedDate": "2019-02-19 16:51:28",
    "calendarYear": "2018",
    "period": "Q4",
    "revenue": 740500000,
    "costOfRevenue": 472500000,
    "grossProfit": 268000000,
    "grossProfitRatio": 0.3619176232,
    "researchAndDevelopmentExpenses": 19700000,
    "generalAndAdministrativeExpenses": 0,
    "sellingAndMarketingExpenses": 0,
    "sellingGeneralAndAdministrativeExpenses": 135300000,
    "otherExpenses": 0,
    "operatingExpenses": 155000000,
    "costAndExpenses": 627500000,
    "interestIncome": 0,
    "interestExpense": 4700000,
    "depreciationAndAmortization": 20700000,
    "ebitda": 125100000,
    "ebitdaratio": 0.1689399055,
    "operatingIncome": 113000000,
    "operatingIncomeRatio": 0.1525995949,
    "totalOtherIncomeExpensesNet": -7200000,
    "incomeBeforeTax": 105800000,
    "incomeBeforeTaxRatio": 0.1428764348,
    "incomeTaxExpense": 11600000,
    "netIncome": 92900000,
    "netIncomeRatio": 0.1254557731,
    "eps": 0.54,
    "epsdiluted": 0.53,
    "weightedAverageShsOut": 172900000,
    "weightedAverageShsOutDil": 174000000,
    "link": "https://www.sec.gov/Archives/edgar/data/77360/000007736019000006/0000077360-19-000006-index.htm",
    "finalLink": "https://www.sec.gov/Archives/edgar/data/77360/000007736019000006/a2018pnr-10k.htm"
  },
  {
    "date": "2018-09-30",
    "symbol": "PNR",
    "reportedCurrency": "USD",
    "cik": "0000077360",
    "fillingDate": "2018-10-23",
    "acceptedDate": "2018-10-23 17:11:39",
    "calendarYear": "2018",
    "period": "Q3",
    "revenue": 711400000,
    "costOfRevenue": 467600000,
    "grossProfit": 243800000,
    "grossProfitRatio": 0.3427045263,
    "researchAndDevelopmentExpenses": 19100000,
    "generalAndAdministrativeExpenses": 0,
    "sellingAndMarketingExpenses": 0,
    "sellingGeneralAndAdministrativeExpenses": 116300000,
    "otherExpenses": 0,
    "operatingExpenses": 135400000,
    "costAndExpenses": 603000000,
    "interestIncome": 0,
    "interestExpense": 4300000,
    "depreciationAndAmortization": 20600000,
    "ebitda": 132500000,
    "ebitdaratio": 0.1862524599,
    "operatingIncome": 108400000,
    "operatingIncomeRatio": 0.1523755974,
    "totalOtherIncomeExpensesNet": -6600000,
    "incomeBeforeTax": 101800000,
    "incomeBeforeTaxRatio": 0.1430981164,
    "incomeTaxExpense": 10600000,
    "netIncome": 110100000,
    "netIncomeRatio": 0.1547652516,
    "eps": 0.63,
    "epsdiluted": 0.63,
    "weightedAverageShsOut": 174300000,
    "weightedAverageShsOutDil": 175700000,
    "link": "https://www.sec.gov/Archives/edgar/data/77360/000007736018000033/0000077360-18-000033-index.htm",
    "finalLink": "https://www.sec.gov/Archives/edgar/data/77360/000007736018000033/pnr-2018093010q.htm"
  },
  {
    "date": "2018-06-30",
    "symbol": "PNR",
    "reportedCurrency": "USD",
    "cik": "0000077360",
    "fillingDate": "2018-07-25",
    "acceptedDate": "2018-07-25 17:29:36",
    "calendarYear": "2018",
    "period": "Q2",
    "revenue": 780600000,
    "costOfRevenue": 498000000,
    "grossProfit": 282600000,
    "grossProfitRatio": 0.3620292083,
    "researchAndDevelopmentExpenses": 19100000,
    "generalAndAdministrativeExpenses": 0,
    "sellingAndMarketingExpenses": 0,
    "sellingGeneralAndAdministrativeExpenses": 140900000,
    "otherExpenses": 0,
    "operatingExpenses": 160000000,
    "costAndExpenses": 658000000,
    "interestIncome": 0,
    "interestExpense": 10100000,
    "depreciationAndAmortization": -2900000,
    "ebitda": 121300000,
    "ebitdaratio": 0.1553932872,
    "operatingIncome": 122600000,
    "operatingIncomeRatio": 0.1570586728,
    "totalOtherIncomeExpensesNet": -23900000,
    "incomeBeforeTax": 98700000,
    "incomeBeforeTaxRatio": 0.1264411991,
    "incomeTaxExpense": 20800000,
    "netIncome": 41500000,
    "netIncomeRatio": 0.0531642326,
    "eps": 0.23,
    "epsdiluted": 0.23,
    "weightedAverageShsOut": 176900000,
    "weightedAverageShsOutDil": 178600000,
    "link": "https://www.sec.gov/Archives/edgar/data/77360/000007736018000027/0000077360-18-000027-index.htm",
    "finalLink": "https://www.sec.gov/Archives/edgar/data/77360/000007736018000027/pnr-2018063010q.htm"
  },
  {
    "date": "2018-03-31",
    "symbol": "PNR",
    "reportedCurrency": "USD",
    "cik": "0000077360",
    "fillingDate": "2018-04-20",
    "acceptedDate": "2018-04-20 16:58:54",
    "calendarYear": "2018",
    "period": "Q1",
    "revenue": 1269700000,
    "costOfRevenue": 807700000,
    "grossProfit": 462000000,
    "grossProfitRatio": 0.36386548,
    "researchAndDevelopmentExpenses": 30100000,
    "generalAndAdministrativeExpenses": 0,
    "sellingAndMarketingExpenses": 0,
    "sellingGeneralAndAdministrativeExpenses": 279600000,
    "otherExpenses": -1400000,
    "operatingExpenses": 309700000,
    "costAndExpenses": 1117400000,
    "interestIncome": 300000,
    "interestExpense": 13800000,
    "depreciationAndAmortization": 46200000,
    "ebitda": 191800000,
    "ebitdaratio": 0.1510593053,
    "operatingIncome": 152300000,
    "operatingIncomeRatio": 0.1199495944,
    "totalOtherIncomeExpensesNet": 39100000,
    "incomeBeforeTax": 131800000,
    "incomeBeforeTaxRatio": 0.1038040482,
    "incomeTaxExpense": 27600000,
    "netIncome": 102900000,
    "netIncomeRatio": 0.081042766,
    "eps": 0.57,
    "epsdiluted": 0.57,
    "weightedAverageShsOut": 179200000,
    "weightedAverageShsOutDil": 181500000,
    "link": "https://www.sec.gov/Archives/edgar/data/77360/000007736018000016/0000077360-18-000016-index.htm",
    "finalLink": "https://www.sec.gov/Archives/edgar/data/77360/000007736018000016/pnr-2018033110q.htm"
  },
  {
    "date": "2017-12-31",
    "symbol": "PNR",
    "reportedCurrency": "USD",
    "cik": "0000077360",
    "fillingDate": "2018-02-27",
    "acceptedDate": "2018-02-27 16:39:28",
    "calendarYear": "2017",
    "period": "Q4",
    "revenue": 1260900000,
    "costOfRevenue": 792600000,
    "grossProfit": 468300000,
    "grossProfitRatio": 0.37140138,
    "researchAndDevelopmentExpenses": 28700000,
    "generalAndAdministrativeExpenses": 0,
    "sellingAndMarketingExpenses": 0,
    "sellingGeneralAndAdministrativeExpenses": 302200000,
    "otherExpenses": 0,
    "operatingExpenses": 330900000,
    "costAndExpenses": 1123500000,
    "interestIncome": 0,
    "interestExpense": 13100000,
    "depreciationAndAmortization": 45800000,
    "ebitda": 183200000,
    "ebitdaratio": 0.1452930447,
    "operatingIncome": 137400000,
    "operatingIncomeRatio": 0.1089697835,
    "totalOtherIncomeExpensesNet": -13100000,
    "incomeBeforeTax": 124300000,
    "incomeBeforeTaxRatio": 0.0985803791,
    "incomeTaxExpense": -79700000,
    "netIncome": 189600000,
    "netIncomeRatio": 0.1503687842,
    "eps": 1.05,
    "epsdiluted": 1.04,
    "weightedAverageShsOut": 181400000,
    "weightedAverageShsOutDil": 183600000,
    "link": "https://www.sec.gov/Archives/edgar/data/77360/000007736018000007/0000077360-18-000007-index.htm",
    "finalLink": "https://www.sec.gov/Archives/edgar/data/77360/000007736018000007/a2017pnr-10k.htm"
  },
  {
    "date": "2017-09-30",
    "symbol": "PNR",
    "reportedCurrency": "USD",
    "cik": "0000077360",
    "fillingDate": "2017-10-24",
    "acceptedDate": "2017-10-24 14:55:23",
    "calendarYear": "2017",
    "period": "Q3",
    "revenue": 1226800000,
    "costOfRevenue": 771500000,
    "grossProfit": 455300000,
    "grossProfitRatio": 0.3711281382,
    "researchAndDevelopmentExpenses": 28400000,
    "generalAndAdministrativeExpenses": 0,
    "sellingAndMarketingExpenses": 0,
    "sellingGeneralAndAdministrativeExpenses": 234700000,
    "otherExpenses": -1100000,
    "operatingExpenses": 263100000,
    "costAndExpenses": 1034600000,
    "interestIncome": 0,
    "interestExpense": 13900000,
    "depreciationAndAmortization": 46500000,
    "ebitda": 235200000,
    "ebitdaratio": 0.1917182915,
    "operatingIncome": 192200000,
    "operatingIncomeRatio": 0.1566677535,
    "totalOtherIncomeExpensesNet": 73000000,
    "incomeBeforeTax": 174800000,
    "incomeBeforeTaxRatio": 0.1424845126,
    "incomeTaxExpense": 47700000,
    "netIncome": 125400000,
    "netIncomeRatio": 0.1022171503,
    "eps": 0.69,
    "epsdiluted": 0.68,
    "weightedAverageShsOut": 181500000,
    "weightedAverageShsOutDil": 183500000,
    "link": "https://www.sec.gov/Archives/edgar/data/77360/000007736017000041/0000077360-17-000041-index.htm",
    "finalLink": "https://www.sec.gov/Archives/edgar/data/77360/000007736017000041/pnr-2017093010q.htm"
  },
  {
    "date": "2017-06-30",
    "symbol": "PNR",
    "reportedCurrency": "USD",
    "cik": "0000077360",
    "fillingDate": "2017-07-25",
    "acceptedDate": "2017-07-25 13:41:16",
    "calendarYear": "2017",
    "period": "Q2",
    "revenue": 1265300000,
    "costOfRevenue": 782100000,
    "grossProfit": 483200000,
    "grossProfitRatio": 0.3818857188,
    "researchAndDevelopmentExpenses": 28700000,
    "generalAndAdministrativeExpenses": 0,
    "sellingAndMarketingExpenses": 0,
    "sellingGeneralAndAdministrativeExpenses": 241700000,
    "otherExpenses": -900000,
    "operatingExpenses": 270400000,
    "costAndExpenses": 1052500000,
    "interestIncome": 0,
    "interestExpense": 25300000,
    "depreciationAndAmortization": 45200000,
    "ebitda": 157000000,
    "ebitdaratio": 0.1240812456,
    "operatingIncome": 212800000,
    "operatingIncomeRatio": 0.1681814589,
    "totalOtherIncomeExpensesNet": -42700000,
    "incomeBeforeTax": 86500000,
    "incomeBeforeTaxRatio": 0.068363234,
    "incomeTaxExpense": 18200000,
    "netIncome": 263700000,
    "netIncomeRatio": 0.2084090729,
    "eps": 1.45,
    "epsdiluted": 1.43,
    "weightedAverageShsOut": 181700000,
    "weightedAverageShsOutDil": 183800000,
    "link": "https://www.sec.gov/Archives/edgar/data/77360/000007736017000035/0000077360-17-000035-index.htm",
    "finalLink": "https://www.sec.gov/Archives/edgar/data/77360/000007736017000035/pnr-2017063010q.htm"
  },
  {
    "date": "2017-03-31",
    "symbol": "PNR",
    "reportedCurrency": "USD",
    "cik": "0000077360",
    "fillingDate": "2017-04-25",
    "acceptedDate": "2017-04-25 15:00:10",
    "calendarYear": "2017",
    "period": "Q1",
    "revenue": 1183500000,
    "costOfRevenue": 761200000,
    "grossProfit": 422300000,
    "grossProfitRatio": 0.3568229827,
    "researchAndDevelopmentExpenses": 30000000,
    "generalAndAdministrativeExpenses": 0,
    "sellingAndMarketingExpenses": 0,
    "sellingGeneralAndAdministrativeExpenses": 253900000,
    "otherExpenses": -2000000,
    "operatingExpenses": 283900000,
    "costAndExpenses": 1045100000,
    "interestIncome": 0,
    "interestExpense": 35000000,
    "depreciationAndAmortization": 45400000,
    "ebitda": 184000000,
    "ebitdaratio": 0.1554710604,
    "operatingIncome": 138400000,
    "operatingIncomeRatio": 0.1169412759,
    "totalOtherIncomeExpensesNet": -34800000,
    "incomeBeforeTax": 103600000,
    "incomeBeforeTaxRatio": 0.0875369666,
    "incomeTaxExpense": 22900000,
    "netIncome": 87800000,
    "netIncomeRatio": 0.0741867343,
    "eps": 0.48,
    "epsdiluted": 0.48,
    "weightedAverageShsOut": 182000000,
    "weightedAverageShsOutDil": 184000000,
    "link": "https://www.sec.gov/Archives/edgar/data/77360/000007736017000014/0000077360-17-000014-index.htm",
    "finalLink": "https://www.sec.gov/Archives/edgar/data/77360/000007736017000014/pnr-2017033110q.htm"
  },
  {
    "date": "2016-12-31",
    "symbol": "PNR",
    "reportedCurrency": "USD",
    "cik": "0000077360",
    "fillingDate": "2017-02-21",
    "acceptedDate": "2017-02-21 13:25:02",
    "calendarYear": "2016",
    "period": "Q4",
    "revenue": 1188100000,
    "costOfRevenue": 748000000,
    "grossProfit": 440100000,
    "grossProfitRatio": 0.370423365,
    "researchAndDevelopmentExpenses": 27200000,
    "generalAndAdministrativeExpenses": 0,
    "sellingAndMarketingExpenses": 0,
    "sellingGeneralAndAdministrativeExpenses": 251100000,
    "otherExpenses": 0,
    "operatingExpenses": 278300000,
    "costAndExpenses": 1026300000,
    "interestIncome": 0,
    "interestExpense": 34200000,
    "depreciationAndAmortization": 44100000,
    "ebitda": 223800000,
    "ebitdaratio": 0.1883679825,
    "operatingIncome": 161800000,
    "operatingIncomeRatio": 0.1361838229,
    "totalOtherIncomeExpensesNet": -36500000,
    "incomeBeforeTax": 125300000,
    "incomeBeforeTaxRatio": 0.1054625032,
    "incomeTaxExpense": 15700000,
    "netIncome": 131000000,
    "netIncomeRatio": 0.1102600791,
    "eps": 0.72,
    "epsdiluted": 0.71,
    "weightedAverageShsOut": 181800000,
    "weightedAverageShsOutDil": 183600000,
    "link": "https://www.sec.gov/Archives/edgar/data/77360/000007736017000008/0000077360-17-000008-index.htm",
    "finalLink": "https://www.sec.gov/Archives/edgar/data/77360/000007736017000008/a2016pnr-10k.htm"
  },
  {
    "date": "2016-09-30",
    "symbol": "PNR",
    "reportedCurrency": "USD",
    "cik": "0000077360",
    "fillingDate": "2016-10-25",
    "acceptedDate": "2016-10-25 17:29:57",
    "calendarYear": "2016",
    "period": "Q3",
    "revenue": 1210700000,
    "costOfRevenue": 769800000,
    "grossProfit": 440900000,
    "grossProfitRatio": 0.3641694887,
    "researchAndDevelopmentExpenses": 29700000,
    "generalAndAdministrativeExpenses": 0,
    "sellingAndMarketingExpenses": 0,
    "sellingGeneralAndAdministrativeExpenses": 228400000,
    "otherExpenses": 0,
    "operatingExpenses": 258100000,
    "costAndExpenses": 1027900000,
    "interestIncome": 0,
    "interestExpense": 34300000,
    "depreciationAndAmortization": -6600000,
    "ebitda": 208100000,
    "ebitdaratio": 0.171884034,
    "operatingIncome": 182800000,
    "operatingIncomeRatio": 0.1509870323,
    "totalOtherIncomeExpensesNet": -33100000,
    "incomeBeforeTax": 149700000,
    "incomeBeforeTaxRatio": 0.1236474767,
    "incomeTaxExpense": 32200000,
    "netIncome": 141000000,
    "netIncomeRatio": 0.1164615512,
    "eps": 0.78,
    "epsdiluted": 0.77,
    "weightedAverageShsOut": 181400000,
    "weightedAverageShsOutDil": 183600000,
    "link": "https://www.sec.gov/Archives/edgar/data/77360/000007736016000088/0000077360-16-000088-index.htm",
    "finalLink": "https://www.sec.gov/Archives/edgar/data/77360/000007736016000088/pnr-201693010q.htm"
  },
  {
    "date": "2016-06-30",
    "symbol": "PNR",
    "reportedCurrency": "USD",
    "cik": "0000077360",
    "fillingDate": "2016-07-28",
    "acceptedDate": "2016-07-28 15:41:40",
    "calendarYear": "2016",
    "period": "Q2",
    "revenue": 1733300000,
    "costOfRevenue": 1134100000,
    "grossProfit": 599200000,
    "grossProfitRatio": 0.3456989557,
    "researchAndDevelopmentExpenses": 33900000,
    "generalAndAdministrativeExpenses": 0,
    "sellingAndMarketingExpenses": 0,
    "sellingGeneralAndAdministrativeExpenses": 348400000,
    "otherExpenses": 0,
    "operatingExpenses": 382300000,
    "costAndExpenses": 1516400000,
    "interestIncome": 0,
    "interestExpense": 35500000,
    "depreciationAndAmortization": 72400000,
    "ebitda": 251400000,
    "ebitdaratio": 0.1450412508,
    "operatingIncome": 216900000,
    "operatingIncomeRatio": 0.1251370219,
    "totalOtherIncomeExpensesNet": -34500000,
    "incomeBeforeTax": 182400000,
    "incomeBeforeTaxRatio": 0.1052327929,
    "incomeTaxExpense": 39600000,
    "netIncome": 142800000,
    "netIncomeRatio": 0.0823861997,
    "eps": 0.79,
    "epsdiluted": 0.78,
    "weightedAverageShsOut": 180900000,
    "weightedAverageShsOutDil": 183000000,
    "link": "https://www.sec.gov/Archives/edgar/data/77360/000007736016000083/0000077360-16-000083-index.htm",
    "finalLink": "https://www.sec.gov/Archives/edgar/data/77360/000007736016000083/pnr-201663010q.htm"
  },
  {
    "date": "2016-03-31",
    "symbol": "PNR",
    "reportedCurrency": "USD",
    "cik": "0000077360",
    "fillingDate": "2016-04-26",
    "acceptedDate": "2016-04-26 11:43:26",
    "calendarYear": "2016",
    "period": "Q1",
    "revenue": 1575500000,
    "costOfRevenue": 1040100000,
    "grossProfit": 535400000,
    "grossProfitRatio": 0.3398286258,
    "researchAndDevelopmentExpenses": 33200000,
    "generalAndAdministrativeExpenses": 0,
    "sellingAndMarketingExpenses": 0,
    "sellingGeneralAndAdministrativeExpenses": 331600000,
    "otherExpenses": 0,
    "operatingExpenses": 364800000,
    "costAndExpenses": 1404900000,
    "interestIncome": 0,
    "interestExpense": 36400000,
    "depreciationAndAmortization": 71100000,
    "ebitda": 198300000,
    "ebitdaratio": 0.1258648048,
    "operatingIncome": 170600000,
    "operatingIncomeRatio": 0.1082830847,
    "totalOtherIncomeExpensesNet": -35500000,
    "incomeBeforeTax": 135100000,
    "incomeBeforeTaxRatio": 0.0857505554,
    "incomeTaxExpense": 27700000,
    "netIncome": 107400000,
    "netIncomeRatio": 0.0681688353,
    "eps": 0.59,
    "epsdiluted": 0.59,
    "weightedAverageShsOut": 180700000,
    "weightedAverageShsOutDil": 182400000,
    "link": "https://www.sec.gov/Archives/edgar/data/77360/000007736016000073/0000077360-16-000073-index.htm",
    "finalLink": "https://www.sec.gov/Archives/edgar/data/77360/000007736016000073/pnr-201633110q.htm"
  },
  {
    "date": "2015-12-31",
    "symbol": "PNR",
    "reportedCurrency": "USD",
    "cik": "0000077360",
    "fillingDate": "2016-02-26",
    "acceptedDate": "2016-02-26 08:31:35",
    "calendarYear": "2015",
    "period": "Q4",
    "revenue": 1760700000,
    "costOfRevenue": 1191400000,
    "grossProfit": 569300000,
    "grossProfitRatio": 0.323337309,
    "researchAndDevelopmentExpenses": 30900000,
    "generalAndAdministrativeExpenses": 0,
    "sellingAndMarketingExpenses": 0,
    "sellingGeneralAndAdministrativeExpenses": 375600000,
    "otherExpenses": 0,
    "operatingExpenses": 406500000,
    "costAndExpenses": 1597900000,
    "interestIncome": 0,
    "interestExpense": 34600000,
    "depreciationAndAmortization": 75700000,
    "ebitda": -574500000,
    "ebitdaratio": -0.3262906798,
    "operatingIncome": 162800000,
    "operatingIncomeRatio": 0.0924632249,
    "totalOtherIncomeExpensesNet": -37000000,
    "incomeBeforeTax": 125800000,
    "incomeBeforeTaxRatio": 0.0714488556,
    "incomeTaxExpense": 32600000,
    "netIncome": 92200000,
    "netIncomeRatio": 0.0523655364,
    "eps": 0.51,
    "epsdiluted": 0.51,
    "weightedAverageShsOut": 180500000,
    "weightedAverageShsOutDil": 182500000,
    "link": "https://www.sec.gov/Archives/edgar/data/77360/000007736016000058/0000077360-16-000058-index.htm",
    "finalLink": "https://www.sec.gov/Archives/edgar/data/77360/000007736016000058/pnr-20151231x10k.htm"
  },
  {
    "date": "2015-09-26",
    "symbol": "PNR",
    "reportedCurrency": "USD",
    "cik": "0000077360",
    "fillingDate": "2015-10-20",
    "acceptedDate": "2015-10-20 15:48:33",
    "calendarYear": "2015",
    "period": "Q3",
    "revenue": 1552100000,
    "costOfRevenue": 1012000000,
    "grossProfit": 540100000,
    "grossProfitRatio": 0.3479801559,
    "researchAndDevelopmentExpenses": 29900000,
    "generalAndAdministrativeExpenses": 0,
    "sellingAndMarketingExpenses": 0,
    "sellingGeneralAndAdministrativeExpenses": 330200000,
    "otherExpenses": 0,
    "operatingExpenses": 360100000,
    "costAndExpenses": 1372100000,
    "interestIncome": 0,
    "interestExpense": 31300000,
    "depreciationAndAmortization": 62800000,
    "ebitda": 180000000,
    "ebitdaratio": 0.115971909,
    "operatingIncome": 180000000,
    "operatingIncomeRatio": 0.115971909,
    "totalOtherIncomeExpensesNet": -3300000,
    "incomeBeforeTax": 149600000,
    "incomeBeforeTaxRatio": 0.0963855422,
    "incomeTaxExpense": 34400000,
    "netIncome": 115200000,
    "netIncomeRatio": 0.0742220218,
    "eps": 0.64,
    "epsdiluted": 0.63,
    "weightedAverageShsOut": 180200000,
    "weightedAverageShsOutDil": 182600000,
    "link": "https://www.sec.gov/Archives/edgar/data/77360/000007736015000040/0000077360-15-000040-index.htm",
    "finalLink": "https://www.sec.gov/Archives/edgar/data/77360/000007736015000040/pnr-201592610q.htm"
  },
  {
    "date": "2015-06-27",
    "symbol": "PNR",
    "reportedCurrency": "USD",
    "cik": "0000077360",
    "fillingDate": "2015-07-21",
    "acceptedDate": "2015-07-21 16:09:28",
    "calendarYear": "2015",
    "period": "Q2",
    "revenue": 1661200000,
    "costOfRevenue": 1095000000,
    "grossProfit": 566200000,
    "grossProfitRatio": 0.3408379485,
    "researchAndDevelopmentExpenses": 29000000,
    "generalAndAdministrativeExpenses": 0,
    "sellingAndMarketingExpenses": 0,
    "sellingGeneralAndAdministrativeExpenses": 319300000,
    "otherExpenses": 0,
    "operatingExpenses": 348300000,
    "costAndExpenses": 1443300000,
    "interestIncome": 0,
    "interestExpense": 18600000,
    "depreciationAndAmortization": 62400000,
    "ebitda": 280900000,
    "ebitdaratio": 0.1690946304,
    "operatingIncome": 217900000,
    "operatingIncomeRatio": 0.1311702384,
    "totalOtherIncomeExpensesNet": -18000000,
    "incomeBeforeTax": 199900000,
    "incomeBeforeTaxRatio": 0.1203346978,
    "incomeTaxExpense": 46000000,
    "netIncome": 147800000,
    "netIncomeRatio": 0.0889718276,
    "eps": 0.82,
    "epsdiluted": 0.81,
    "weightedAverageShsOut": 179800000,
    "weightedAverageShsOutDil": 182300000,
    "link": "https://www.sec.gov/Archives/edgar/data/77360/000007736015000033/0000077360-15-000033-index.htm",
    "finalLink": "https://www.sec.gov/Archives/edgar/data/77360/000007736015000033/pnr-201562710q.htm"
  },
  {
    "date": "2015-03-28",
    "symbol": "PNR",
    "reportedCurrency": "USD",
    "cik": "0000077360",
    "fillingDate": "2015-04-21",
    "acceptedDate": "2015-04-21 12:14:48",
    "calendarYear": "2015",
    "period": "Q1",
    "revenue": 1475000000,
    "costOfRevenue": 964800000,
    "grossProfit": 510200000,
    "grossProfitRatio": 0.3458983051,
    "researchAndDevelopmentExpenses": 29800000,
    "generalAndAdministrativeExpenses": 0,
    "sellingAndMarketingExpenses": 0,
    "sellingGeneralAndAdministrativeExpenses": 309200000,
    "otherExpenses": 0,
    "operatingExpenses": 339000000,
    "costAndExpenses": 1303800000,
    "interestIncome": 0,
    "interestExpense": 18200000,
    "depreciationAndAmortization": 60000000,
    "ebitda": 231200000,
    "ebitdaratio": 0.1567457627,
    "operatingIncome": 171200000,
    "operatingIncomeRatio": 0.1160677966,
    "totalOtherIncomeExpensesNet": -17700000,
    "incomeBeforeTax": 153500000,
    "incomeBeforeTaxRatio": 0.1040677966,
    "incomeTaxExpense": 35300000,
    "netIncome": 113900000,
    "netIncomeRatio": 0.077220339,
    "eps": 0.63,
    "epsdiluted": 0.62,
    "weightedAverageShsOut": 180100000,
    "weightedAverageShsOutDil": 182700000,
    "link": "https://www.sec.gov/Archives/edgar/data/77360/000007736015000017/0000077360-15-000017-index.htm",
    "finalLink": "https://www.sec.gov/Archives/edgar/data/77360/000007736015000017/pnr-201532810q.htm"
  },
  {
    "date": "2014-12-31",
    "symbol": "PNR",
    "reportedCurrency": "USD",
    "cik": "0000077360",
    "fillingDate": "2015-02-24",
    "acceptedDate": "2015-02-24 16:12:30",
    "calendarYear": "2014",
    "period": "Q4",
    "revenue": 1802500000,
    "costOfRevenue": 1161600000,
    "grossProfit": 640900000,
    "grossProfitRatio": 0.3555617198,
    "researchAndDevelopmentExpenses": 29100000,
    "generalAndAdministrativeExpenses": 0,
    "sellingAndMarketingExpenses": 0,
    "sellingGeneralAndAdministrativeExpenses": 422800000,
    "otherExpenses": 0,
    "operatingExpenses": 451900000,
    "costAndExpenses": 1613500000,
    "interestIncome": 0,
    "interestExpense": 17500000,
    "depreciationAndAmortization": 62900000,
    "ebitda": 274300000,
    "ebitdaratio": 0.1521775312,
    "operatingIncome": 189000000,
    "operatingIncomeRatio": 0.1048543689,
    "totalOtherIncomeExpensesNet": -4200000,
    "incomeBeforeTax": 171800000,
    "incomeBeforeTaxRatio": 0.0953120666,
    "incomeTaxExpense": 34000000,
    "netIncome": 120800000,
    "netIncomeRatio": 0.0670180305,
    "eps": 0.7,
    "epsdiluted": 0.69,
    "weightedAverageShsOut": 183100000,
    "weightedAverageShsOutDil": 185800000,
    "link": "https://www.sec.gov/Archives/edgar/data/77360/000007736015000007/0000077360-15-000007-index.htm",
    "finalLink": "https://www.sec.gov/Archives/edgar/data/77360/000007736015000007/pnr-20141231x10k.htm"
  },
  {
    "date": "2014-09-27",
    "symbol": "PNR",
    "reportedCurrency": "USD",
    "cik": "0000077360",
    "fillingDate": "2014-10-21",
    "acceptedDate": "2014-10-21 16:53:06",
    "calendarYear": "2014",
    "period": "Q3",
    "revenue": 1758400000,
    "costOfRevenue": 1133700000,
    "grossProfit": 624700000,
    "grossProfitRatio": 0.355266151,
    "researchAndDevelopmentExpenses": 28500000,
    "generalAndAdministrativeExpenses": 0,
    "sellingAndMarketingExpenses": 0,
    "sellingGeneralAndAdministrativeExpenses": 328800000,
    "otherExpenses": 0,
    "operatingExpenses": 357300000,
    "costAndExpenses": 1491000000,
    "interestIncome": 0,
    "interestExpense": 17100000,
    "depreciationAndAmortization": 57500000,
    "ebitda": 330400000,
    "ebitdaratio": 0.1878980892,
    "operatingIncome": 267400000,
    "operatingIncomeRatio": 0.1520700637,
    "totalOtherIncomeExpensesNet": -16800000,
    "incomeBeforeTax": 250600000,
    "incomeBeforeTaxRatio": 0.1425159236,
    "incomeTaxExpense": 58100000,
    "netIncome": -186000000,
    "netIncomeRatio": -0.10577798,
    "eps": -0.98,
    "epsdiluted": -0.96,
    "weightedAverageShsOut": 190200000,
    "weightedAverageShsOutDil": 193100000,
    "link": "https://www.sec.gov/Archives/edgar/data/77360/000007736014000039/0000077360-14-000039-index.htm",
    "finalLink": "https://www.sec.gov/Archives/edgar/data/77360/000007736014000039/pnr-201492710q.htm"
  },
  {
    "date": "2014-06-28",
    "symbol": "PNR",
    "reportedCurrency": "USD",
    "cik": "0000077360",
    "fillingDate": "2014-07-31",
    "acceptedDate": "2014-07-31 10:30:07",
    "calendarYear": "2014",
    "period": "Q2",
    "revenue": 1910800000,
    "costOfRevenue": 1251900000,
    "grossProfit": 658900000,
    "grossProfitRatio": 0.3448293908,
    "researchAndDevelopmentExpenses": 30900000,
    "generalAndAdministrativeExpenses": 0,
    "sellingAndMarketingExpenses": 0,
    "sellingGeneralAndAdministrativeExpenses": 400300000,
    "otherExpenses": 0,
    "operatingExpenses": 431200000,
    "costAndExpenses": 1683100000,
    "interestIncome": 0,
    "interestExpense": 17500000,
    "depreciationAndAmortization": 65600000,
    "ebitda": 290000000,
    "ebitdaratio": 0.1517688926,
    "operatingIncome": 227700000,
    "operatingIncomeRatio": 0.1191647477,
    "totalOtherIncomeExpensesNet": -17800000,
    "incomeBeforeTax": 210400000,
    "incomeBeforeTaxRatio": 0.1101109483,
    "incomeTaxExpense": 48900000,
    "netIncome": 161500000,
    "netIncomeRatio": 0.084519573,
    "eps": 0.84,
    "epsdiluted": 0.82,
    "weightedAverageShsOut": 193100000,
    "weightedAverageShsOutDil": 196400000,
    "link": "https://www.sec.gov/Archives/edgar/data/77360/000007736014000030/0000077360-14-000030-index.htm",
    "finalLink": "https://www.sec.gov/Archives/edgar/data/77360/000007736014000030/pnr-201462810q.htm"
  },
  {
    "date": "2014-03-29",
    "symbol": "PNR",
    "reportedCurrency": "USD",
    "cik": "0000077360",
    "fillingDate": "2014-04-22",
    "acceptedDate": "2014-04-22 15:02:18",
    "calendarYear": "2014",
    "period": "Q1",
    "revenue": 1725200000,
    "costOfRevenue": 1146900000,
    "grossProfit": 578300000,
    "grossProfitRatio": 0.3352075122,
    "researchAndDevelopmentExpenses": 30000000,
    "generalAndAdministrativeExpenses": 0,
    "sellingAndMarketingExpenses": 0,
    "sellingGeneralAndAdministrativeExpenses": 368400000,
    "otherExpenses": 0,
    "operatingExpenses": 398400000,
    "costAndExpenses": 1545300000,
    "interestIncome": 0,
    "interestExpense": 15700000,
    "depreciationAndAmortization": 66700000,
    "ebitda": 262800000,
    "ebitdaratio": 0.1523301646,
    "operatingIncome": 179900000,
    "operatingIncomeRatio": 0.1042777649,
    "totalOtherIncomeExpensesNet": -13600000,
    "incomeBeforeTax": 156600000,
    "incomeBeforeTaxRatio": 0.0907720844,
    "incomeTaxExpense": 38000000,
    "netIncome": 118600000,
    "netIncomeRatio": 0.0687456527,
    "eps": 0.6,
    "epsdiluted": 0.59,
    "weightedAverageShsOut": 196200000,
    "weightedAverageShsOutDil": 199700000,
    "link": "https://www.sec.gov/Archives/edgar/data/77360/000007736014000016/0000077360-14-000016-index.htm",
    "finalLink": "https://www.sec.gov/Archives/edgar/data/77360/000007736014000016/pnr-201432910q.htm"
  },
  {
    "date": "2013-12-31",
    "symbol": "PNR",
    "reportedCurrency": "USD",
    "cik": "0000077360",
    "fillingDate": "2014-02-25",
    "acceptedDate": "2014-02-25 14:06:19",
    "calendarYear": "2013",
    "period": "Q4",
    "revenue": 1916700000,
    "costOfRevenue": 1272600000,
    "grossProfit": 644100000,
    "grossProfitRatio": 0.3360463296,
    "researchAndDevelopmentExpenses": 28700000,
    "generalAndAdministrativeExpenses": 0,
    "sellingAndMarketingExpenses": 0,
    "sellingGeneralAndAdministrativeExpenses": 370600000,
    "otherExpenses": 0,
    "operatingExpenses": 399300000,
    "costAndExpenses": 1671900000,
    "interestIncome": 0,
    "interestExpense": 16500000,
    "depreciationAndAmortization": 62300000,
    "ebitda": 306800000,
    "ebitdaratio": 0.1600667814,
    "operatingIncome": 233800000,
    "operatingIncomeRatio": 0.1219804873,
    "totalOtherIncomeExpensesNet": -20900000,
    "incomeBeforeTax": 220400000,
    "incomeBeforeTaxRatio": 0.1149893045,
    "incomeTaxExpense": 60700000,
    "netIncome": 158200000,
    "netIncomeRatio": 0.082537695,
    "eps": 0.8,
    "epsdiluted": 0.78,
    "weightedAverageShsOut": 198100000,
    "weightedAverageShsOutDil": 201600000,
    "link": "https://www.sec.gov/Archives/edgar/data/77360/000007736014000010/0000077360-14-000010-index.htm",
    "finalLink": "https://www.sec.gov/Archives/edgar/data/77360/000007736014000010/pnr-20131231x10k.htm"
  },
  {
    "date": "2013-09-28",
    "symbol": "PNR",
    "reportedCurrency": "USD",
    "cik": "0000077360",
    "fillingDate": "2013-10-22",
    "acceptedDate": "2013-10-22 14:26:02",
    "calendarYear": "2013",
    "period": "Q3",
    "revenue": 1824800000,
    "costOfRevenue": 1187200000,
    "grossProfit": 637600000,
    "grossProfitRatio": 0.3494081543,
    "researchAndDevelopmentExpenses": 31500000,
    "generalAndAdministrativeExpenses": 0,
    "sellingAndMarketingExpenses": 0,
    "sellingGeneralAndAdministrativeExpenses": 366100000,
    "otherExpenses": 0,
    "operatingExpenses": 397600000,
    "costAndExpenses": 1584800000,
    "interestIncome": 0,
    "interestExpense": 17200000,
    "depreciationAndAmortization": 69400000,
    "ebitda": 294500000,
    "ebitdaratio": 0.1613875493,
    "operatingIncome": 240000000,
    "operatingIncomeRatio": 0.1315212626,
    "totalOtherIncomeExpensesNet": -6600000,
    "incomeBeforeTax": 223400000,
    "incomeBeforeTaxRatio": 0.1224243753,
    "incomeTaxExpense": 49200000,
    "netIncome": 172800000,
    "netIncomeRatio": 0.0946953091,
    "eps": 0.87,
    "epsdiluted": 0.85,
    "weightedAverageShsOut": 199300000,
    "weightedAverageShsOutDil": 202800000,
    "link": "https://www.sec.gov/Archives/edgar/data/77360/000007736013000018/0000077360-13-000018-index.htm",
    "finalLink": "https://www.sec.gov/Archives/edgar/data/77360/000007736013000018/pnr-201392810q.htm"
  },
  {
    "date": "2013-06-29",
    "symbol": "PNR",
    "reportedCurrency": "USD",
    "cik": "0000077360",
    "fillingDate": "2013-07-23",
    "acceptedDate": "2013-07-23 14:47:53",
    "calendarYear": "2013",
    "period": "Q2",
    "revenue": 1963700000,
    "costOfRevenue": 1296300000,
    "grossProfit": 667400000,
    "grossProfitRatio": 0.3398686154,
    "researchAndDevelopmentExpenses": 32100000,
    "generalAndAdministrativeExpenses": 0,
    "sellingAndMarketingExpenses": 0,
    "sellingGeneralAndAdministrativeExpenses": 409400000,
    "otherExpenses": 0,
    "operatingExpenses": 441500000,
    "costAndExpenses": 1737800000,
    "interestIncome": 0,
    "interestExpense": 18400000,
    "depreciationAndAmortization": 74400000,
    "ebitda": 301300000,
    "ebitdaratio": 0.1534348424,
    "operatingIncome": 225900000,
    "operatingIncomeRatio": 0.1150379386,
    "totalOtherIncomeExpensesNet": -17500000,
    "incomeBeforeTax": 208400000,
    "incomeBeforeTaxRatio": 0.1061261904,
    "incomeTaxExpense": 53000000,
    "netIncome": 154100000,
    "netIncomeRatio": 0.0784743087,
    "eps": 0.76,
    "epsdiluted": 0.75,
    "weightedAverageShsOut": 202100000,
    "weightedAverageShsOutDil": 205500000,
    "link": "https://www.sec.gov/Archives/edgar/data/77360/000007736013000011/0000077360-13-000011-index.htm",
    "finalLink": "https://www.sec.gov/Archives/edgar/data/77360/000007736013000011/pnr-201363010q.htm"
  },
  {
    "date": "2013-03-30",
    "symbol": "PNR",
    "reportedCurrency": "USD",
    "cik": "0000077360",
    "fillingDate": "2013-04-23",
    "acceptedDate": "2013-04-23 12:42:10",
    "calendarYear": "2013",
    "period": "Q1",
    "revenue": 1774000000,
    "costOfRevenue": 1250000000,
    "grossProfit": 524000000,
    "grossProfitRatio": 0.2953776776,
    "researchAndDevelopmentExpenses": 34000000,
    "generalAndAdministrativeExpenses": 0,
    "sellingAndMarketingExpenses": 0,
    "sellingGeneralAndAdministrativeExpenses": 416000000,
    "otherExpenses": 0,
    "operatingExpenses": 450000000,
    "costAndExpenses": 1700000000,
    "interestIncome": 0,
    "interestExpense": 17000000,
    "depreciationAndAmortization": 80000000,
    "ebitda": 171100000,
    "ebitdaratio": 0.0964487035,
    "operatingIncome": 74000000,
    "operatingIncomeRatio": 0.0417136415,
    "totalOtherIncomeExpensesNet": 200000,
    "incomeBeforeTax": 74000000,
    "incomeBeforeTaxRatio": 0.0417136415,
    "incomeTaxExpense": 21000000,
    "netIncome": 51700000,
    "netIncomeRatio": 0.0291431793,
    "eps": 0.25,
    "epsdiluted": 0.25,
    "weightedAverageShsOut": 204800000,
    "weightedAverageShsOutDil": 208200000,
    "link": "https://www.sec.gov/Archives/edgar/data/77360/000119312513166627/0001193125-13-166627-index.htm",
    "finalLink": "https://www.sec.gov/Archives/edgar/data/77360/000119312513166627/d502451d10q.htm"
  },
  {
    "date": "2012-12-31",
    "symbol": "PNR",
    "reportedCurrency": "USD",
    "cik": "0000077360",
    "fillingDate": "2013-02-26",
    "acceptedDate": "2013-02-26 16:44:56",
    "calendarYear": "2012",
    "period": "Q4",
    "revenue": 1750932000,
    "costOfRevenue": 1352264000,
    "grossProfit": 398668000,
    "grossProfitRatio": 0.227689025,
    "researchAndDevelopmentExpenses": 32174000,
    "generalAndAdministrativeExpenses": 0,
    "sellingAndMarketingExpenses": 0,
    "sellingGeneralAndAdministrativeExpenses": 609882000,
    "otherExpenses": 0,
    "operatingExpenses": 642056000,
    "costAndExpenses": 1994320000,
    "interestIncome": 0,
    "interestExpense": 18168000,
    "depreciationAndAmortization": 85808000,
    "ebitda": -379083000,
    "ebitdaratio": -0.2165035535,
    "operatingIncome": -304106000,
    "operatingIncomeRatio": -0.1736823589,
    "totalOtherIncomeExpensesNet": -96254000,
    "incomeBeforeTax": -397786000,
    "incomeBeforeTaxRatio": -0.2271852933,
    "incomeTaxExpense": -123050000,
    "netIncome": -273083000,
    "netIncomeRatio": -0.1559643664,
    "eps": -2.4,
    "epsdiluted": -2.37,
    "weightedAverageShsOut": 113871875,
    "weightedAverageShsOutDil": 115134000,
    "link": "https://www.sec.gov/Archives/edgar/data/77360/000119312513077034/0001193125-13-077034-index.htm",
    "finalLink": "https://www.sec.gov/Archives/edgar/data/77360/000119312513077034/d446377d10k.htm"
  },
  {
    "date": "2012-09-29",
    "symbol": "PNR",
    "reportedCurrency": "USD",
    "cik": "0000077360",
    "fillingDate": "2012-11-01",
    "acceptedDate": "2012-11-01 12:46:06",
    "calendarYear": "2012",
    "period": "Q3",
    "revenue": 865512000,
    "costOfRevenue": 587435000,
    "grossProfit": 278077000,
    "grossProfitRatio": 0.3212861289,
    "researchAndDevelopmentExpenses": 19735000,
    "generalAndAdministrativeExpenses": 0,
    "sellingAndMarketingExpenses": 0,
    "sellingGeneralAndAdministrativeExpenses": 204665000,
    "otherExpenses": 0,
    "operatingExpenses": 224400000,
    "costAndExpenses": 811835000,
    "interestIncome": 0,
    "interestExpense": 18600000,
    "depreciationAndAmortization": 25641000,
    "ebitda": 81400000,
    "ebitdaratio": 0.0940483783,
    "operatingIncome": 53677000,
    "operatingIncomeRatio": 0.0620176266,
    "totalOtherIncomeExpensesNet": -16477000,
    "incomeBeforeTax": 35673000,
    "incomeBeforeTaxRatio": 0.0412160663,
    "incomeTaxExpense": 4023000,
    "netIncome": 31400000,
    "netIncomeRatio": 0.0362791042,
    "eps": 0.31,
    "epsdiluted": 0.31,
    "weightedAverageShsOut": 100400000,
    "weightedAverageShsOutDil": 102900000,
    "link": "https://www.sec.gov/Archives/edgar/data/77360/000119312512445897/0001193125-12-445897-index.htm",
    "finalLink": "https://www.sec.gov/Archives/edgar/data/77360/000119312512445897/d404407d10q.htm"
  },
  {
    "date": "2012-06-30",
    "symbol": "PNR",
    "reportedCurrency": "USD",
    "cik": "0000077360",
    "fillingDate": "2012-07-24",
    "acceptedDate": "2012-07-24 14:05:33",
    "calendarYear": "2012",
    "period": "Q2",
    "revenue": 941525000,
    "costOfRevenue": 629397000,
    "grossProfit": 312128000,
    "grossProfitRatio": 0.3315132365,
    "researchAndDevelopmentExpenses": 20891000,
    "generalAndAdministrativeExpenses": 0,
    "sellingAndMarketingExpenses": 0,
    "sellingGeneralAndAdministrativeExpenses": 173445000,
    "otherExpenses": 0,
    "operatingExpenses": 194336000,
    "costAndExpenses": 823733000,
    "interestIncome": 0,
    "interestExpense": 16100000,
    "depreciationAndAmortization": 26425000,
    "ebitda": 146300000,
    "ebitdaratio": 0.1553862085,
    "operatingIncome": 117792000,
    "operatingIncomeRatio": 0.1251076711,
    "totalOtherIncomeExpensesNet": -13992000,
    "incomeBeforeTax": 102349000,
    "incomeBeforeTaxRatio": 0.1087055575,
    "incomeTaxExpense": 28864000,
    "netIncome": 72700000,
    "netIncomeRatio": 0.0772151563,
    "eps": 0.73,
    "epsdiluted": 0.71,
    "weightedAverageShsOut": 99047000,
    "weightedAverageShsOutDil": 101165000,
    "link": "https://www.sec.gov/Archives/edgar/data/77360/000119312512312004/0001193125-12-312004-index.htm",
    "finalLink": "https://www.sec.gov/Archives/edgar/data/77360/000119312512312004/d357000d10q.htm"
  },
  {
    "date": "2012-03-31",
    "symbol": "PNR",
    "reportedCurrency": "USD",
    "cik": "0000077360",
    "fillingDate": "2012-04-24",
    "acceptedDate": "2012-04-24 17:01:04",
    "calendarYear": "2012",
    "period": "Q1",
    "revenue": 858177000,
    "costOfRevenue": 577458000,
    "grossProfit": 280719000,
    "grossProfitRatio": 0.3271108408,
    "researchAndDevelopmentExpenses": 20757000,
    "generalAndAdministrativeExpenses": 0,
    "sellingAndMarketingExpenses": 0,
    "sellingGeneralAndAdministrativeExpenses": 175010000,
    "otherExpenses": 0,
    "operatingExpenses": 195767000,
    "costAndExpenses": 773225000,
    "interestIncome": 0,
    "interestExpense": 14768000,
    "depreciationAndAmortization": 25918000,
    "ebitda": 114000000,
    "ebitdaratio": 0.1328397289,
    "operatingIncome": 84952000,
    "operatingIncomeRatio": 0.0989912337,
    "totalOtherIncomeExpensesNet": -11952000,
    "incomeBeforeTax": 71233000,
    "incomeBeforeTaxRatio": 0.0830050211,
    "incomeTaxExpense": 9079000,
    "netIncome": 62000000,
    "netIncomeRatio": 0.0722461683,
    "eps": 0.63,
    "epsdiluted": 0.62,
    "weightedAverageShsOut": 98600000,
    "weightedAverageShsOutDil": 100400000,
    "link": "https://www.sec.gov/Archives/edgar/data/77360/000119312512179064/0001193125-12-179064-index.htm",
    "finalLink": "https://www.sec.gov/Archives/edgar/data/77360/000119312512179064/d336141d10q.htm"
  },
  {
    "date": "2011-12-31",
    "symbol": "PNR",
    "reportedCurrency": "USD",
    "cik": "0000077360",
    "fillingDate": "2012-02-21",
    "acceptedDate": "2012-02-21 16:50:02",
    "calendarYear": "2011",
    "period": "Q4",
    "revenue": 865692000,
    "costOfRevenue": 600827000,
    "grossProfit": 264865000,
    "grossProfitRatio": 0.3059575461,
    "researchAndDevelopmentExpenses": 20063000,
    "generalAndAdministrativeExpenses": 0,
    "sellingAndMarketingExpenses": 0,
    "sellingGeneralAndAdministrativeExpenses": 164267000,
    "otherExpenses": 0,
    "operatingExpenses": 184330000,
    "costAndExpenses": 785157000,
    "interestIncome": 0,
    "interestExpense": 53702000,
    "depreciationAndAmortization": 29246000,
    "ebitda": -87409000,
    "ebitdaratio": -0.100970091,
    "operatingIncome": -119985000,
    "operatingIncomeRatio": -0.1386001026,
    "totalOtherIncomeExpensesNet": -17107000,
    "incomeBeforeTax": -137092000,
    "incomeBeforeTaxRatio": -0.1583611723,
    "incomeTaxExpense": -3388000,
    "netIncome": -134123000,
    "netIncomeRatio": -0.1549315461,
    "eps": -1.36,
    "epsdiluted": -1.36,
    "weightedAverageShsOut": 98622564,
    "weightedAverageShsOutDil": 98622564,
    "link": "https://www.sec.gov/Archives/edgar/data/77360/000119312512070520/0001193125-12-070520-index.htm",
    "finalLink": "https://www.sec.gov/Archives/edgar/data/77360/000119312512070520/d270307d10k.htm"
  },
  {
    "date": "2011-10-01",
    "symbol": "PNR",
    "reportedCurrency": "USD",
    "cik": "0000077360",
    "fillingDate": "2011-10-26",
    "acceptedDate": "2011-10-26 10:58:15",
    "calendarYear": "2011",
    "period": "Q3",
    "revenue": 890546000,
    "costOfRevenue": 618484000,
    "grossProfit": 272062000,
    "grossProfitRatio": 0.3055002212,
    "researchAndDevelopmentExpenses": 20091000,
    "generalAndAdministrativeExpenses": 0,
    "sellingAndMarketingExpenses": 0,
    "sellingGeneralAndAdministrativeExpenses": 159068000,
    "otherExpenses": 0,
    "operatingExpenses": 179159000,
    "costAndExpenses": 797643000,
    "interestIncome": 0,
    "interestExpense": 17373000,
    "depreciationAndAmortization": 29021000,
    "ebitda": 92903000,
    "ebitdaratio": 0.1043213938,
    "operatingIncome": 92903000,
    "operatingIncomeRatio": 0.1043213938,
    "totalOtherIncomeExpensesNet": -16799000,
    "incomeBeforeTax": 76104000,
    "incomeBeforeTaxRatio": 0.0854576855,
    "incomeTaxExpense": 24050000,
    "netIncome": 51092000,
    "netIncomeRatio": 0.0573715451,
    "eps": 0.52,
    "epsdiluted": 0.52,
    "weightedAverageShsOut": 98566023,
    "weightedAverageShsOutDil": 98566023,
    "link": "https://www.sec.gov/Archives/edgar/data/77360/000119312511281470/0001193125-11-281470-index.htm",
    "finalLink": "https://www.sec.gov/Archives/edgar/data/77360/000119312511281470/d240133d10q.htm"
  },
  {
    "date": "2011-07-02",
    "symbol": "PNR",
    "reportedCurrency": "USD",
    "cik": "0000077360",
    "fillingDate": "2011-07-26",
    "acceptedDate": "2011-07-26 13:54:51",
    "calendarYear": "2011",
    "period": "Q2",
    "revenue": 910175000,
    "costOfRevenue": 622439000,
    "grossProfit": 287736000,
    "grossProfitRatio": 0.3161326119,
    "researchAndDevelopmentExpenses": 19882000,
    "generalAndAdministrativeExpenses": 0,
    "sellingAndMarketingExpenses": 0,
    "sellingGeneralAndAdministrativeExpenses": 158432000,
    "otherExpenses": 0,
    "operatingExpenses": 178314000,
    "costAndExpenses": 800753000,
    "interestIncome": 0,
    "interestExpense": 14613000,
    "depreciationAndAmortization": 28240000,
    "ebitda": 109422000,
    "ebitdaratio": 0.1202208367,
    "operatingIncome": 109422000,
    "operatingIncomeRatio": 0.1202208367,
    "totalOtherIncomeExpensesNet": -13941000,
    "incomeBeforeTax": 95481000,
    "incomeBeforeTaxRatio": 0.104904002,
    "incomeTaxExpense": 27344000,
    "netIncome": 66712000,
    "netIncomeRatio": 0.0732957948,
    "eps": 0.68,
    "epsdiluted": 0.68,
    "weightedAverageShsOut": 98766335,
    "weightedAverageShsOutDil": 98766335,
    "link": "https://www.sec.gov/Archives/edgar/data/77360/000119312511197239/0001193125-11-197239-index.htm",
    "finalLink": "https://www.sec.gov/Archives/edgar/data/77360/000119312511197239/d10q.htm"
  },
  {
    "date": "2011-04-02",
    "symbol": "PNR",
    "reportedCurrency": "USD",
    "cik": "0000077360",
    "fillingDate": "2011-04-26",
    "acceptedDate": "2011-04-26 16:52:06",
    "calendarYear": "2011",
    "period": "Q1",
    "revenue": 790273000,
    "costOfRevenue": 541214000,
    "grossProfit": 249059000,
    "grossProfitRatio": 0.3151556487,
    "researchAndDevelopmentExpenses": 18122000,
    "generalAndAdministrativeExpenses": 0,
    "sellingAndMarketingExpenses": 0,
    "sellingGeneralAndAdministrativeExpenses": 144760000,
    "otherExpenses": 0,
    "operatingExpenses": 162882000,
    "costAndExpenses": 704096000,
    "interestIncome": 0,
    "interestExpense": 9325000,
    "depreciationAndAmortization": 21625000,
    "ebitda": 108037000,
    "ebitdaratio": 0.1367084539,
    "operatingIncome": 86177000,
    "operatingIncomeRatio": 0.1090471268,
    "totalOtherIncomeExpensesNet": -9090000,
    "incomeBeforeTax": 77087000,
    "incomeBeforeTaxRatio": 0.0975447725,
    "incomeTaxExpense": 25053000,
    "netIncome": 50541000,
    "netIncomeRatio": 0.0639538489,
    "eps": 0.52,
    "epsdiluted": 0.51,
    "weightedAverageShsOut": 98098000,
    "weightedAverageShsOutDil": 99670000,
    "link": "https://www.sec.gov/Archives/edgar/data/77360/000095012311039330/0000950123-11-039330-index.htm",
    "finalLink": "https://www.sec.gov/Archives/edgar/data/77360/000095012311039330/c64325e10vq.htm"
  },
  {
    "date": "2010-12-31",
    "symbol": "PNR",
    "reportedCurrency": "USD",
    "cik": "0000077360",
    "fillingDate": "2011-02-23",
    "acceptedDate": "2011-02-22 21:47:20",
    "calendarYear": "2010",
    "period": "Q4",
    "revenue": 753858000,
    "costOfRevenue": 521630000,
    "grossProfit": 232228000,
    "grossProfitRatio": 0.3080527102,
    "researchAndDevelopmentExpenses": 16081000,
    "generalAndAdministrativeExpenses": 0,
    "sellingAndMarketingExpenses": 0,
    "sellingGeneralAndAdministrativeExpenses": 136542000,
    "otherExpenses": 0,
    "operatingExpenses": 152623000,
    "costAndExpenses": 674253000,
    "interestIncome": 0,
    "interestExpense": 0,
    "depreciationAndAmortization": 21296000,
    "ebitda": 104272000,
    "ebitdaratio": 0.1383178264,
    "operatingIncome": 79605000,
    "operatingIncomeRatio": 0.10559681,
    "totalOtherIncomeExpensesNet": -8765000,
    "incomeBeforeTax": 70840000,
    "incomeBeforeTaxRatio": 0.0939699519,
    "incomeTaxExpense": 21263000,
    "netIncome": 46376000,
    "netIncomeRatio": 0.061518217,
    "eps": 0.34,
    "epsdiluted": 0.34,
    "weightedAverageShsOut": 98409192,
    "weightedAverageShsOutDil": 98409192,
    "link": "https://www.sec.gov/Archives/edgar/data/77360/000095012311016702/0000950123-11-016702-index.htm",
    "finalLink": "https://www.sec.gov/Archives/edgar/data/77360/000095012311016702/c62274e10vk.htm"
  },
  {
    "date": "2010-10-02",
    "symbol": "PNR",
    "reportedCurrency": "USD",
    "cik": "0000077360",
    "fillingDate": "2010-10-26",
    "acceptedDate": "2010-10-26 13:08:01",
    "calendarYear": "2010",
    "period": "Q3",
    "revenue": 773735000,
    "costOfRevenue": 537193000,
    "grossProfit": 236542000,
    "grossProfitRatio": 0.3057144888,
    "researchAndDevelopmentExpenses": 16865000,
    "generalAndAdministrativeExpenses": 0,
    "sellingAndMarketingExpenses": 0,
    "sellingGeneralAndAdministrativeExpenses": 128854000,
    "otherExpenses": 0,
    "operatingExpenses": 145719000,
    "costAndExpenses": 682912000,
    "interestIncome": 0,
    "interestExpense": 8953000,
    "depreciationAndAmortization": 20650000,
    "ebitda": 90823000,
    "ebitdaratio": 0.1173825664,
    "operatingIncome": 90823000,
    "operatingIncomeRatio": 0.1173825664,
    "totalOtherIncomeExpensesNet": -8606000,
    "incomeBeforeTax": 82217000,
    "incomeBeforeTaxRatio": 0.1062598952,
    "incomeTaxExpense": 26488000,
    "netIncome": 55050000,
    "netIncomeRatio": 0.0711483906,
    "eps": 0.56,
    "epsdiluted": 0.56,
    "weightedAverageShsOut": 98690604,
    "weightedAverageShsOutDil": 98690604,
    "link": "https://www.sec.gov/Archives/edgar/data/77360/000095012310095998/0000950123-10-095998-index.htm",
    "finalLink": "https://www.sec.gov/Archives/edgar/data/77360/000095012310095998/c60939e10vq.htm"
  },
  {
    "date": "2010-07-03",
    "symbol": "PNR",
    "reportedCurrency": "USD",
    "cik": "0000077360",
    "fillingDate": "2010-07-29",
    "acceptedDate": "2010-07-29 12:31:27",
    "calendarYear": "2010",
    "period": "Q2",
    "revenue": 796167000,
    "costOfRevenue": 547999000,
    "grossProfit": 248168000,
    "grossProfitRatio": 0.3117034492,
    "researchAndDevelopmentExpenses": 16999000,
    "generalAndAdministrativeExpenses": 0,
    "sellingAndMarketingExpenses": 0,
    "sellingGeneralAndAdministrativeExpenses": 131043000,
    "otherExpenses": 0,
    "operatingExpenses": 148042000,
    "costAndExpenses": 696041000,
    "interestIncome": 0,
    "interestExpense": 8569000,
    "depreciationAndAmortization": 20923000,
    "ebitda": 100126000,
    "ebitdaratio": 0.1257600478,
    "operatingIncome": 100126000,
    "operatingIncomeRatio": 0.1257600478,
    "totalOtherIncomeExpensesNet": -7194000,
    "incomeBeforeTax": 92932000,
    "incomeBeforeTaxRatio": 0.1167242551,
    "incomeTaxExpense": 31320000,
    "netIncome": 61081000,
    "netIncomeRatio": 0.0767188291,
    "eps": 0.62,
    "epsdiluted": 0.61,
    "weightedAverageShsOut": 98208000,
    "weightedAverageShsOutDil": 99638000,
    "link": "https://www.sec.gov/Archives/edgar/data/77360/000095012310069614/0000950123-10-069614-index.htm",
    "finalLink": "https://www.sec.gov/Archives/edgar/data/77360/000095012310069614/c59353e10vq.htm"
  },
  {
    "date": "2010-04-03",
    "symbol": "PNR",
    "reportedCurrency": "USD",
    "cik": "0000077360",
    "fillingDate": "2010-04-27",
    "acceptedDate": "2010-04-27 13:29:47",
    "calendarYear": "2010",
    "period": "Q1",
    "revenue": 707013000,
    "costOfRevenue": 493311000,
    "grossProfit": 213702000,
    "grossProfitRatio": 0.3022603545,
    "researchAndDevelopmentExpenses": 17211000,
    "generalAndAdministrativeExpenses": 0,
    "sellingAndMarketingExpenses": 0,
    "sellingGeneralAndAdministrativeExpenses": 132890000,
    "otherExpenses": 0,
    "operatingExpenses": 150101000,
    "costAndExpenses": 643412000,
    "interestIncome": 0,
    "interestExpense": 9527000,
    "depreciationAndAmortization": 21310000,
    "ebitda": 63601000,
    "ebitdaratio": 0.0899573275,
    "operatingIncome": 63601000,
    "operatingIncomeRatio": 0.0899573275,
    "totalOtherIncomeExpensesNet": -9443000,
    "incomeBeforeTax": 54158000,
    "incomeBeforeTaxRatio": 0.0766011375,
    "incomeTaxExpense": 18129000,
    "netIncome": 35321000,
    "netIncomeRatio": 0.049958063,
    "eps": 0.36,
    "epsdiluted": 0.36,
    "weightedAverageShsOut": 98030000,
    "weightedAverageShsOutDil": 99568000,
    "link": "https://www.sec.gov/Archives/edgar/data/77360/000095012310038703/0000950123-10-038703-index.htm",
    "finalLink": "https://www.sec.gov/Archives/edgar/data/77360/000095012310038703/c57757e10vq.htm"
  },
  {
    "date": "2009-12-31",
    "symbol": "PNR",
    "reportedCurrency": "USD",
    "cik": "0000077360",
    "fillingDate": "2010-02-23",
    "acceptedDate": "2010-02-23 15:10:28",
    "calendarYear": "2009",
    "period": "Q4",
    "revenue": 702251000,
    "costOfRevenue": 489794000,
    "grossProfit": 212457000,
    "grossProfitRatio": 0.302537127,
    "researchAndDevelopmentExpenses": 14619000,
    "generalAndAdministrativeExpenses": 0,
    "sellingAndMarketingExpenses": 0,
    "sellingGeneralAndAdministrativeExpenses": 145346000,
    "otherExpenses": 0,
    "operatingExpenses": 159965000,
    "costAndExpenses": 649759000,
    "interestIncome": -60540000,
    "interestExpense": 11906000,
    "depreciationAndAmortization": 39240000,
    "ebitda": 86548000,
    "ebitdaratio": 0.1232436835,
    "operatingIncome": 52492000,
    "operatingIncomeRatio": 0.0747482026,
    "totalOtherIncomeExpensesNet": -10478000,
    "incomeBeforeTax": 42014000,
    "incomeBeforeTaxRatio": 0.0598276115,
    "incomeTaxExpense": 14620000,
    "netIncome": 29352000,
    "netIncomeRatio": 0.0417970213,
    "eps": 0.3,
    "epsdiluted": 0.29,
    "weightedAverageShsOut": 97175000,
    "weightedAverageShsOutDil": 99101000,
    "link": "https://www.sec.gov/Archives/edgar/data/77360/000095012310015693/0000950123-10-015693-index.htm",
    "finalLink": "https://www.sec.gov/Archives/edgar/data/77360/000095012310015693/c56440e10vk.htm"
  },
  {
    "date": "2009-09-26",
    "symbol": "PNR",
    "reportedCurrency": "USD",
    "cik": "0000077360",
    "fillingDate": "2009-10-20",
    "acceptedDate": "2009-10-20 13:48:37",
    "calendarYear": "2009",
    "period": "Q3",
    "revenue": 662665000,
    "costOfRevenue": 455698000,
    "grossProfit": 206967000,
    "grossProfitRatio": 0.3123252322,
    "researchAndDevelopmentExpenses": 14707000,
    "generalAndAdministrativeExpenses": 0,
    "sellingAndMarketingExpenses": 0,
    "sellingGeneralAndAdministrativeExpenses": 125578000,
    "otherExpenses": 0,
    "operatingExpenses": 140285000,
    "costAndExpenses": 595983000,
    "interestIncome": 0,
    "interestExpense": 9711000,
    "depreciationAndAmortization": 22005000,
    "ebitda": 66682000,
    "ebitdaratio": 0.1006270136,
    "operatingIncome": 66682000,
    "operatingIncomeRatio": 0.1006270136,
    "totalOtherIncomeExpensesNet": -9846000,
    "incomeBeforeTax": 56836000,
    "incomeBeforeTaxRatio": 0.0857688274,
    "incomeTaxExpense": 18159000,
    "netIncome": 36948000,
    "netIncomeRatio": 0.0557566795,
    "eps": 0.38,
    "epsdiluted": 0.38,
    "weightedAverageShsOut": 97496000,
    "weightedAverageShsOutDil": 98641000,
    "link": "https://www.sec.gov/Archives/edgar/data/77360/000095012309051525/0000950123-09-051525-index.htm",
    "finalLink": "https://www.sec.gov/Archives/edgar/data/77360/000095012309051525/c54142e10vq.htm"
  },
  {
    "date": "2009-06-27",
    "symbol": "PNR",
    "reportedCurrency": "USD",
    "cik": "0000077360",
    "fillingDate": "2009-07-21",
    "acceptedDate": "2009-07-21 16:33:58",
    "calendarYear": "2009",
    "period": "Q2",
    "revenue": 693712000,
    "costOfRevenue": 497233000,
    "grossProfit": 196479000,
    "grossProfitRatio": 0.2832284867,
    "researchAndDevelopmentExpenses": 13815000,
    "generalAndAdministrativeExpenses": 0,
    "sellingAndMarketingExpenses": 0,
    "sellingGeneralAndAdministrativeExpenses": 119104000,
    "otherExpenses": 0,
    "operatingExpenses": 132919000,
    "costAndExpenses": 630152000,
    "interestIncome": 0,
    "interestExpense": 9833000,
    "depreciationAndAmortization": 21832000,
    "ebitda": 63560000,
    "ebitdaratio": 0.0916230366,
    "operatingIncome": 63560000,
    "operatingIncomeRatio": 0.0916230366,
    "totalOtherIncomeExpensesNet": -14916000,
    "incomeBeforeTax": 48644000,
    "incomeBeforeTaxRatio": 0.0701213184,
    "incomeTaxExpense": 16217000,
    "netIncome": 31928000,
    "netIncomeRatio": 0.0460248633,
    "eps": 0.33,
    "epsdiluted": 0.33,
    "weightedAverageShsOut": 97507000,
    "weightedAverageShsOutDil": 98422000,
    "link": "https://www.sec.gov/Archives/edgar/data/77360/000095012309023916/0000950123-09-023916-index.htm",
    "finalLink": "https://www.sec.gov/Archives/edgar/data/77360/000095012309023916/c52458e10vq.htm"
  },
  {
    "date": "2009-03-28",
    "symbol": "PNR",
    "reportedCurrency": "USD",
    "cik": "0000077360",
    "fillingDate": "2009-04-21",
    "acceptedDate": "2009-04-21 16:17:28",
    "calendarYear": "2009",
    "period": "Q1",
    "revenue": 633840000,
    "costOfRevenue": 464608000,
    "grossProfit": 169232000,
    "grossProfitRatio": 0.2669948252,
    "researchAndDevelopmentExpenses": 14743000,
    "generalAndAdministrativeExpenses": 0,
    "sellingAndMarketingExpenses": 0,
    "sellingGeneralAndAdministrativeExpenses": 117275000,
    "otherExpenses": 0,
    "operatingExpenses": 132018000,
    "costAndExpenses": 596626000,
    "interestIncome": 0,
    "interestExpense": 11784000,
    "depreciationAndAmortization": 22403000,
    "ebitda": 37214000,
    "ebitdaratio": 0.0587119778,
    "operatingIncome": 37214000,
    "operatingIncomeRatio": 0.0587119778,
    "totalOtherIncomeExpensesNet": -12061000,
    "incomeBeforeTax": 25153000,
    "incomeBeforeTaxRatio": 0.0396835163,
    "incomeTaxExpense": 7432000,
    "netIncome": 17265000,
    "netIncomeRatio": 0.0272387353,
    "eps": 0.18,
    "epsdiluted": 0.18,
    "weightedAverageShsOut": 97375000,
    "weightedAverageShsOutDil": 97966000,
    "link": "https://www.sec.gov/Archives/edgar/data/77360/000095013709003127/0000950137-09-003127-index.htm",
    "finalLink": "https://www.sec.gov/Archives/edgar/data/77360/000095013709003127/c50686e10vq.htm"
  },
  {
    "date": "2008-12-31",
    "symbol": "PNR",
    "reportedCurrency": "USD",
    "cik": "0000077360",
    "fillingDate": "2009-02-24",
    "acceptedDate": "2009-02-24 17:18:27",
    "calendarYear": "2008",
    "period": "Q4",
    "revenue": 737648000,
    "costOfRevenue": 507804000,
    "grossProfit": 229844000,
    "grossProfitRatio": 0.311590352,
    "researchAndDevelopmentExpenses": 13579000,
    "generalAndAdministrativeExpenses": 0,
    "sellingAndMarketingExpenses": 0,
    "sellingGeneralAndAdministrativeExpenses": 167051000,
    "otherExpenses": 0,
    "operatingExpenses": 180630000,
    "costAndExpenses": 688434000,
    "interestIncome": 0,
    "interestExpense": 0,
    "depreciationAndAmortization": 21302000,
    "ebitda": 70516000,
    "ebitdaratio": 0.0955957313,
    "operatingIncome": 49214000,
    "operatingIncomeRatio": 0.0667174587,
    "totalOtherIncomeExpensesNet": -14464000,
    "incomeBeforeTax": 34750000,
    "incomeBeforeTaxRatio": 0.0471091903,
    "incomeTaxExpense": 10822000,
    "netIncome": 4589000,
    "netIncomeRatio": 0.0062211244,
    "eps": 0.05,
    "epsdiluted": 0.05,
    "weightedAverageShsOut": 97401000,
    "weightedAverageShsOutDil": 98156000,
    "link": "https://www.sec.gov/Archives/edgar/data/77360/000095013709001270/0000950137-09-001270-index.htm",
    "finalLink": "https://www.sec.gov/Archives/edgar/data/77360/000095013709001270/c49230e10vk.htm"
  },
  {
    "date": "2008-09-27",
    "symbol": "PNR",
    "reportedCurrency": "USD",
    "cik": "0000077360",
    "fillingDate": "2008-10-21",
    "acceptedDate": "2008-10-21 16:46:02",
    "calendarYear": "2008",
    "period": "Q3",
    "revenue": 864167000,
    "costOfRevenue": 608854000,
    "grossProfit": 255313000,
    "grossProfitRatio": 0.2954440519,
    "researchAndDevelopmentExpenses": 16691000,
    "generalAndAdministrativeExpenses": 0,
    "sellingAndMarketingExpenses": 0,
    "sellingGeneralAndAdministrativeExpenses": 154972000,
    "otherExpenses": 0,
    "operatingExpenses": 171663000,
    "costAndExpenses": 780517000,
    "interestIncome": 0,
    "interestExpense": 13735000,
    "depreciationAndAmortization": 22083000,
    "ebitda": 107327000,
    "ebitdaratio": 0.1241970591,
    "operatingIncome": 83650000,
    "operatingIncomeRatio": 0.0967984197,
    "totalOtherIncomeExpensesNet": -17056000,
    "incomeBeforeTax": 64635000,
    "incomeBeforeTaxRatio": 0.074794571,
    "incomeTaxExpense": 21146000,
    "netIncome": 41120000,
    "netIncomeRatio": 0.0475833953,
    "eps": 0.42,
    "epsdiluted": 0.41,
    "weightedAverageShsOut": 97827000,
    "weightedAverageShsOutDil": 99319000,
    "link": "https://www.sec.gov/Archives/edgar/data/77360/000095013708012875/0000950137-08-012875-index.htm",
    "finalLink": "https://www.sec.gov/Archives/edgar/data/77360/000095013708012875/c47004e10vq.htm"
  },
  {
    "date": "2008-06-28",
    "symbol": "PNR",
    "reportedCurrency": "USD",
    "cik": "0000077360",
    "fillingDate": "2008-07-22",
    "acceptedDate": "2008-07-22 17:14:38",
    "calendarYear": "2008",
    "period": "Q2",
    "revenue": 909757000,
    "costOfRevenue": 631695000,
    "grossProfit": 278062000,
    "grossProfitRatio": 0.3056442545,
    "researchAndDevelopmentExpenses": 16314000,
    "generalAndAdministrativeExpenses": 0,
    "sellingAndMarketingExpenses": 0,
    "sellingGeneralAndAdministrativeExpenses": 146311000,
    "otherExpenses": 0,
    "operatingExpenses": 183060000,
    "costAndExpenses": 814755000,
    "interestIncome": 0,
    "interestExpense": 15862000,
    "depreciationAndAmortization": 22280000,
    "ebitda": 118637000,
    "ebitdaratio": 0.1304051521,
    "operatingIncome": 95002000,
    "operatingIncomeRatio": 0.1044256873,
    "totalOtherIncomeExpensesNet": 92939000,
    "incomeBeforeTax": 187941000,
    "incomeBeforeTaxRatio": 0.2065837361,
    "incomeTaxExpense": 49206000,
    "netIncome": 138735000,
    "netIncomeRatio": 0.1524967656,
    "eps": 1.42,
    "epsdiluted": 1.4,
    "weightedAverageShsOut": 98062000,
    "weightedAverageShsOutDil": 99509000,
    "link": "https://www.sec.gov/Archives/edgar/data/77360/000095013708009544/0000950137-08-009544-index.htm",
    "finalLink": "https://www.sec.gov/Archives/edgar/data/77360/000095013708009544/c33163e10vq.htm"
  },
  {
    "date": "2008-03-29",
    "symbol": "PNR",
    "reportedCurrency": "USD",
    "cik": "0000077360",
    "fillingDate": "2008-04-22",
    "acceptedDate": "2008-04-22 16:47:17",
    "calendarYear": "2008",
    "period": "Q1",
    "revenue": 840404000,
    "costOfRevenue": 589073000,
    "grossProfit": 251331000,
    "grossProfitRatio": 0.2990597379,
    "researchAndDevelopmentExpenses": 15866000,
    "generalAndAdministrativeExpenses": 0,
    "sellingAndMarketingExpenses": 0,
    "sellingGeneralAndAdministrativeExpenses": 138646000,
    "otherExpenses": 0,
    "operatingExpenses": 154512000,
    "costAndExpenses": 743585000,
    "interestIncome": -1000,
    "interestExpense": 16088000,
    "depreciationAndAmortization": 21616000,
    "ebitda": 118435000,
    "ebitdaratio": 0.1409262688,
    "operatingIncome": 96819000,
    "operatingIncomeRatio": 0.115205306,
    "totalOtherIncomeExpensesNet": -16498000,
    "incomeBeforeTax": 79814000,
    "incomeBeforeTaxRatio": 0.0949709901,
    "incomeTaxExpense": 27170000,
    "netIncome": 44290000,
    "netIncomeRatio": 0.0527008439,
    "eps": 0.45,
    "epsdiluted": 0.45,
    "weightedAverageShsOut": 98280000,
    "weightedAverageShsOutDil": 99558000,
    "link": "https://www.sec.gov/Archives/edgar/data/77360/000095013708005743/0000950137-08-005743-index.htm",
    "finalLink": "https://www.sec.gov/Archives/edgar/data/77360/000095013708005743/c25937qe10vq.htm"
  },
  {
    "date": "2007-12-31",
    "symbol": "PNR",
    "reportedCurrency": "USD",
    "cik": "0000077360",
    "fillingDate": "2008-02-26",
    "acceptedDate": "2008-02-26 17:30:37",
    "calendarYear": "2007",
    "period": "Q4",
    "revenue": 830224000,
    "costOfRevenue": 572589000,
    "grossProfit": 257635000,
    "grossProfitRatio": 0.3103198655,
    "researchAndDevelopmentExpenses": 14606000,
    "generalAndAdministrativeExpenses": 0,
    "sellingAndMarketingExpenses": 0,
    "sellingGeneralAndAdministrativeExpenses": 151028000,
    "otherExpenses": 0,
    "operatingExpenses": 165634000,
    "costAndExpenses": 738223000,
    "interestIncome": 0,
    "interestExpense": 0,
    "depreciationAndAmortization": 20098000,
    "ebitda": 112099000,
    "ebitdaratio": 0.1350225963,
    "operatingIncome": 92001000,
    "operatingIncomeRatio": 0.1108146717,
    "totalOtherIncomeExpensesNet": -21491000,
    "incomeBeforeTax": 70510000,
    "incomeBeforeTaxRatio": 0.0849288867,
    "incomeTaxExpense": 22196000,
    "netIncome": 48545000,
    "netIncomeRatio": 0.0584721714,
    "eps": 0.5,
    "epsdiluted": 0.49,
    "weightedAverageShsOut": 98471000,
    "weightedAverageShsOutDil": 99803000,
    "link": "https://www.sec.gov/Archives/edgar/data/77360/000095013708002776/0000950137-08-002776-index.htm",
    "finalLink": "https://www.sec.gov/Archives/edgar/data/77360/000095013708002776/c23819e10vk.htm"
  },
  {
    "date": "2007-09-29",
    "symbol": "PNR",
    "reportedCurrency": "USD",
    "cik": "0000077360",
    "fillingDate": "2007-10-23",
    "acceptedDate": "2007-10-23 12:42:40",
    "calendarYear": "2007",
    "period": "Q3",
    "revenue": 837834000,
    "costOfRevenue": 591667000,
    "grossProfit": 246167000,
    "grossProfitRatio": 0.2938135717,
    "researchAndDevelopmentExpenses": 14446000,
    "generalAndAdministrativeExpenses": 0,
    "sellingAndMarketingExpenses": 0,
    "sellingGeneralAndAdministrativeExpenses": 140745000,
    "otherExpenses": 0,
    "operatingExpenses": 155191000,
    "costAndExpenses": 746858000,
    "interestIncome": 0,
    "interestExpense": 18836000,
    "depreciationAndAmortization": 21294000,
    "ebitda": 90976000,
    "ebitdaratio": 0.1085847555,
    "operatingIncome": 90976000,
    "operatingIncomeRatio": 0.1085847555,
    "totalOtherIncomeExpensesNet": -18836000,
    "incomeBeforeTax": 72140000,
    "incomeBeforeTaxRatio": 0.0861029751,
    "incomeTaxExpense": 14096000,
    "netIncome": 58044000,
    "netIncomeRatio": 0.0692786399,
    "eps": 0.59,
    "epsdiluted": 0.58,
    "weightedAverageShsOut": 98747000,
    "weightedAverageShsOutDil": 100365000,
    "link": "https://www.sec.gov/Archives/edgar/data/77360/000095013707015846/0000950137-07-015846-index.htm",
    "finalLink": "https://www.sec.gov/Archives/edgar/data/77360/000095013707015846/c19535e10vq.htm"
  },
  {
    "date": "2007-06-30",
    "symbol": "PNR",
    "reportedCurrency": "USD",
    "cik": "0000077360",
    "fillingDate": "2007-08-01",
    "acceptedDate": "2007-08-01 13:45:12",
    "calendarYear": "2007",
    "period": "Q2",
    "revenue": 922645000,
    "costOfRevenue": 639200000,
    "grossProfit": 283445000,
    "grossProfitRatio": 0.307209165,
    "researchAndDevelopmentExpenses": 14808000,
    "generalAndAdministrativeExpenses": 0,
    "sellingAndMarketingExpenses": 0,
    "sellingGeneralAndAdministrativeExpenses": 153792000,
    "otherExpenses": 0,
    "operatingExpenses": 168600000,
    "costAndExpenses": 807800000,
    "interestIncome": 0,
    "interestExpense": 18885000,
    "depreciationAndAmortization": 22734000,
    "ebitda": 114845000,
    "ebitdaratio": 0.12447366,
    "operatingIncome": 114845000,
    "operatingIncomeRatio": 0.12447366,
    "totalOtherIncomeExpensesNet": -18885000,
    "incomeBeforeTax": 95960000,
    "incomeBeforeTaxRatio": 0.1040053325,
    "incomeTaxExpense": 33959000,
    "netIncome": 62065000,
    "netIncomeRatio": 0.0672685594,
    "eps": 0.63,
    "epsdiluted": 0.62,
    "weightedAverageShsOut": 98874000,
    "weightedAverageShsOutDil": 100371000,
    "link": "https://www.sec.gov/Archives/edgar/data/77360/000095013707010997/0000950137-07-010997-index.htm",
    "finalLink": "https://www.sec.gov/Archives/edgar/data/77360/000095013707010997/c17276e10vq.htm"
  },
  {
    "date": "2007-03-31",
    "symbol": "PNR",
    "reportedCurrency": "USD",
    "cik": "0000077360",
    "fillingDate": "2007-05-04",
    "acceptedDate": "2007-05-04 17:05:36",
    "calendarYear": "2007",
    "period": "Q1",
    "revenue": 807995000,
    "costOfRevenue": 570592000,
    "grossProfit": 237403000,
    "grossProfitRatio": 0.2938174122,
    "researchAndDevelopmentExpenses": 14950000,
    "generalAndAdministrativeExpenses": 0,
    "sellingAndMarketingExpenses": 0,
    "sellingGeneralAndAdministrativeExpenses": 142300000,
    "otherExpenses": 0,
    "operatingExpenses": 157250000,
    "costAndExpenses": 727842000,
    "interestIncome": 0,
    "interestExpense": 15120000,
    "depreciationAndAmortization": 20423000,
    "ebitda": 100576000,
    "ebitdaratio": 0.1244760178,
    "operatingIncome": 80153000,
    "operatingIncomeRatio": 0.0991998713,
    "totalOtherIncomeExpensesNet": -15120000,
    "incomeBeforeTax": 65033000,
    "incomeBeforeTaxRatio": 0.0804868842,
    "incomeTaxExpense": 22903000,
    "netIncome": 42273000,
    "netIncomeRatio": 0.0523183931,
    "eps": 0.43,
    "epsdiluted": 0.42,
    "weightedAverageShsOut": 98966000,
    "weightedAverageShsOutDil": 100271000,
    "link": "https://www.sec.gov/Archives/edgar/data/77360/000095013707006827/0000950137-07-006827-index.htm",
    "finalLink": "https://www.sec.gov/Archives/edgar/data/77360/000095013707006827/c14904e10vq.htm"
  },
  {
    "date": "2006-12-31",
    "symbol": "PNR",
    "reportedCurrency": "USD",
    "cik": "0000077360",
    "fillingDate": "2007-02-26",
    "acceptedDate": "2007-02-26 16:26:05",
    "calendarYear": "2006",
    "period": "Q4",
    "revenue": 743038000,
    "costOfRevenue": 534472000,
    "grossProfit": 208566000,
    "grossProfitRatio": 0.280693585,
    "researchAndDevelopmentExpenses": 14038000,
    "generalAndAdministrativeExpenses": 0,
    "sellingAndMarketingExpenses": 0,
    "sellingGeneralAndAdministrativeExpenses": 134366000,
    "otherExpenses": 0,
    "operatingExpenses": 148404000,
    "costAndExpenses": 682876000,
    "interestIncome": 0,
    "interestExpense": 0,
    "depreciationAndAmortization": 16379000,
    "ebitda": 76541000,
    "ebitdaratio": 0.1030108824,
    "operatingIncome": 60162000,
    "operatingIncomeRatio": 0.0809675952,
    "totalOtherIncomeExpensesNet": -12823000,
    "incomeBeforeTax": 47339000,
    "incomeBeforeTaxRatio": 0.063710066,
    "incomeTaxExpense": 8717000,
    "netIncome": 38637000,
    "netIncomeRatio": 0.0519986865,
    "eps": 0.39,
    "epsdiluted": 0.39,
    "weightedAverageShsOut": 98737000,
    "weightedAverageShsOutDil": 99490000,
    "link": "https://www.sec.gov/Archives/edgar/data/77360/000095013707002780/0000950137-07-002780-index.htm",
    "finalLink": "https://www.sec.gov/Archives/edgar/data/77360/000095013707002780/c12469e10vk.htm"
  },
  {
    "date": "2006-09-30",
    "symbol": "PNR",
    "reportedCurrency": "USD",
    "cik": "0000077360",
    "fillingDate": "2006-11-03",
    "acceptedDate": "2006-11-03 17:25:44",
    "calendarYear": "2006",
    "period": "Q3",
    "revenue": 778020000,
    "costOfRevenue": 565533000,
    "grossProfit": 212487000,
    "grossProfitRatio": 0.2731125164,
    "researchAndDevelopmentExpenses": 14271000,
    "generalAndAdministrativeExpenses": 0,
    "sellingAndMarketingExpenses": 0,
    "sellingGeneralAndAdministrativeExpenses": 137923000,
    "otherExpenses": 0,
    "operatingExpenses": 152194000,
    "costAndExpenses": 717727000,
    "interestIncome": 0,
    "interestExpense": 13024000,
    "depreciationAndAmortization": 18855000,
    "ebitda": 60293000,
    "ebitdaratio": 0.0774954371,
    "operatingIncome": 60293000,
    "operatingIncomeRatio": 0.0774954371,
    "totalOtherIncomeExpensesNet": -12857000,
    "incomeBeforeTax": 47436000,
    "incomeBeforeTaxRatio": 0.060970155,
    "incomeTaxExpense": 13995000,
    "netIncome": 34841000,
    "netIncomeRatio": 0.0447816252,
    "eps": 0.35,
    "epsdiluted": 0.34,
    "weightedAverageShsOut": 99419000,
    "weightedAverageShsOutDil": 101062000,
    "link": "https://www.sec.gov/Archives/edgar/data/77360/000095013406020446/0000950134-06-020446-index.htm",
    "finalLink": "https://www.sec.gov/Archives/edgar/data/77360/000095013406020446/c09690e10vq.htm"
  },
  {
    "date": "2006-07-01",
    "symbol": "PNR",
    "reportedCurrency": "USD",
    "cik": "0000077360",
    "fillingDate": "2006-08-04",
    "acceptedDate": "2006-08-04 15:52:24",
    "calendarYear": "2006",
    "period": "Q2",
    "revenue": 862022000,
    "costOfRevenue": 599333000,
    "grossProfit": 262689000,
    "grossProfitRatio": 0.304735842,
    "researchAndDevelopmentExpenses": 14883000,
    "generalAndAdministrativeExpenses": 0,
    "sellingAndMarketingExpenses": 0,
    "sellingGeneralAndAdministrativeExpenses": 139831000,
    "otherExpenses": 0,
    "operatingExpenses": 154714000,
    "costAndExpenses": 754047000,
    "interestIncome": 0,
    "interestExpense": 0,
    "depreciationAndAmortization": 20374000,
    "ebitda": 107975000,
    "ebitdaratio": 0.125257824,
    "operatingIncome": 107975000,
    "operatingIncomeRatio": 0.125257824,
    "totalOtherIncomeExpensesNet": -12553000,
    "incomeBeforeTax": 95422000,
    "incomeBeforeTaxRatio": 0.1106955507,
    "incomeTaxExpense": 26789000,
    "netIncome": 68633000,
    "netIncomeRatio": 0.0796186176,
    "eps": 0.68,
    "epsdiluted": 0.67,
    "weightedAverageShsOut": 100509000,
    "weightedAverageShsOutDil": 102429000,
    "link": "https://www.sec.gov/Archives/edgar/data/77360/000095013406014855/0000950134-06-014855-index.htm",
    "finalLink": "https://www.sec.gov/Archives/edgar/data/77360/000095013406014855/c07247e10vq.htm"
  },
  {
    "date": "2006-04-01",
    "symbol": "PNR",
    "reportedCurrency": "USD",
    "cik": "0000077360",
    "fillingDate": "2006-05-05",
    "acceptedDate": "2006-05-05 15:55:32",
    "calendarYear": "2006",
    "period": "Q1",
    "revenue": 771389000,
    "costOfRevenue": 548881000,
    "grossProfit": 222508000,
    "grossProfitRatio": 0.2884510928,
    "researchAndDevelopmentExpenses": 14863000,
    "generalAndAdministrativeExpenses": 0,
    "sellingAndMarketingExpenses": 0,
    "sellingGeneralAndAdministrativeExpenses": 129089000,
    "otherExpenses": 0,
    "operatingExpenses": 143952000,
    "costAndExpenses": 692833000,
    "interestIncome": 0,
    "interestExpense": 13284000,
    "depreciationAndAmortization": 19488000,
    "ebitda": 78556000,
    "ebitdaratio": 0.1018370757,
    "operatingIncome": 78556000,
    "operatingIncomeRatio": 0.1018370757,
    "totalOtherIncomeExpensesNet": -13284000,
    "incomeBeforeTax": 65272000,
    "incomeBeforeTaxRatio": 0.0846161923,
    "incomeTaxExpense": 22201000,
    "netIncome": 41620000,
    "netIncomeRatio": 0.0539546195,
    "eps": 0.42,
    "epsdiluted": 0.41,
    "weightedAverageShsOut": 100493000,
    "weightedAverageShsOutDil": 102492000,
    "link": "https://www.sec.gov/Archives/edgar/data/77360/000095013406008888/0000950134-06-008888-index.htm",
    "finalLink": "https://www.sec.gov/Archives/edgar/data/77360/000095013406008888/c04536e10vq.htm"
  },
  {
    "date": "2005-12-31",
    "symbol": "PNR",
    "reportedCurrency": "USD",
    "cik": "0000077360",
    "fillingDate": "2006-03-01",
    "acceptedDate": "2006-02-28 18:07:13",
    "calendarYear": "2005",
    "period": "Q4",
    "revenue": 732113000,
    "costOfRevenue": 524304000,
    "grossProfit": 207809000,
    "grossProfitRatio": 0.2838482584,
    "researchAndDevelopmentExpenses": 12935000,
    "generalAndAdministrativeExpenses": 0,
    "sellingAndMarketingExpenses": 0,
    "sellingGeneralAndAdministrativeExpenses": 140428000,
    "otherExpenses": 0,
    "operatingExpenses": 153363000,
    "costAndExpenses": 677667000,
    "interestIncome": 576000,
    "interestExpense": 11839000,
    "depreciationAndAmortization": 11598000,
    "ebitda": 66044000,
    "ebitdaratio": 0.0902101178,
    "operatingIncome": 54446000,
    "operatingIncomeRatio": 0.0743683011,
    "totalOtherIncomeExpensesNet": -11027000,
    "incomeBeforeTax": 43419000,
    "incomeBeforeTaxRatio": 0.0593064185,
    "incomeTaxExpense": 13572000,
    "netIncome": 29847000,
    "netIncomeRatio": 0.0407682967,
    "eps": 0.39,
    "epsdiluted": 0.38,
    "weightedAverageShsOut": 100605000,
    "weightedAverageShsOutDil": 102111000,
    "link": "https://www.sec.gov/Archives/edgar/data/77360/000095013406003965/0000950134-06-003965-index.htm",
    "finalLink": "https://www.sec.gov/Archives/edgar/data/77360/000095013406003965/c02404e10vk.htm"
  },
  {
    "date": "2005-10-01",
    "symbol": "PNR",
    "reportedCurrency": "USD",
    "cik": "0000077360",
    "fillingDate": "2005-11-09",
    "acceptedDate": "2005-11-09 11:52:17",
    "calendarYear": "2005",
    "period": "Q3",
    "revenue": 716308000,
    "costOfRevenue": 515467000,
    "grossProfit": 200841000,
    "grossProfitRatio": 0.280383578,
    "researchAndDevelopmentExpenses": 11148000,
    "generalAndAdministrativeExpenses": 0,
    "sellingAndMarketingExpenses": 0,
    "sellingGeneralAndAdministrativeExpenses": 108917000,
    "otherExpenses": 0,
    "operatingExpenses": 120065000,
    "costAndExpenses": 635532000,
    "interestIncome": 0,
    "interestExpense": 10752000,
    "depreciationAndAmortization": 19925000,
    "ebitda": 100701000,
    "ebitdaratio": 0.1405833803,
    "operatingIncome": 80776000,
    "operatingIncomeRatio": 0.1127671337,
    "totalOtherIncomeExpensesNet": -10752000,
    "incomeBeforeTax": 70024000,
    "incomeBeforeTaxRatio": 0.0977568309,
    "incomeTaxExpense": 22649000,
    "netIncome": 44533000,
    "netIncomeRatio": 0.0621701838,
    "eps": 0.44,
    "epsdiluted": 0.43,
    "weightedAverageShsOut": 100922000,
    "weightedAverageShsOutDil": 102866000,
    "link": "https://www.sec.gov/Archives/edgar/data/77360/000119312505221053/0001193125-05-221053-index.htm",
    "finalLink": "https://www.sec.gov/Archives/edgar/data/77360/000119312505221053/d10q.htm"
  },
  {
    "date": "2005-07-02",
    "symbol": "PNR",
    "reportedCurrency": "USD",
    "cik": "0000077360",
    "fillingDate": "2005-08-11",
    "acceptedDate": "2005-08-11 16:48:37",
    "calendarYear": "2005",
    "period": "Q2",
    "revenue": 788523000,
    "costOfRevenue": 553290000,
    "grossProfit": 235233000,
    "grossProfitRatio": 0.2983210382,
    "researchAndDevelopmentExpenses": 10532000,
    "generalAndAdministrativeExpenses": 0,
    "sellingAndMarketingExpenses": 0,
    "sellingGeneralAndAdministrativeExpenses": 113224000,
    "otherExpenses": 0,
    "operatingExpenses": 123756000,
    "costAndExpenses": 677046000,
    "interestIncome": 0,
    "interestExpense": 11698000,
    "depreciationAndAmortization": 20706000,
    "ebitda": 125814000,
    "ebitdaratio": 0.159556538,
    "operatingIncome": 111477000,
    "operatingIncomeRatio": 0.1413744431,
    "totalOtherIncomeExpensesNet": -2256000,
    "incomeBeforeTax": 104978000,
    "incomeBeforeTaxRatio": 0.1331324514,
    "incomeTaxExpense": 40456000,
    "netIncome": 61379000,
    "netIncomeRatio": 0.0778404688,
    "eps": 0.61,
    "epsdiluted": 0.6,
    "weightedAverageShsOut": 100769000,
    "weightedAverageShsOutDil": 102827000,
    "link": "https://www.sec.gov/Archives/edgar/data/77360/000119312505165269/0001193125-05-165269-index.htm",
    "finalLink": "https://www.sec.gov/Archives/edgar/data/77360/000119312505165269/d10q.htm"
  },
  {
    "date": "2005-04-02",
    "symbol": "PNR",
    "reportedCurrency": "USD",
    "cik": "0000077360",
    "fillingDate": "2005-05-10",
    "acceptedDate": "2005-05-10 16:15:54",
    "calendarYear": "2005",
    "period": "Q1",
    "revenue": 709635000,
    "costOfRevenue": 505497000,
    "grossProfit": 204138000,
    "grossProfitRatio": 0.2876661946,
    "researchAndDevelopmentExpenses": 11427000,
    "generalAndAdministrativeExpenses": 0,
    "sellingAndMarketingExpenses": 0,
    "sellingGeneralAndAdministrativeExpenses": 116338000,
    "otherExpenses": 0,
    "operatingExpenses": 127765000,
    "costAndExpenses": 633262000,
    "interestIncome": 0,
    "interestExpense": 11276000,
    "depreciationAndAmortization": 20331000,
    "ebitda": 96704000,
    "ebitdaratio": 0.1362728727,
    "operatingIncome": 76373000,
    "operatingIncomeRatio": 0.1076229329,
    "totalOtherIncomeExpensesNet": -11276000,
    "incomeBeforeTax": 65097000,
    "incomeBeforeTaxRatio": 0.091733074,
    "incomeTaxExpense": 21792000,
    "netIncome": 40181000,
    "netIncomeRatio": 0.0566220663,
    "eps": 0.4,
    "epsdiluted": 0.39,
    "weightedAverageShsOut": 100363000,
    "weightedAverageShsOutDil": 102463000,
    "link": "https://www.sec.gov/Archives/edgar/data/77360/000119312505102773/0001193125-05-102773-index.htm",
    "finalLink": "https://www.sec.gov/Archives/edgar/data/77360/000119312505102773/d10q.htm"
  },
  {
    "date": "2004-12-31",
    "symbol": "PNR",
    "reportedCurrency": "USD",
    "cik": "0000077360",
    "fillingDate": "2005-03-11",
    "acceptedDate": "2005-03-11 15:46:24",
    "calendarYear": "2004",
    "period": "Q4",
    "revenue": 651476000,
    "costOfRevenue": 468274000,
    "grossProfit": 183202000,
    "grossProfitRatio": 0.2812106662,
    "researchAndDevelopmentExpenses": 9932000,
    "generalAndAdministrativeExpenses": 0,
    "sellingAndMarketingExpenses": 0,
    "sellingGeneralAndAdministrativeExpenses": 111220000,
    "otherExpenses": 0,
    "operatingExpenses": 121152000,
    "costAndExpenses": 589426000,
    "interestIncome": 721000,
    "interestExpense": 4352000,
    "depreciationAndAmortization": 15653000,
    "ebitda": 77703000,
    "ebitdaratio": 0.1192722372,
    "operatingIncome": 62050000,
    "operatingIncomeRatio": 0.0952452585,
    "totalOtherIncomeExpensesNet": -10894000,
    "incomeBeforeTax": 51156000,
    "incomeBeforeTaxRatio": 0.0785232303,
    "incomeTaxExpense": 17460000,
    "netIncome": 27652000,
    "netIncomeRatio": 0.0424451553,
    "eps": 0.27,
    "epsdiluted": 0.26,
    "weightedAverageShsOut": 100015000,
    "weightedAverageShsOutDil": 102540000,
    "link": "https://www.sec.gov/Archives/edgar/data/77360/000119312505047835/0001193125-05-047835-index.htm",
    "finalLink": "https://www.sec.gov/Archives/edgar/data/77360/000119312505047835/d10k.htm"
  },
  {
    "date": "2004-10-02",
    "symbol": "PNR",
    "reportedCurrency": "USD",
    "cik": "0000077360",
    "fillingDate": "2004-11-12",
    "acceptedDate": "2004-11-12 16:09:42",
    "calendarYear": "2004",
    "period": "Q3",
    "revenue": 607767000,
    "costOfRevenue": 437983000,
    "grossProfit": 169784000,
    "grossProfitRatio": 0.2793570562,
    "researchAndDevelopmentExpenses": 8803000,
    "generalAndAdministrativeExpenses": 0,
    "sellingAndMarketingExpenses": 0,
    "sellingGeneralAndAdministrativeExpenses": 96882000,
    "otherExpenses": 0,
    "operatingExpenses": 105685000,
    "costAndExpenses": 543668000,
    "interestIncome": 0,
    "interestExpense": 11172000,
    "depreciationAndAmortization": 6972000,
    "ebitda": 64099000,
    "ebitdaratio": 0.1054664041,
    "operatingIncome": 64099000,
    "operatingIncomeRatio": 0.1054664041,
    "totalOtherIncomeExpensesNet": -11172000,
    "incomeBeforeTax": 52927000,
    "incomeBeforeTaxRatio": 0.0870843596,
    "incomeTaxExpense": 19835000,
    "netIncome": 47902000,
    "netIncomeRatio": 0.0788163885,
    "eps": 0.48,
    "epsdiluted": 0.47,
    "weightedAverageShsOut": 99502000,
    "weightedAverageShsOutDil": 102059000,
    "link": "https://www.sec.gov/Archives/edgar/data/77360/000119312504195346/0001193125-04-195346-index.htm",
    "finalLink": "https://www.sec.gov/Archives/edgar/data/77360/000119312504195346/d10q.htm"
  },
  {
    "date": "2004-07-03",
    "symbol": "PNR",
    "reportedCurrency": "USD",
    "cik": "0000077360",
    "fillingDate": "2004-07-30",
    "acceptedDate": "2004-07-30 14:40:44",
    "calendarYear": "2004",
    "period": "Q2",
    "revenue": 813873000,
    "costOfRevenue": 590412000,
    "grossProfit": 223461000,
    "grossProfitRatio": 0.2745649506,
    "researchAndDevelopmentExpenses": 11829000,
    "generalAndAdministrativeExpenses": 0,
    "sellingAndMarketingExpenses": 0,
    "sellingGeneralAndAdministrativeExpenses": 115086000,
    "otherExpenses": 0,
    "operatingExpenses": 126915000,
    "costAndExpenses": 717327000,
    "interestIncome": 0,
    "interestExpense": 11233000,
    "depreciationAndAmortization": 19469000,
    "ebitda": 116015000,
    "ebitdaratio": 0.1425468101,
    "operatingIncome": 96546000,
    "operatingIncomeRatio": 0.1186253875,
    "totalOtherIncomeExpensesNet": -11233000,
    "incomeBeforeTax": 85313000,
    "incomeBeforeTaxRatio": 0.1048234798,
    "incomeTaxExpense": 29853000,
    "netIncome": 55463000,
    "netIncomeRatio": 0.0681469959,
    "eps": 0.56,
    "epsdiluted": 0.55,
    "weightedAverageShsOut": 99320000,
    "weightedAverageShsOutDil": 101694000,
    "link": "https://www.sec.gov/Archives/edgar/data/77360/000119312504128102/0001193125-04-128102-index.htm",
    "finalLink": "https://www.sec.gov/Archives/edgar/data/77360/000119312504128102/d10q.htm"
  },
  {
    "date": "2004-04-03",
    "symbol": "PNR",
    "reportedCurrency": "USD",
    "cik": "0000077360",
    "fillingDate": "2004-05-10",
    "acceptedDate": "2004-05-10 17:19:43",
    "calendarYear": "2004",
    "period": "Q1",
    "revenue": 767141000,
    "costOfRevenue": 565483000,
    "grossProfit": 201658000,
    "grossProfitRatio": 0.2628695377,
    "researchAndDevelopmentExpenses": 11927000,
    "generalAndAdministrativeExpenses": 0,
    "sellingAndMarketingExpenses": 0,
    "sellingGeneralAndAdministrativeExpenses": 116695000,
    "otherExpenses": 0,
    "operatingExpenses": 128622000,
    "costAndExpenses": 694105000,
    "interestIncome": 0,
    "interestExpense": 11174000,
    "depreciationAndAmortization": 18815000,
    "ebitda": 91851000,
    "ebitdaratio": 0.1197315748,
    "operatingIncome": 73036000,
    "operatingIncomeRatio": 0.0952054446,
    "totalOtherIncomeExpensesNet": -11174000,
    "incomeBeforeTax": 61862000,
    "incomeBeforeTaxRatio": 0.0806396738,
    "incomeTaxExpense": 21652000,
    "netIncome": 40210000,
    "netIncomeRatio": 0.0524153969,
    "eps": 0.41,
    "epsdiluted": 0.4,
    "weightedAverageShsOut": 98428000,
    "weightedAverageShsOutDil": 100531000,
    "link": "https://www.sec.gov/Archives/edgar/data/77360/000119312504083821/0001193125-04-083821-index.htm",
    "finalLink": "https://www.sec.gov/Archives/edgar/data/77360/000119312504083821/d10q.htm"
  },
  {
    "date": "2003-12-31",
    "symbol": "PNR",
    "reportedCurrency": "USD",
    "cik": "0000077360",
    "fillingDate": "2004-03-05",
    "acceptedDate": "2004-03-05 16:33:06",
    "calendarYear": "2003",
    "period": "Q4",
    "revenue": 682846000,
    "costOfRevenue": 509594000,
    "grossProfit": 173252000,
    "grossProfitRatio": 0.2537204582,
    "researchAndDevelopmentExpenses": 11558000,
    "generalAndAdministrativeExpenses": 0,
    "sellingAndMarketingExpenses": 0,
    "sellingGeneralAndAdministrativeExpenses": 98405000,
    "otherExpenses": 0,
    "operatingExpenses": 109963000,
    "costAndExpenses": 619557000,
    "interestIncome": 0,
    "interestExpense": 41590000,
    "depreciationAndAmortization": 14372000,
    "ebitda": 77661000,
    "ebitdaratio": 0.1137313538,
    "operatingIncome": 63289000,
    "operatingIncomeRatio": 0.0926841484,
    "totalOtherIncomeExpensesNet": -11506000,
    "incomeBeforeTax": 51783000,
    "incomeBeforeTaxRatio": 0.0758340826,
    "incomeTaxExpense": 17606000,
    "netIncome": 31241000,
    "netIncomeRatio": 0.045751165,
    "eps": 0.63,
    "epsdiluted": 0.63,
    "weightedAverageShsOut": 49834191,
    "weightedAverageShsOutDil": 49834191,
    "link": "https://www.sec.gov/Archives/edgar/data/77360/000119312504035574/0001193125-04-035574-index.htm",
    "finalLink": "https://www.sec.gov/Archives/edgar/data/77360/000119312504035574/d10k.htm"
  },
  {
    "date": "2003-09-27",
    "symbol": "PNR",
    "reportedCurrency": "USD",
    "cik": "0000077360",
    "fillingDate": "2003-11-04",
    "acceptedDate": "2003-11-04 15:09:40",
    "calendarYear": "2003",
    "period": "Q3",
    "revenue": 685014000,
    "costOfRevenue": 518007000,
    "grossProfit": 167007000,
    "grossProfitRatio": 0.2438008566,
    "researchAndDevelopmentExpenses": 10995000,
    "generalAndAdministrativeExpenses": 0,
    "sellingAndMarketingExpenses": 0,
    "sellingGeneralAndAdministrativeExpenses": 88267000,
    "otherExpenses": 0,
    "operatingExpenses": 99262000,
    "costAndExpenses": 617269000,
    "interestIncome": 0,
    "interestExpense": 9600000,
    "depreciationAndAmortization": 16674000,
    "ebitda": 67745000,
    "ebitdaratio": 0.098895789,
    "operatingIncome": 67745000,
    "operatingIncomeRatio": 0.098895789,
    "totalOtherIncomeExpensesNet": -9600000,
    "incomeBeforeTax": 58145000,
    "incomeBeforeTaxRatio": 0.0848814769,
    "incomeTaxExpense": 19770000,
    "netIncome": 38375000,
    "netIncomeRatio": 0.0560207529,
    "eps": 0.39,
    "epsdiluted": 0.77,
    "weightedAverageShsOut": 98020000,
    "weightedAverageShsOutDil": 50043000,
    "link": "https://www.sec.gov/Archives/edgar/data/77360/000119312503072423/0001193125-03-072423-index.htm",
    "finalLink": "https://www.sec.gov/Archives/edgar/data/77360/000119312503072423/d10q.htm"
  },
  {
    "date": "2003-06-28",
    "symbol": "PNR",
    "reportedCurrency": "USD",
    "cik": "0000077360",
    "fillingDate": "2003-08-12",
    "acceptedDate": "2003-08-12 12:04:40",
    "calendarYear": "2003",
    "period": "Q2",
    "revenue": 718989000,
    "costOfRevenue": 535501000,
    "grossProfit": 183488000,
    "grossProfitRatio": 0.2552027917,
    "researchAndDevelopmentExpenses": 11224000,
    "generalAndAdministrativeExpenses": 0,
    "sellingAndMarketingExpenses": 0,
    "sellingGeneralAndAdministrativeExpenses": 95932000,
    "otherExpenses": 0,
    "operatingExpenses": 107156000,
    "costAndExpenses": 642657000,
    "interestIncome": 0,
    "interestExpense": 9837000,
    "depreciationAndAmortization": 17707000,
    "ebitda": 76332000,
    "ebitdaratio": 0.1061657411,
    "operatingIncome": 76332000,
    "operatingIncomeRatio": 0.1061657411,
    "totalOtherIncomeExpensesNet": -9837000,
    "incomeBeforeTax": 66495000,
    "incomeBeforeTaxRatio": 0.0924840297,
    "incomeTaxExpense": 22608000,
    "netIncome": 43887000,
    "netIncomeRatio": 0.0610398768,
    "eps": 0.45,
    "epsdiluted": 0.88,
    "weightedAverageShsOut": 98020000,
    "weightedAverageShsOutDil": 49812000,
    "link": "https://www.sec.gov/Archives/edgar/data/77360/000119312503033966/0001193125-03-033966-index.htm",
    "finalLink": "https://www.sec.gov/Archives/edgar/data/77360/000119312503033966/d10q.htm"
  },
  {
    "date": "2003-03-29",
    "symbol": "PNR",
    "reportedCurrency": "USD",
    "cik": "0000077360",
    "fillingDate": "2003-05-12",
    "acceptedDate": "2003-05-12 16:31:42",
    "calendarYear": "2003",
    "period": "Q1",
    "revenue": 637516000,
    "costOfRevenue": 482225000,
    "grossProfit": 155291000,
    "grossProfitRatio": 0.2435876119,
    "researchAndDevelopmentExpenses": 10121000,
    "generalAndAdministrativeExpenses": 0,
    "sellingAndMarketingExpenses": 0,
    "sellingGeneralAndAdministrativeExpenses": 92982000,
    "otherExpenses": 0,
    "operatingExpenses": 103103000,
    "costAndExpenses": 585328000,
    "interestIncome": 0,
    "interestExpense": 9993000,
    "depreciationAndAmortization": 16890000,
    "ebitda": 52188000,
    "ebitdaratio": 0.0818614748,
    "operatingIncome": 52188000,
    "operatingIncomeRatio": 0.0818614748,
    "totalOtherIncomeExpensesNet": -9993000,
    "incomeBeforeTax": 42195000,
    "incomeBeforeTaxRatio": 0.0661865741,
    "incomeTaxExpense": 14346000,
    "netIncome": 27849000,
    "netIncomeRatio": 0.0436836095,
    "eps": 0.28,
    "epsdiluted": 0.28,
    "weightedAverageShsOut": 98020000,
    "weightedAverageShsOutDil": 99234000,
    "link": "https://www.sec.gov/Archives/edgar/data/77360/000104596903001496/0001045969-03-001496-index.htm",
    "finalLink": "https://www.sec.gov/Archives/edgar/data/77360/000104596903001496/d10q.htm"
  },
  {
    "date": "2002-12-31",
    "symbol": "PNR",
    "reportedCurrency": "USD",
    "cik": "0000077360",
    "fillingDate": "2003-03-17",
    "acceptedDate": "2003-03-17 12:55:10",
    "calendarYear": "2002",
    "period": "Q4",
    "revenue": 640303000,
    "costOfRevenue": 486556000,
    "grossProfit": 153747000,
    "grossProfitRatio": 0.2401160076,
    "researchAndDevelopmentExpenses": 10620000,
    "generalAndAdministrativeExpenses": 0,
    "sellingAndMarketingExpenses": 0,
    "sellingGeneralAndAdministrativeExpenses": 89276000,
    "otherExpenses": 0,
    "operatingExpenses": 99896000,
    "costAndExpenses": 586452000,
    "interestIncome": 0,
    "interestExpense": 44338000,
    "depreciationAndAmortization": 17611000,
    "ebitda": 71462000,
    "ebitdaratio": 0.1116065363,
    "operatingIncome": 53851000,
    "operatingIncomeRatio": 0.0841023703,
    "totalOtherIncomeExpensesNet": -11134000,
    "incomeBeforeTax": 42717000,
    "incomeBeforeTaxRatio": 0.0667137277,
    "incomeTaxExpense": 14632000,
    "netIncome": 28085000,
    "netIncomeRatio": 0.0438620466,
    "eps": 0.29,
    "epsdiluted": -0.75,
    "weightedAverageShsOut": 98020000,
    "weightedAverageShsOutDil": 49809000,
    "link": "https://www.sec.gov/Archives/edgar/data/77360/000104596903000642/0001045969-03-000642-index.htm",
    "finalLink": "https://www.sec.gov/Archives/edgar/data/77360/000104596903000642/d10k.htm"
  },
  {
    "date": "2002-09-28",
    "symbol": "PNR",
    "reportedCurrency": "USD",
    "cik": "0000077360",
    "fillingDate": "2002-11-12",
    "acceptedDate": "2002-11-12 17:27:57",
    "calendarYear": "2002",
    "period": "Q3",
    "revenue": 629301000,
    "costOfRevenue": 480332000,
    "grossProfit": 148969000,
    "grossProfitRatio": 0.2367213782,
    "researchAndDevelopmentExpenses": 8904000,
    "generalAndAdministrativeExpenses": 0,
    "sellingAndMarketingExpenses": 0,
    "sellingGeneralAndAdministrativeExpenses": 78243000,
    "otherExpenses": 0,
    "operatingExpenses": 87147000,
    "costAndExpenses": 567479000,
    "interestIncome": 0,
    "interestExpense": 8205000,
    "depreciationAndAmortization": 14987000,
    "ebitda": 61822000,
    "ebitdaratio": 0.0982391574,
    "operatingIncome": 61822000,
    "operatingIncomeRatio": 0.0982391574,
    "totalOtherIncomeExpensesNet": -8205000,
    "incomeBeforeTax": 53617000,
    "incomeBeforeTaxRatio": 0.0852008816,
    "incomeTaxExpense": 16214000,
    "netIncome": 37403000,
    "netIncomeRatio": 0.0594357867,
    "eps": 0.38,
    "epsdiluted": 0.5,
    "weightedAverageShsOut": 98020000,
    "weightedAverageShsOutDil": 74314500,
    "link": "https://www.sec.gov/Archives/edgar/data/77360/000104596902001864/0001045969-02-001864-index.htm",
    "finalLink": "https://www.sec.gov/Archives/edgar/data/77360/000104596902001864/d10q.htm"
  },
  {
    "date": "2002-06-29",
    "symbol": "PNR",
    "reportedCurrency": "USD",
    "cik": "0000077360",
    "fillingDate": "2002-08-13",
    "acceptedDate": "2002-08-13 16:27:21",
    "calendarYear": "2002",
    "period": "Q2",
    "revenue": 708116000,
    "costOfRevenue": 532136000,
    "grossProfit": 175980000,
    "grossProfitRatio": 0.2485186043,
    "researchAndDevelopmentExpenses": 9021000,
    "generalAndAdministrativeExpenses": 0,
    "sellingAndMarketingExpenses": 0,
    "sellingGeneralAndAdministrativeExpenses": 92367000,
    "otherExpenses": 0,
    "operatingExpenses": 101388000,
    "costAndExpenses": 633524000,
    "interestIncome": 0,
    "interestExpense": 10476000,
    "depreciationAndAmortization": 16205000,
    "ebitda": 74592000,
    "ebitdaratio": 0.1053386733,
    "operatingIncome": 74592000,
    "operatingIncomeRatio": 0.1053386733,
    "totalOtherIncomeExpensesNet": -10476000,
    "incomeBeforeTax": 64116000,
    "incomeBeforeTaxRatio": 0.0905444871,
    "incomeTaxExpense": 21140000,
    "netIncome": 42976000,
    "netIncomeRatio": 0.0606906213,
    "eps": 0.44,
    "epsdiluted": 0.58,
    "weightedAverageShsOut": 98020000,
    "weightedAverageShsOutDil": 74314500,
    "link": "https://www.sec.gov/Archives/edgar/data/77360/000104596902001402/0001045969-02-001402-index.htm",
    "finalLink": "https://www.sec.gov/Archives/edgar/data/77360/000104596902001402/d10q.htm"
  },
  {
    "date": "2002-03-30",
    "symbol": "PNR",
    "reportedCurrency": "USD",
    "cik": "0000077360",
    "fillingDate": "2002-05-09",
    "acceptedDate": "2002-05-09 16:12:26",
    "calendarYear": "2002",
    "period": "Q1",
    "revenue": 613435000,
    "costOfRevenue": 466052000,
    "grossProfit": 147383000,
    "grossProfitRatio": 0.2402585441,
    "researchAndDevelopmentExpenses": 8364000,
    "generalAndAdministrativeExpenses": 0,
    "sellingAndMarketingExpenses": 0,
    "sellingGeneralAndAdministrativeExpenses": 93292000,
    "otherExpenses": 0,
    "operatingExpenses": 101656000,
    "costAndExpenses": 567708000,
    "interestIncome": 0,
    "interestExpense": 13730000,
    "depreciationAndAmortization": 15899000,
    "ebitda": 45727000,
    "ebitdaratio": 0.0745425351,
    "operatingIncome": 45727000,
    "operatingIncomeRatio": 0.0745425351,
    "totalOtherIncomeExpensesNet": -13730000,
    "incomeBeforeTax": 31997000,
    "incomeBeforeTaxRatio": 0.0521603756,
    "incomeTaxExpense": 10559000,
    "netIncome": 21438000,
    "netIncomeRatio": 0.0349474679,
    "eps": 0.22,
    "epsdiluted": 0.22,
    "weightedAverageShsOut": 98020000,
    "weightedAverageShsOutDil": 74314500,
    "link": "https://www.sec.gov/Archives/edgar/data/77360/000104596902000863/0001045969-02-000863-index.htm",
    "finalLink": "https://www.sec.gov/Archives/edgar/data/77360/000104596902000863/d10q.htm"
  },
  {
    "date": "2001-12-31",
    "symbol": "PNR",
    "reportedCurrency": "USD",
    "cik": "0000077360",
    "fillingDate": "2002-03-19",
    "acceptedDate": "2002-03-19 00:00:00",
    "calendarYear": "2001",
    "period": "Q4",
    "revenue": 595926000,
    "costOfRevenue": 442222000,
    "grossProfit": 153704000,
    "grossProfitRatio": 0.2579246417,
    "researchAndDevelopmentExpenses": 8377000,
    "generalAndAdministrativeExpenses": 0,
    "sellingAndMarketingExpenses": 0,
    "sellingGeneralAndAdministrativeExpenses": 111850000,
    "otherExpenses": 0,
    "operatingExpenses": 120227000,
    "costAndExpenses": 562449000,
    "interestIncome": 0,
    "interestExpense": 62448000,
    "depreciationAndAmortization": 24721000,
    "ebitda": 58198000,
    "ebitdaratio": 0.0976597765,
    "operatingIncome": -6628000,
    "operatingIncomeRatio": -0.0111221863,
    "totalOtherIncomeExpensesNet": -13607000,
    "incomeBeforeTax": -20235000,
    "incomeBeforeTaxRatio": -0.0339555582,
    "incomeTaxExpense": -3961000,
    "netIncome": -40921000,
    "netIncomeRatio": -0.0686679219,
    "eps": -0.42,
    "epsdiluted": -0.55,
    "weightedAverageShsOut": 98020000,
    "weightedAverageShsOutDil": 74314500,
    "link": "https://www.sec.gov/Archives/edgar/data/77360/000104596902000450/0001045969-02-000450-index.htm",
    "finalLink": "https://www.sec.gov/Archives/edgar/data/77360/000104596902000450/d10k405.htm"
  },
  {
    "date": "2001-09-29",
    "symbol": "PNR",
    "reportedCurrency": "USD",
    "cik": "0000077360",
    "fillingDate": "2001-11-05",
    "acceptedDate": "2001-11-05 00:00:00",
    "calendarYear": "2001",
    "period": "Q3",
    "revenue": 646559000,
    "costOfRevenue": 487033000,
    "grossProfit": 159526000,
    "grossProfitRatio": 0.2467307701,
    "researchAndDevelopmentExpenses": 7805000,
    "generalAndAdministrativeExpenses": 0,
    "sellingAndMarketingExpenses": 0,
    "sellingGeneralAndAdministrativeExpenses": 100537000,
    "otherExpenses": 0,
    "operatingExpenses": 108342000,
    "costAndExpenses": 595375000,
    "interestIncome": 0,
    "interestExpense": 14409000,
    "depreciationAndAmortization": 26233000,
    "ebitda": 51184000,
    "ebitdaratio": 0.0791636958,
    "operatingIncome": 51184000,
    "operatingIncomeRatio": 0.0791636958,
    "totalOtherIncomeExpensesNet": -14409000,
    "incomeBeforeTax": 36775000,
    "incomeBeforeTaxRatio": 0.0568780266,
    "incomeTaxExpense": 12104000,
    "netIncome": 24671000,
    "netIncomeRatio": 0.0381573839,
    "eps": 0.25,
    "epsdiluted": 0.25,
    "weightedAverageShsOut": 98164000,
    "weightedAverageShsOutDil": 98820000,
    "link": "https://www.sec.gov/Archives/edgar/data/77360/000110465901502430/0001104659-01-502430-index.htm",
    "finalLink": "https://www.sec.gov/Archives/edgar/data/77360/000110465901502430/j1877_10q.htm"
  },
  {
    "date": "2001-06-30",
    "symbol": "PNR",
    "reportedCurrency": "USD",
    "cik": "0000077360",
    "fillingDate": "2001-08-14",
    "acceptedDate": "2001-08-14 00:00:00",
    "calendarYear": "2001",
    "period": "Q2",
    "revenue": 702076000,
    "costOfRevenue": 531294000,
    "grossProfit": 170782000,
    "grossProfitRatio": 0.2432528672,
    "researchAndDevelopmentExpenses": 7250000,
    "generalAndAdministrativeExpenses": 0,
    "sellingAndMarketingExpenses": 0,
    "sellingGeneralAndAdministrativeExpenses": 103183000,
    "otherExpenses": 0,
    "operatingExpenses": 110433000,
    "costAndExpenses": 641727000,
    "interestIncome": 0,
    "interestExpense": 16241000,
    "depreciationAndAmortization": 26657000,
    "ebitda": 60349000,
    "ebitdaratio": 0.0859579305,
    "operatingIncome": 60349000,
    "operatingIncomeRatio": 0.0859579305,
    "totalOtherIncomeExpensesNet": -16241000,
    "incomeBeforeTax": 44108000,
    "incomeBeforeTaxRatio": 0.0628251073,
    "incomeTaxExpense": 15552000,
    "netIncome": 28556000,
    "netIncomeRatio": 0.0406736593,
    "eps": 0.29,
    "epsdiluted": 0.29,
    "weightedAverageShsOut": 97034000,
    "weightedAverageShsOutDil": 97484000,
    "link": "https://www.sec.gov/Archives/edgar/data/77360/000110465901501921/0001104659-01-501921-index.htm",
    "finalLink": "https://www.sec.gov/Archives/edgar/data/77360/000110465901501921/j1527_10q.htm"
  },
  {
    "date": "2001-03-31",
    "symbol": "PNR",
    "reportedCurrency": "USD",
    "cik": "0000077360",
    "fillingDate": "2001-05-15",
    "acceptedDate": "2001-05-15 00:00:00",
    "calendarYear": "2001",
    "period": "Q1",
    "revenue": 671383000,
    "costOfRevenue": 507396000,
    "grossProfit": 163987000,
    "grossProfitRatio": 0.2442525354,
    "researchAndDevelopmentExpenses": 7739000,
    "generalAndAdministrativeExpenses": 0,
    "sellingAndMarketingExpenses": 0,
    "sellingGeneralAndAdministrativeExpenses": 103392000,
    "otherExpenses": 0,
    "operatingExpenses": 111131000,
    "costAndExpenses": 618527000,
    "interestIncome": 0,
    "interestExpense": 0,
    "depreciationAndAmortization": 26738000,
    "ebitda": 79594000,
    "ebitdaratio": 0.1185523017,
    "operatingIncome": 52856000,
    "operatingIncomeRatio": 0.0787270455,
    "totalOtherIncomeExpensesNet": -20216000,
    "incomeBeforeTax": 32640000,
    "incomeBeforeTaxRatio": 0.0486160656,
    "incomeTaxExpense": 12077000,
    "netIncome": 20563000,
    "netIncomeRatio": 0.0306278235,
    "eps": 0.21,
    "epsdiluted": 0.21,
    "weightedAverageShsOut": 98012000,
    "weightedAverageShsOutDil": 98254000,
    "link": "https://www.sec.gov/Archives/edgar/data/77360/000095012401501272/0000950124-01-501272-index.htm",
    "finalLink": "https://www.sec.gov/Archives/edgar/data/77360/000095012401501272/c62589e10-q.htm"
  },
  {
    "date": "2000-12-31",
    "symbol": "PNR",
    "reportedCurrency": "USD",
    "cik": "0000077360",
    "fillingDate": "2001-03-19",
    "acceptedDate": "2001-03-19 00:00:00",
    "calendarYear": "2000",
    "period": "Q4",
    "revenue": 543196000,
    "costOfRevenue": 453343000,
    "grossProfit": 89853000,
    "grossProfitRatio": 0.1654154302,
    "researchAndDevelopmentExpenses": 4074000,
    "generalAndAdministrativeExpenses": 0,
    "sellingAndMarketingExpenses": 0,
    "sellingGeneralAndAdministrativeExpenses": 29789000,
    "otherExpenses": 0,
    "operatingExpenses": 54729000,
    "costAndExpenses": 508072000,
    "interestIncome": 0,
    "interestExpense": 0,
    "depreciationAndAmortization": 20866000,
    "ebitda": 55990000,
    "ebitdaratio": 0.1030751331,
    "operatingIncome": 35124000,
    "operatingIncomeRatio": 0.0646617427,
    "totalOtherIncomeExpensesNet": -39017000,
    "incomeBeforeTax": -3893000,
    "incomeBeforeTaxRatio": -0.0071668422,
    "incomeTaxExpense": -2560000,
    "netIncome": -27314000,
    "netIncomeRatio": -0.0502838754,
    "eps": -0.28,
    "epsdiluted": -0.28,
    "weightedAverageShsOut": 97527000,
    "weightedAverageShsOutDil": 97695000,
    "link": "https://www.sec.gov/Archives/edgar/data/77360/000095012401001379/0000950124-01-001379-index.htm",
    "finalLink": "https://www.sec.gov/Archives/edgar/data/77360/000095012401001379/c60900e10-k.txt"
  },
  {
    "date": "2000-09-30",
    "symbol": "PNR",
    "reportedCurrency": "USD",
    "cik": "0000077360",
    "fillingDate": "2000-11-14",
    "acceptedDate": "2000-11-14 00:00:00",
    "calendarYear": "2000",
    "period": "Q3",
    "revenue": 715926000,
    "costOfRevenue": 510033000,
    "grossProfit": 205893000,
    "grossProfitRatio": 0.2875897788,
    "researchAndDevelopmentExpenses": 8252000,
    "generalAndAdministrativeExpenses": 0,
    "sellingAndMarketingExpenses": 0,
    "sellingGeneralAndAdministrativeExpenses": 135009000,
    "otherExpenses": 0,
    "operatingExpenses": 166757000,
    "costAndExpenses": 676790000,
    "interestIncome": 0,
    "interestExpense": 0,
    "depreciationAndAmortization": 23496000,
    "ebitda": 62632000,
    "ebitdaratio": 0.087483902,
    "operatingIncome": 39136000,
    "operatingIncomeRatio": 0.0546648676,
    "totalOtherIncomeExpensesNet": -18753000,
    "incomeBeforeTax": 19075000,
    "incomeBeforeTaxRatio": 0.0266438151,
    "incomeTaxExpense": 6402000,
    "netIncome": 13639000,
    "netIncomeRatio": 0.0190508516,
    "eps": 0.14,
    "epsdiluted": 0.14,
    "weightedAverageShsOut": 97042000,
    "weightedAverageShsOutDil": 97136000,
    "link": "https://www.sec.gov/Archives/edgar/data/77360/000095012400006983/0000950124-00-006983-index.htm",
    "finalLink": "https://www.sec.gov/Archives/edgar/data/77360/000095012400006983/c58596e10-q.htm"
  },
  {
    "date": "2000-07-01",
    "symbol": "PNR",
    "reportedCurrency": "USD",
    "cik": "0000077360",
    "fillingDate": "2000-08-14",
    "acceptedDate": "2000-08-14 00:00:00",
    "calendarYear": "2000",
    "period": "Q2",
    "revenue": 776613000,
    "costOfRevenue": 523519000,
    "grossProfit": 253094000,
    "grossProfitRatio": 0.3258946219,
    "researchAndDevelopmentExpenses": 8869000,
    "generalAndAdministrativeExpenses": 0,
    "sellingAndMarketingExpenses": 0,
    "sellingGeneralAndAdministrativeExpenses": 140321000,
    "otherExpenses": 0,
    "operatingExpenses": 175377000,
    "costAndExpenses": 698896000,
    "interestIncome": 0,
    "interestExpense": 0,
    "depreciationAndAmortization": 26187000,
    "ebitda": 103904000,
    "ebitdaratio": 0.133791219,
    "operatingIncome": 77717000,
    "operatingIncomeRatio": 0.1000717217,
    "totalOtherIncomeExpensesNet": -18579000,
    "incomeBeforeTax": 57712000,
    "incomeBeforeTaxRatio": 0.074312431,
    "incomeTaxExpense": 21082000,
    "netIncome": 37233000,
    "netIncomeRatio": 0.0479427978,
    "eps": 0.39,
    "epsdiluted": 0.38,
    "weightedAverageShsOut": 97060000,
    "weightedAverageShsOutDil": 97060000,
    "link": "https://www.sec.gov/Archives/edgar/data/77360/000095012400005048/0000950124-00-005048-index.htm",
    "finalLink": "https://www.sec.gov/Archives/edgar/data/77360/000095012400005048/e10-q.txt"
  },
  {
    "date": "2000-04-01",
    "symbol": "PNR",
    "reportedCurrency": "USD",
    "cik": "0000077360",
    "fillingDate": "2000-05-12",
    "acceptedDate": "2000-05-12 00:00:00",
    "calendarYear": "2000",
    "period": "Q1",
    "revenue": 712278000,
    "costOfRevenue": 465593000,
    "grossProfit": 246685000,
    "grossProfitRatio": 0.3463324713,
    "researchAndDevelopmentExpenses": 8618000,
    "generalAndAdministrativeExpenses": 0,
    "sellingAndMarketingExpenses": 0,
    "sellingGeneralAndAdministrativeExpenses": 143364000,
    "otherExpenses": 0,
    "operatingExpenses": 171843000,
    "costAndExpenses": 637436000,
    "interestIncome": 0,
    "interestExpense": 0,
    "depreciationAndAmortization": 28479000,
    "ebitda": 114000000,
    "ebitdaratio": 0.1600498682,
    "operatingIncome": 74842000,
    "operatingIncomeRatio": 0.1050741424,
    "totalOtherIncomeExpensesNet": -18948000,
    "incomeBeforeTax": 54237000,
    "incomeBeforeTaxRatio": 0.0761458307,
    "incomeTaxExpense": 20338000,
    "netIncome": 31444000,
    "netIncomeRatio": 0.0441456847,
    "eps": 0.33,
    "epsdiluted": 0.33,
    "weightedAverageShsOut": 96908000,
    "weightedAverageShsOutDil": 97150000,
    "link": "https://www.sec.gov/Archives/edgar/data/77360/000095012400003074/0000950124-00-003074-index.html",
    "finalLink": "https://www.sec.gov/Archives/edgar/data/77360/000095012400003074/0000950124-00-003074-d1.html"
  },
  {
    "date": "1999-12-31",
    "symbol": "PNR",
    "reportedCurrency": "USD",
    "cik": "0000077360",
    "fillingDate": "2000-03-10",
    "acceptedDate": "2000-03-10 00:00:00",
    "calendarYear": "1999",
    "period": "Q4",
    "revenue": 785100000,
    "costOfRevenue": 518200000,
    "grossProfit": 266900000,
    "grossProfitRatio": 0.3399566934,
    "researchAndDevelopmentExpenses": 0,
    "generalAndAdministrativeExpenses": 0,
    "sellingAndMarketingExpenses": 0,
    "sellingGeneralAndAdministrativeExpenses": 120000000,
    "otherExpenses": -60500000,
    "operatingExpenses": 175200000,
    "costAndExpenses": 693400000,
    "interestIncome": 0,
    "interestExpense": 0,
    "depreciationAndAmortization": 28100000,
    "ebitda": 119800000,
    "ebitdaratio": 0.1525920265,
    "operatingIncome": 91700000,
    "operatingIncomeRatio": 0.1168004076,
    "totalOtherIncomeExpensesNet": -21700000,
    "incomeBeforeTax": 70000000,
    "incomeBeforeTaxRatio": 0.0891606165,
    "incomeTaxExpense": 27000000,
    "netIncome": 43000000,
    "netIncomeRatio": 0.054770093,
    "eps": 0.47,
    "epsdiluted": 0.47,
    "weightedAverageShsOut": 84929577,
    "weightedAverageShsOutDil": 86142857,
    "link": "https://www.sec.gov/Archives/edgar/data/77360/000095012400001158/0000950124-00-001158-index.html",
    "finalLink": "https://www.sec.gov/Archives/edgar/data/77360/000095012400001158/0000950124-00-001158-d1.html"
  },
  {
    "date": "1999-09-25",
    "symbol": "PNR",
    "reportedCurrency": "USD",
    "cik": "0000077360",
    "fillingDate": "1999-11-08",
    "acceptedDate": "1999-11-08 00:00:00",
    "calendarYear": "1999",
    "period": "Q3",
    "revenue": 604900000,
    "costOfRevenue": 395800000,
    "grossProfit": 209100000,
    "grossProfitRatio": 0.3456769714,
    "researchAndDevelopmentExpenses": 0,
    "generalAndAdministrativeExpenses": 0,
    "sellingAndMarketingExpenses": 0,
    "sellingGeneralAndAdministrativeExpenses": 123600000,
    "otherExpenses": 0,
    "operatingExpenses": 146500000,
    "costAndExpenses": 542300000,
    "interestIncome": 0,
    "interestExpense": 14188000,
    "depreciationAndAmortization": 22900000,
    "ebitda": 85500000,
    "ebitdaratio": 0.141345677,
    "operatingIncome": 62600000,
    "operatingIncomeRatio": 0.1034881799,
    "totalOtherIncomeExpensesNet": -14100000,
    "incomeBeforeTax": 48500000,
    "incomeBeforeTaxRatio": 0.0801785419,
    "incomeTaxExpense": 18700000,
    "netIncome": 29800000,
    "netIncomeRatio": 0.0492643412,
    "eps": 0.35,
    "epsdiluted": 0.35,
    "weightedAverageShsOut": 85142857,
    "weightedAverageShsOutDil": 86376812,
    "link": "https://www.sec.gov/Archives/edgar/data/77360/000091205799003811/0000912057-99-003811-index.html",
    "finalLink": "https://www.sec.gov/Archives/edgar/data/77360/000091205799003811/0000912057-99-003811-d1.html"
  },
  {
    "date": "1999-06-26",
    "symbol": "PNR",
    "reportedCurrency": "USD",
    "cik": "0000077360",
    "fillingDate": "1999-08-05",
    "acceptedDate": "1999-08-05 00:00:00",
    "calendarYear": "1999",
    "period": "Q2",
    "revenue": 507200000,
    "costOfRevenue": 328200000,
    "grossProfit": 179000000,
    "grossProfitRatio": 0.3529179811,
    "researchAndDevelopmentExpenses": 6100000,
    "generalAndAdministrativeExpenses": 0,
    "sellingAndMarketingExpenses": 0,
    "sellingGeneralAndAdministrativeExpenses": 108400000,
    "otherExpenses": 0,
    "operatingExpenses": 127400000,
    "costAndExpenses": 455600000,
    "interestIncome": 0,
    "interestExpense": 0,
    "depreciationAndAmortization": 19000000,
    "ebitda": 70600000,
    "ebitdaratio": 0.1391955836,
    "operatingIncome": 51600000,
    "operatingIncomeRatio": 0.1017350158,
    "totalOtherIncomeExpensesNet": -7000000,
    "incomeBeforeTax": 44600000,
    "incomeBeforeTaxRatio": 0.0879337539,
    "incomeTaxExpense": 16300000,
    "netIncome": 28300000,
    "netIncomeRatio": 0.05579653,
    "eps": 0.34,
    "epsdiluted": 0.33,
    "weightedAverageShsOut": 84477612,
    "weightedAverageShsOutDil": 85757576,
    "link": "https://www.sec.gov/Archives/edgar/data/77360/000104746999029772/0001047469-99-029772-index.html",
    "finalLink": "https://www.sec.gov/Archives/edgar/data/77360/000104746999029772/"
  },
  {
    "date": "1999-03-27",
    "symbol": "PNR",
    "reportedCurrency": "USD",
    "cik": "0000077360",
    "fillingDate": "1999-05-11",
    "acceptedDate": "1999-05-11 00:00:00",
    "calendarYear": "1999",
    "period": "Q1",
    "revenue": 470500000,
    "costOfRevenue": 302100000,
    "grossProfit": 168400000,
    "grossProfitRatio": 0.3579171095,
    "researchAndDevelopmentExpenses": 0,
    "generalAndAdministrativeExpenses": 0,
    "sellingAndMarketingExpenses": 0,
    "sellingGeneralAndAdministrativeExpenses": 103400000,
    "otherExpenses": 0,
    "operatingExpenses": 122000000,
    "costAndExpenses": 424100000,
    "interestIncome": 0,
    "interestExpense": 0,
    "depreciationAndAmortization": 18600000,
    "ebitda": 65048000,
    "ebitdaratio": 0.1382529224,
    "operatingIncome": 46400000,
    "operatingIncomeRatio": 0.098618491,
    "totalOtherIncomeExpensesNet": -42910000,
    "incomeBeforeTax": 3500000,
    "incomeBeforeTaxRatio": 0.0074388948,
    "incomeTaxExpense": 1300000,
    "netIncome": 2240000,
    "netIncomeRatio": 0.0047608927,
    "eps": 0.025,
    "epsdiluted": 0.025,
    "weightedAverageShsOut": 84450000,
    "weightedAverageShsOutDil": 86148000,
    "link": "https://www.sec.gov/Archives/edgar/data/77360/000007736099000015/0000077360-99-000015-index.html",
    "finalLink": "https://www.sec.gov/Archives/edgar/data/77360/"
  },
  {
    "date": "1998-12-31",
    "symbol": "PNR",
    "reportedCurrency": "USD",
    "cik": "0000077360",
    "fillingDate": "1999-03-12",
    "acceptedDate": "1999-03-12 00:00:00",
    "calendarYear": "1998",
    "period": "Q4",
    "revenue": 524100000,
    "costOfRevenue": 339200000,
    "grossProfit": 184900000,
    "grossProfitRatio": 0.3527952681,
    "researchAndDevelopmentExpenses": 0,
    "generalAndAdministrativeExpenses": 0,
    "sellingAndMarketingExpenses": 0,
    "sellingGeneralAndAdministrativeExpenses": 87500000,
    "otherExpenses": 0,
    "operatingExpenses": 126900000,
    "costAndExpenses": 466100000,
    "interestIncome": 0,
    "interestExpense": 0,
    "depreciationAndAmortization": 16400000,
    "ebitda": 74400000,
    "ebitdaratio": 0.1419576417,
    "operatingIncome": 58000000,
    "operatingIncomeRatio": 0.1106659035,
    "totalOtherIncomeExpensesNet": -5800000,
    "incomeBeforeTax": 52200000,
    "incomeBeforeTaxRatio": 0.0995993131,
    "incomeTaxExpense": 19300000,
    "netIncome": 32100000,
    "netIncomeRatio": 0.0612478535,
    "eps": 0.48,
    "epsdiluted": 0.38,
    "weightedAverageShsOut": 76939891,
    "weightedAverageShsOutDil": 82823529,
    "link": "https://www.sec.gov/Archives/edgar/data/77360/000007736099000007/0000077360-99-000007-index.html",
    "finalLink": "https://www.sec.gov/Archives/edgar/data/77360/"
  },
  {
    "date": "1998-09-30",
    "symbol": "PNR",
    "reportedCurrency": "USD",
    "cik": "0000077360",
    "fillingDate": "1998-11-13",
    "acceptedDate": "1998-11-13 00:00:00",
    "calendarYear": "1998",
    "period": "Q3",
    "revenue": 476800000,
    "costOfRevenue": 314100000,
    "grossProfit": 162700000,
    "grossProfitRatio": 0.3412332215,
    "researchAndDevelopmentExpenses": 0,
    "generalAndAdministrativeExpenses": 0,
    "sellingAndMarketingExpenses": 0,
    "sellingGeneralAndAdministrativeExpenses": 101000000,
    "otherExpenses": 0,
    "operatingExpenses": 116100000,
    "costAndExpenses": 430200000,
    "interestIncome": 0,
    "interestExpense": 0,
    "depreciationAndAmortization": 15100000,
    "ebitda": 61700000,
    "ebitdaratio": 0.1294043624,
    "operatingIncome": 46600000,
    "operatingIncomeRatio": 0.0977348993,
    "totalOtherIncomeExpensesNet": -5500000,
    "incomeBeforeTax": 41100000,
    "incomeBeforeTaxRatio": 0.0861996644,
    "incomeTaxExpense": 15300000,
    "netIncome": 24600000,
    "netIncomeRatio": 0.0515939597,
    "eps": 0.32,
    "epsdiluted": 0.3,
    "weightedAverageShsOut": 76875000,
    "weightedAverageShsOutDil": 82000000,
    "link": "https://www.sec.gov/Archives/edgar/data/77360/000007736098000018/0000077360-98-000018-index.html",
    "finalLink": "https://www.sec.gov/Archives/edgar/data/77360/"
  },
  {
    "date": "1998-06-30",
    "symbol": "PNR",
    "reportedCurrency": "USD",
    "cik": "0000077360",
    "fillingDate": "1998-08-10",
    "acceptedDate": "1998-08-10 00:00:00",
    "calendarYear": "1998",
    "period": "Q2",
    "revenue": 471800000,
    "costOfRevenue": 307000000,
    "grossProfit": 164800000,
    "grossProfitRatio": 0.3493005511,
    "researchAndDevelopmentExpenses": 0,
    "generalAndAdministrativeExpenses": 0,
    "sellingAndMarketingExpenses": 0,
    "sellingGeneralAndAdministrativeExpenses": 101700000,
    "otherExpenses": 0,
    "operatingExpenses": 120100000,
    "costAndExpenses": 427100000,
    "interestIncome": 0,
    "interestExpense": 0,
    "depreciationAndAmortization": 18400000,
    "ebitda": 63100000,
    "ebitdaratio": 0.1337431115,
    "operatingIncome": 44700000,
    "operatingIncomeRatio": 0.0947435354,
    "totalOtherIncomeExpensesNet": -5600000,
    "incomeBeforeTax": 39100000,
    "incomeBeforeTaxRatio": 0.0828740992,
    "incomeTaxExpense": 14700000,
    "netIncome": 23200000,
    "netIncomeRatio": 0.0491733786,
    "eps": 0.3,
    "epsdiluted": 0.28,
    "weightedAverageShsOut": 77333333,
    "weightedAverageShsOutDil": 82857143,
    "link": "https://www.sec.gov/Archives/edgar/data/77360/000007736098000012/0000077360-98-000012-index.html",
    "finalLink": "https://www.sec.gov/Archives/edgar/data/77360/"
  },
  {
    "date": "1998-03-31",
    "symbol": "PNR",
    "reportedCurrency": "USD",
    "cik": "0000077360",
    "fillingDate": "1998-05-15",
    "acceptedDate": "1998-05-15 00:00:00",
    "calendarYear": "1998",
    "period": "Q1",
    "revenue": 465000000,
    "costOfRevenue": 301600000,
    "grossProfit": 163400000,
    "grossProfitRatio": 0.3513978495,
    "researchAndDevelopmentExpenses": 0,
    "generalAndAdministrativeExpenses": 0,
    "sellingAndMarketingExpenses": 0,
    "sellingGeneralAndAdministrativeExpenses": 100900000,
    "otherExpenses": 0,
    "operatingExpenses": 119400000,
    "costAndExpenses": 421000000,
    "interestIncome": 0,
    "interestExpense": 0,
    "depreciationAndAmortization": 18500000,
    "ebitda": 62500000,
    "ebitdaratio": 0.1344086022,
    "operatingIncome": 44000000,
    "operatingIncomeRatio": 0.0946236559,
    "totalOtherIncomeExpensesNet": -5500000,
    "incomeBeforeTax": 38500000,
    "incomeBeforeTaxRatio": 0.0827956989,
    "incomeTaxExpense": 14800000,
    "netIncome": 22500000,
    "netIncomeRatio": 0.0483870968,
    "eps": 0.29,
    "epsdiluted": 0.27,
    "weightedAverageShsOut": 76848485,
    "weightedAverageShsOutDil": 82605042,
    "link": "https://www.sec.gov/Archives/edgar/data/77360/000007736098000009/0000077360-98-000009-index.html",
    "finalLink": "https://www.sec.gov/Archives/edgar/data/77360/"
  },
  {
    "date": "1997-12-31",
    "symbol": "PNR",
    "reportedCurrency": "USD",
    "cik": "0000077360",
    "fillingDate": "1998-03-27",
    "acceptedDate": "1998-03-27 00:00:00",
    "calendarYear": "1997",
    "period": "Q4",
    "revenue": 523600000,
    "costOfRevenue": 356100000,
    "grossProfit": 167500000,
    "grossProfitRatio": 0.3199006875,
    "researchAndDevelopmentExpenses": 0,
    "generalAndAdministrativeExpenses": 0,
    "sellingAndMarketingExpenses": 0,
    "sellingGeneralAndAdministrativeExpenses": 78700000,
    "otherExpenses": 0,
    "operatingExpenses": 116400000,
    "costAndExpenses": 472500000,
    "interestIncome": 0,
    "interestExpense": 0,
    "depreciationAndAmortization": 16400000,
    "ebitda": 67500000,
    "ebitdaratio": 0.1289152024,
    "operatingIncome": 51100000,
    "operatingIncomeRatio": 0.0975935829,
    "totalOtherIncomeExpensesNet": 4600000,
    "incomeBeforeTax": 55700000,
    "incomeBeforeTaxRatio": 0.1063789152,
    "incomeTaxExpense": 26200000,
    "netIncome": 28200000,
    "netIncomeRatio": 0.0538579068,
    "eps": 0.37,
    "epsdiluted": 0.34,
    "weightedAverageShsOut": 76848485,
    "weightedAverageShsOutDil": 82605042,
    "link": "https://www.sec.gov/Archives/edgar/data/77360/000007736098000006/0000077360-98-000006-index.html",
    "finalLink": "https://www.sec.gov/Archives/edgar/data/77360/"
  },
  {
    "date": "1997-09-30",
    "symbol": "PNR",
    "reportedCurrency": "USD",
    "cik": "0000077360",
    "fillingDate": "1997-11-13",
    "acceptedDate": "1997-11-13 00:00:00",
    "calendarYear": "1997",
    "period": "Q3",
    "revenue": 482100000,
    "costOfRevenue": 323200000,
    "grossProfit": 158900000,
    "grossProfitRatio": 0.3295996681,
    "researchAndDevelopmentExpenses": 0,
    "generalAndAdministrativeExpenses": 0,
    "sellingAndMarketingExpenses": 0,
    "sellingGeneralAndAdministrativeExpenses": 99500000,
    "otherExpenses": 0,
    "operatingExpenses": 116100000,
    "costAndExpenses": 439300000,
    "interestIncome": 0,
    "interestExpense": 0,
    "depreciationAndAmortization": 16600000,
    "ebitda": 59400000,
    "ebitdaratio": 0.1232109521,
    "operatingIncome": 42800000,
    "operatingIncomeRatio": 0.0887782618,
    "totalOtherIncomeExpensesNet": -6100000,
    "incomeBeforeTax": 36700000,
    "incomeBeforeTaxRatio": 0.0761252852,
    "incomeTaxExpense": 14500000,
    "netIncome": 21000000,
    "netIncomeRatio": 0.0435594275,
    "eps": 0.28,
    "epsdiluted": 0.26,
    "weightedAverageShsOut": 76363636,
    "weightedAverageShsOutDil": 82352941,
    "link": "https://www.sec.gov/Archives/edgar/data/77360/000007736097000020/0000077360-97-000020-index.html",
    "finalLink": "https://www.sec.gov/Archives/edgar/data/77360/"
  },
  {
    "date": "1997-06-30",
    "symbol": "PNR",
    "reportedCurrency": "USD",
    "cik": "0000077360",
    "fillingDate": "1997-08-12",
    "acceptedDate": "1997-08-12 00:00:00",
    "calendarYear": "1997",
    "period": "Q2",
    "revenue": 422300000,
    "costOfRevenue": 275900000,
    "grossProfit": 146400000,
    "grossProfitRatio": 0.3466729813,
    "researchAndDevelopmentExpenses": 0,
    "generalAndAdministrativeExpenses": 0,
    "sellingAndMarketingExpenses": 0,
    "sellingGeneralAndAdministrativeExpenses": 90400000,
    "otherExpenses": 0,
    "operatingExpenses": 107900000,
    "costAndExpenses": 383800000,
    "interestIncome": 0,
    "interestExpense": 0,
    "depreciationAndAmortization": 17500000,
    "ebitda": 56000000,
    "ebitdaratio": 0.1326071513,
    "operatingIncome": 38500000,
    "operatingIncomeRatio": 0.0911674165,
    "totalOtherIncomeExpensesNet": -4900000,
    "incomeBeforeTax": 33600000,
    "incomeBeforeTaxRatio": 0.0795642908,
    "incomeTaxExpense": 13100000,
    "netIncome": 19300000,
    "netIncomeRatio": 0.0457021075,
    "eps": 0.26,
    "epsdiluted": 0.24,
    "weightedAverageShsOut": 75686275,
    "weightedAverageShsOutDil": 82127660,
    "link": "https://www.sec.gov/Archives/edgar/data/77360/000007736097000013/0000077360-97-000013-index.html",
    "finalLink": "https://www.sec.gov/Archives/edgar/data/77360/"
  },
  {
    "date": "1997-03-31",
    "symbol": "PNR",
    "reportedCurrency": "USD",
    "cik": "0000077360",
    "fillingDate": "1997-05-14",
    "acceptedDate": "1997-05-14 00:00:00",
    "calendarYear": "1997",
    "period": "Q1",
    "revenue": 411100000,
    "costOfRevenue": 267900000,
    "grossProfit": 143200000,
    "grossProfitRatio": 0.3483337387,
    "researchAndDevelopmentExpenses": 0,
    "generalAndAdministrativeExpenses": 0,
    "sellingAndMarketingExpenses": 0,
    "sellingGeneralAndAdministrativeExpenses": 88500000,
    "otherExpenses": 0,
    "operatingExpenses": 105800000,
    "costAndExpenses": 373700000,
    "interestIncome": 0,
    "interestExpense": 0,
    "depreciationAndAmortization": 17300000,
    "ebitda": 54700000,
    "ebitdaratio": 0.1330576502,
    "operatingIncome": 37400000,
    "operatingIncomeRatio": 0.0909754318,
    "totalOtherIncomeExpensesNet": -5100000,
    "incomeBeforeTax": 32300000,
    "incomeBeforeTaxRatio": 0.0785696911,
    "incomeTaxExpense": 12900000,
    "netIncome": 18200000,
    "netIncomeRatio": 0.0442714668,
    "eps": 0.24,
    "epsdiluted": 0.22,
    "weightedAverageShsOut": 75451833,
    "weightedAverageShsOutDil": 81296388,
    "link": "https://www.sec.gov/Archives/edgar/data/77360/000007736097000009/0000077360-97-000009-index.html",
    "finalLink": "https://www.sec.gov/Archives/edgar/data/77360/"
  },
  {
    "date": "1996-12-31",
    "symbol": "PNR",
    "reportedCurrency": "USD",
    "cik": "0000077360",
    "fillingDate": "1997-03-31",
    "acceptedDate": "1997-03-31 00:00:00",
    "calendarYear": "1996",
    "period": "Q4",
    "revenue": 426900000,
    "costOfRevenue": 280000000,
    "grossProfit": 146900000,
    "grossProfitRatio": 0.3441086906,
    "researchAndDevelopmentExpenses": 0,
    "generalAndAdministrativeExpenses": 0,
    "sellingAndMarketingExpenses": 0,
    "sellingGeneralAndAdministrativeExpenses": 74500000,
    "otherExpenses": 0,
    "operatingExpenses": 105100000,
    "costAndExpenses": 385100000,
    "interestIncome": 0,
    "interestExpense": 0,
    "depreciationAndAmortization": 15100000,
    "ebitda": 56900000,
    "ebitdaratio": 0.133286484,
    "operatingIncome": 41800000,
    "operatingIncomeRatio": 0.0979152026,
    "totalOtherIncomeExpensesNet": -4500000,
    "incomeBeforeTax": 37300000,
    "incomeBeforeTaxRatio": 0.0873740923,
    "incomeTaxExpense": 15000000,
    "netIncome": 21200000,
    "netIncomeRatio": 0.049660342,
    "eps": 0.28,
    "epsdiluted": 0.26,
    "weightedAverageShsOut": 75451833,
    "weightedAverageShsOutDil": 81296388,
    "link": "https://www.sec.gov/Archives/edgar/data/77360/000007736097000007/0000077360-97-000007-index.html",
    "finalLink": "https://www.sec.gov/Archives/edgar/data/77360/"
  },
  {
    "date": "1996-09-30",
    "symbol": "PNR",
    "reportedCurrency": "USD",
    "cik": "0000077360",
    "fillingDate": "1996-10-30",
    "acceptedDate": "1996-10-30 00:00:00",
    "calendarYear": "1996",
    "period": "Q3",
    "revenue": 411000000,
    "costOfRevenue": 280100000,
    "grossProfit": 130900000,
    "grossProfitRatio": 0.3184914842,
    "researchAndDevelopmentExpenses": 0,
    "generalAndAdministrativeExpenses": 0,
    "sellingAndMarketingExpenses": 0,
    "sellingGeneralAndAdministrativeExpenses": 80400000,
    "otherExpenses": 0,
    "operatingExpenses": 95300000,
    "costAndExpenses": 375400000,
    "interestIncome": 0,
    "interestExpense": 0,
    "depreciationAndAmortization": 14900000,
    "ebitda": 50500000,
    "ebitdaratio": 0.1228710462,
    "operatingIncome": 35600000,
    "operatingIncomeRatio": 0.0866180049,
    "totalOtherIncomeExpensesNet": -4500000,
    "incomeBeforeTax": 31100000,
    "incomeBeforeTaxRatio": 0.0756690998,
    "incomeTaxExpense": 12500000,
    "netIncome": 17300000,
    "netIncomeRatio": 0.0420924574,
    "eps": 0.23,
    "epsdiluted": 0.22,
    "weightedAverageShsOut": 75217391,
    "weightedAverageShsOutDil": 80465116,
    "link": "https://www.sec.gov/Archives/edgar/data/77360/000007736096000037/0000077360-96-000037-index.html",
    "finalLink": "https://www.sec.gov/Archives/edgar/data/77360/"
  },
  {
    "date": "1996-06-30",
    "symbol": "PNR",
    "reportedCurrency": "USD",
    "cik": "0000077360",
    "fillingDate": "1996-08-09",
    "acceptedDate": "1996-08-09 00:00:00",
    "calendarYear": "1996",
    "period": "Q2",
    "revenue": 362900000,
    "costOfRevenue": 241500000,
    "grossProfit": 121400000,
    "grossProfitRatio": 0.334527418,
    "researchAndDevelopmentExpenses": 0,
    "generalAndAdministrativeExpenses": 0,
    "sellingAndMarketingExpenses": 0,
    "sellingGeneralAndAdministrativeExpenses": 73600000,
    "otherExpenses": 0,
    "operatingExpenses": 88500000,
    "costAndExpenses": 330000000,
    "interestIncome": 0,
    "interestExpense": 0,
    "depreciationAndAmortization": 14900000,
    "ebitda": 47800000,
    "ebitdaratio": 0.1317167264,
    "operatingIncome": 32900000,
    "operatingIncomeRatio": 0.0906585836,
    "totalOtherIncomeExpensesNet": -4700000,
    "incomeBeforeTax": 28200000,
    "incomeBeforeTaxRatio": 0.0777073574,
    "incomeTaxExpense": 11100000,
    "netIncome": 15800000,
    "netIncomeRatio": 0.0435381648,
    "eps": 0.21,
    "epsdiluted": 0.2,
    "weightedAverageShsOut": 75238095,
    "weightedAverageShsOutDil": 79000000,
    "link": "https://www.sec.gov/Archives/edgar/data/77360/000007736096000033/0000077360-96-000033-index.html",
    "finalLink": "https://www.sec.gov/Archives/edgar/data/77360/"
  },
  {
    "date": "1996-03-31",
    "symbol": "PNR",
    "reportedCurrency": "USD",
    "cik": "0000077360",
    "fillingDate": "1996-05-14",
    "acceptedDate": "1996-05-14 00:00:00",
    "calendarYear": "1996",
    "period": "Q1",
    "revenue": 366300000,
    "costOfRevenue": 237000000,
    "grossProfit": 129300000,
    "grossProfitRatio": 0.352989353,
    "researchAndDevelopmentExpenses": 0,
    "generalAndAdministrativeExpenses": 0,
    "sellingAndMarketingExpenses": 0,
    "sellingGeneralAndAdministrativeExpenses": 82100000,
    "otherExpenses": 0,
    "operatingExpenses": 96700000,
    "costAndExpenses": 333700000,
    "interestIncome": 0,
    "interestExpense": 0,
    "depreciationAndAmortization": 14600000,
    "ebitda": 47200000,
    "ebitdaratio": 0.1288561289,
    "operatingIncome": 32600000,
    "operatingIncomeRatio": 0.088998089,
    "totalOtherIncomeExpensesNet": -4600000,
    "incomeBeforeTax": 28000000,
    "incomeBeforeTaxRatio": 0.0764400764,
    "incomeTaxExpense": 11500000,
    "netIncome": 15200000,
    "netIncomeRatio": 0.0414960415,
    "eps": 0.2,
    "epsdiluted": 0.19,
    "weightedAverageShsOut": 74666028,
    "weightedAverageShsOutDil": 79212230,
    "link": "https://www.sec.gov/Archives/edgar/data/77360/000007736096000030/0000077360-96-000030-index.html",
    "finalLink": "https://www.sec.gov/Archives/edgar/data/77360/"
  },
  {
    "date": "1995-12-31",
    "symbol": "PNR",
    "reportedCurrency": "USD",
    "cik": "0000077360",
    "fillingDate": "1996-03-27",
    "acceptedDate": "1996-03-27 00:00:00",
    "calendarYear": "1995",
    "period": "Q4",
    "revenue": 377500000,
    "costOfRevenue": 256100000,
    "grossProfit": 121400000,
    "grossProfitRatio": 0.321589404,
    "researchAndDevelopmentExpenses": 0,
    "generalAndAdministrativeExpenses": 0,
    "sellingAndMarketingExpenses": 0,
    "sellingGeneralAndAdministrativeExpenses": 62700000,
    "otherExpenses": 0,
    "operatingExpenses": 89200000,
    "costAndExpenses": 345300000,
    "interestIncome": 0,
    "interestExpense": 0,
    "depreciationAndAmortization": 13100000,
    "ebitda": 45300000,
    "ebitdaratio": 0.12,
    "operatingIncome": 32200000,
    "operatingIncomeRatio": 0.0852980132,
    "totalOtherIncomeExpensesNet": -2000000,
    "incomeBeforeTax": 30200000,
    "incomeBeforeTaxRatio": 0.08,
    "incomeTaxExpense": 12200000,
    "netIncome": 16800000,
    "netIncomeRatio": 0.0445033113,
    "eps": 0.24,
    "epsdiluted": 0.21,
    "weightedAverageShsOut": 74093960,
    "weightedAverageShsOutDil": 79424460,
    "link": "https://www.sec.gov/Archives/edgar/data/77360/000007736096000028/0000077360-96-000028-index.html",
    "finalLink": "https://www.sec.gov/Archives/edgar/data/77360/"
  },
  {
    "date": "1995-09-30",
    "symbol": "PNR",
    "reportedCurrency": "USD",
    "cik": "0000077360",
    "fillingDate": "1995-11-13",
    "acceptedDate": "1995-11-13 00:00:00",
    "calendarYear": "1995",
    "period": "Q3",
    "revenue": 353300000,
    "costOfRevenue": 246400000,
    "grossProfit": 106900000,
    "grossProfitRatio": 0.3025757147,
    "researchAndDevelopmentExpenses": 0,
    "generalAndAdministrativeExpenses": 0,
    "sellingAndMarketingExpenses": 0,
    "sellingGeneralAndAdministrativeExpenses": 69800000,
    "otherExpenses": 0,
    "operatingExpenses": 78800000,
    "costAndExpenses": 325200000,
    "interestIncome": 0,
    "interestExpense": 0,
    "depreciationAndAmortization": 12100000,
    "ebitda": 40200000,
    "ebitdaratio": 0.1137843193,
    "operatingIncome": 28100000,
    "operatingIncomeRatio": 0.0795358053,
    "totalOtherIncomeExpensesNet": -2600000,
    "incomeBeforeTax": 25500000,
    "incomeBeforeTaxRatio": 0.0721766204,
    "incomeTaxExpense": 10200000,
    "netIncome": 14000000,
    "netIncomeRatio": 0.0396263798,
    "eps": 0.19,
    "epsdiluted": 0.18,
    "weightedAverageShsOut": 73684211,
    "weightedAverageShsOutDil": 77777778,
    "link": "https://www.sec.gov/Archives/edgar/data/77360/000007736095000039/0000077360-95-000039-index.html",
    "finalLink": "https://www.sec.gov/Archives/edgar/data/77360/"
  }
]