[
  {
    "date": "2024-12-31",
    "symbol": "PNR",
    "reportedCurrency": "USD",
    "cik": "0000077360",
    "fillingDate": "2025-02-25",
    "acceptedDate": "2025-02-25 16:39:46",
    "calendarYear": "2024",
    "period": "FY",
    "revenue": 4082800000,
    "costOfRevenue": 2484000000,
    "grossProfit": 1598800000,
    "grossProfitRatio": 0.3915940041,
    "researchAndDevelopmentExpenses": 93600000,
    "generalAndAdministrativeExpenses": 608700000,
    "sellingAndMarketingExpenses": 0,
    "sellingGeneralAndAdministrativeExpenses": 608700000,
    "otherExpenses": 92700000,
    "operatingExpenses": 795000000,
    "costAndExpenses": 3279000000,
    "interestIncome": 0,
    "interestExpense": 88600000,
    "depreciationAndAmortization": 114600000,
    "ebitda": 922100000,
    "ebitdaratio": 0.2258499069,
    "operatingIncome": 803800000,
    "operatingIncomeRatio": 0.1968746938,
    "totalOtherIncomeExpensesNet": -84900000,
    "incomeBeforeTax": 718900000,
    "incomeBeforeTaxRatio": 0.1760801411,
    "incomeTaxExpense": 93300000,
    "netIncome": 625400000,
    "netIncomeRatio": 0.1531791908,
    "eps": 3.78,
    "epsdiluted": 3.74,
    "weightedAverageShsOut": 167100000,
    "weightedAverageShsOutDil": 167100000,
    "link": "https://www.sec.gov/Archives/edgar/data/77360/000007736025000006/0000077360-25-000006-index.htm",
    "finalLink": "https://www.sec.gov/Archives/edgar/data/77360/000007736025000006/pnr-20241231.htm"
  },
  {
    "date": "2023-12-31",
    "symbol": "PNR",
    "reportedCurrency": "USD",
    "cik": "0000077360",
    "fillingDate": "2024-02-20",
    "acceptedDate": "2024-02-20 16:57:46",
    "calendarYear": "2023",
    "period": "FY",
    "revenue": 4104500000,
    "costOfRevenue": 2585300000,
    "grossProfit": 1519200000,
    "grossProfitRatio": 0.3701303447,
    "researchAndDevelopmentExpenses": 99800000,
    "generalAndAdministrativeExpenses": 0,
    "sellingAndMarketingExpenses": 0,
    "sellingGeneralAndAdministrativeExpenses": 680200000,
    "otherExpenses": 0,
    "operatingExpenses": 780000000,
    "costAndExpenses": 3365300000,
    "interestIncome": 0,
    "interestExpense": 118300000,
    "depreciationAndAmortization": 114800000,
    "ebitda": 852000000,
    "ebitdaratio": 0.2075770496,
    "operatingIncome": 739200000,
    "operatingIncomeRatio": 0.1800950177,
    "totalOtherIncomeExpensesNet": -120300000,
    "incomeBeforeTax": 618900000,
    "incomeBeforeTaxRatio": 0.150785723,
    "incomeTaxExpense": -4000000,
    "netIncome": 622700000,
    "netIncomeRatio": 0.1517115361,
    "eps": 3.77,
    "epsdiluted": 3.74,
    "weightedAverageShsOut": 165100000,
    "weightedAverageShsOutDil": 166300000,
    "link": "https://www.sec.gov/Archives/edgar/data/77360/000007736024000007/0000077360-24-000007-index.htm",
    "finalLink": "https://www.sec.gov/Archives/edgar/data/77360/000007736024000007/pnr-20231231.htm"
  },
  {
    "date": "2022-12-31",
    "symbol": "PNR",
    "reportedCurrency": "USD",
    "cik": "0000077360",
    "fillingDate": "2023-02-21",
    "acceptedDate": "2023-02-21 16:47:26",
    "calendarYear": "2022",
    "period": "FY",
    "revenue": 4121800000,
    "costOfRevenue": 2757200000,
    "grossProfit": 1364600000,
    "grossProfitRatio": 0.3310689505,
    "researchAndDevelopmentExpenses": 92200000,
    "generalAndAdministrativeExpenses": 0,
    "sellingAndMarketingExpenses": 0,
    "sellingGeneralAndAdministrativeExpenses": 677100000,
    "otherExpenses": 0,
    "operatingExpenses": 769300000,
    "costAndExpenses": 3526500000,
    "interestIncome": 0,
    "interestExpense": 61800000,
    "depreciationAndAmortization": 106600000,
    "ebitda": 719000000,
    "ebitdaratio": 0.1744383522,
    "operatingIncome": 595300000,
    "operatingIncomeRatio": 0.144427192,
    "totalOtherIncomeExpensesNet": -44700000,
    "incomeBeforeTax": 550600000,
    "incomeBeforeTaxRatio": 0.1335824154,
    "incomeTaxExpense": 67400000,
    "netIncome": 480900000,
    "netIncomeRatio": 0.1166723276,
    "eps": 2.92,
    "epsdiluted": 2.9,
    "weightedAverageShsOut": 164800000,
    "weightedAverageShsOutDil": 165600000,
    "link": "https://www.sec.gov/Archives/edgar/data/77360/000007736023000006/0000077360-23-000006-index.htm",
    "finalLink": "https://www.sec.gov/Archives/edgar/data/77360/000007736023000006/pnr-20221231.htm"
  },
  {
    "date": "2021-12-31",
    "symbol": "PNR",
    "reportedCurrency": "USD",
    "cik": "0000077360",
    "fillingDate": "2022-02-22",
    "acceptedDate": "2022-02-22 16:36:56",
    "calendarYear": "2021",
    "period": "FY",
    "revenue": 3764800000,
    "costOfRevenue": 2445600000,
    "grossProfit": 1319200000,
    "grossProfitRatio": 0.3504037399,
    "researchAndDevelopmentExpenses": 85900000,
    "generalAndAdministrativeExpenses": 0,
    "sellingAndMarketingExpenses": 0,
    "sellingGeneralAndAdministrativeExpenses": 596400000,
    "otherExpenses": 0,
    "operatingExpenses": 682300000,
    "costAndExpenses": 3127900000,
    "interestIncome": 0,
    "interestExpense": 12500000,
    "depreciationAndAmortization": 77500000,
    "ebitda": 716800000,
    "ebitdaratio": 0.1903952401,
    "operatingIncome": 636900000,
    "operatingIncomeRatio": 0.1691723332,
    "totalOtherIncomeExpensesNet": -10100000,
    "incomeBeforeTax": 626800000,
    "incomeBeforeTaxRatio": 0.1664895878,
    "incomeTaxExpense": 70800000,
    "netIncome": 553000000,
    "netIncomeRatio": 0.1468869528,
    "eps": 3.34,
    "epsdiluted": 3.3,
    "weightedAverageShsOut": 165800000,
    "weightedAverageShsOutDil": 167500000,
    "link": "https://www.sec.gov/Archives/edgar/data/77360/000007736022000006/0000077360-22-000006-index.htm",
    "finalLink": "https://www.sec.gov/Archives/edgar/data/77360/000007736022000006/pnr-20211231.htm"
  },
  {
    "date": "2020-12-31",
    "symbol": "PNR",
    "reportedCurrency": "USD",
    "cik": "0000077360",
    "fillingDate": "2021-02-16",
    "acceptedDate": "2021-02-16 16:38:57",
    "calendarYear": "2020",
    "period": "FY",
    "revenue": 3017800000,
    "costOfRevenue": 1960200000,
    "grossProfit": 1057600000,
    "grossProfitRatio": 0.3504539731,
    "researchAndDevelopmentExpenses": 75700000,
    "generalAndAdministrativeExpenses": 0,
    "sellingAndMarketingExpenses": 0,
    "sellingGeneralAndAdministrativeExpenses": 520500000,
    "otherExpenses": 0,
    "operatingExpenses": 596200000,
    "costAndExpenses": 2556400000,
    "interestIncome": 0,
    "interestExpense": 23900000,
    "depreciationAndAmortization": 75100000,
    "ebitda": 531100000,
    "ebitdaratio": 0.1759891312,
    "operatingIncome": 461400000,
    "operatingIncomeRatio": 0.1528928358,
    "totalOtherIncomeExpensesNet": -29300000,
    "incomeBeforeTax": 432100000,
    "incomeBeforeTaxRatio": 0.1431837763,
    "incomeTaxExpense": 75000000,
    "netIncome": 358600000,
    "netIncomeRatio": 0.1188282855,
    "eps": 2.15,
    "epsdiluted": 2.14,
    "weightedAverageShsOut": 166500000,
    "weightedAverageShsOutDil": 167400000,
    "link": "https://www.sec.gov/Archives/edgar/data/77360/000007736021000005/0000077360-21-000005-index.htm",
    "finalLink": "https://www.sec.gov/Archives/edgar/data/77360/000007736021000005/pnr-20201231.htm"
  },
  {
    "date": "2019-12-31",
    "symbol": "PNR",
    "reportedCurrency": "USD",
    "cik": "0000077360",
    "fillingDate": "2020-02-25",
    "acceptedDate": "2020-02-25 17:23:48",
    "calendarYear": "2019",
    "period": "FY",
    "revenue": 2957200000,
    "costOfRevenue": 1905700000,
    "grossProfit": 1051500000,
    "grossProfitRatio": 0.3555728392,
    "researchAndDevelopmentExpenses": 78900000,
    "generalAndAdministrativeExpenses": 0,
    "sellingAndMarketingExpenses": 0,
    "sellingGeneralAndAdministrativeExpenses": 540100000,
    "otherExpenses": 2900000,
    "operatingExpenses": 619000000,
    "costAndExpenses": 2524700000,
    "interestIncome": 0,
    "interestExpense": 30100000,
    "depreciationAndAmortization": 80000000,
    "ebitda": 513200000,
    "ebitdaratio": 0.1735425402,
    "operatingIncome": 432500000,
    "operatingIncomeRatio": 0.1462532125,
    "totalOtherIncomeExpensesNet": -25000000,
    "incomeBeforeTax": 407500000,
    "incomeBeforeTaxRatio": 0.1377992696,
    "incomeTaxExpense": 45800000,
    "netIncome": 355700000,
    "netIncomeRatio": 0.1202826999,
    "eps": 2.1,
    "epsdiluted": 2.09,
    "weightedAverageShsOut": 169400000,
    "weightedAverageShsOutDil": 170400000,
    "link": "https://www.sec.gov/Archives/edgar/data/77360/000007736020000006/0000077360-20-000006-index.htm",
    "finalLink": "https://www.sec.gov/Archives/edgar/data/77360/000007736020000006/a2019pnr-10k.htm"
  },
  {
    "date": "2018-12-31",
    "symbol": "PNR",
    "reportedCurrency": "USD",
    "cik": "0000077360",
    "fillingDate": "2019-02-19",
    "acceptedDate": "2019-02-19 16:51:28",
    "calendarYear": "2018",
    "period": "FY",
    "revenue": 2965100000,
    "costOfRevenue": 1917400000,
    "grossProfit": 1047700000,
    "grossProfitRatio": 0.3533439007,
    "researchAndDevelopmentExpenses": 76700000,
    "generalAndAdministrativeExpenses": 0,
    "sellingAndMarketingExpenses": 0,
    "sellingGeneralAndAdministrativeExpenses": 534300000,
    "otherExpenses": 100000,
    "operatingExpenses": 611000000,
    "costAndExpenses": 2528400000,
    "interestIncome": 0,
    "interestExpense": 32600000,
    "depreciationAndAmortization": 84600000,
    "ebitda": 552800000,
    "ebitdaratio": 0.1864355334,
    "operatingIncome": 436700000,
    "operatingIncomeRatio": 0.1472800243,
    "totalOtherIncomeExpensesNet": -56900000,
    "incomeBeforeTax": 379800000,
    "incomeBeforeTaxRatio": 0.128090115,
    "incomeTaxExpense": 58100000,
    "netIncome": 347400000,
    "netIncomeRatio": 0.1171629962,
    "eps": 1.98,
    "epsdiluted": 1.96,
    "weightedAverageShsOut": 175800000,
    "weightedAverageShsOutDil": 177300000,
    "link": "https://www.sec.gov/Archives/edgar/data/77360/000007736019000006/0000077360-19-000006-index.htm",
    "finalLink": "https://www.sec.gov/Archives/edgar/data/77360/000007736019000006/a2018pnr-10k.htm"
  },
  {
    "date": "2017-12-31",
    "symbol": "PNR",
    "reportedCurrency": "USD",
    "cik": "0000077360",
    "fillingDate": "2018-02-27",
    "acceptedDate": "2018-02-27 16:39:28",
    "calendarYear": "2017",
    "period": "FY",
    "revenue": 4936500000,
    "costOfRevenue": 3107400000,
    "grossProfit": 1829100000,
    "grossProfitRatio": 0.3705256761,
    "researchAndDevelopmentExpenses": 115800000,
    "generalAndAdministrativeExpenses": 0,
    "sellingAndMarketingExpenses": 0,
    "sellingGeneralAndAdministrativeExpenses": 1032500000,
    "otherExpenses": 0,
    "operatingExpenses": 1148300000,
    "costAndExpenses": 4255700000,
    "interestIncome": 9900000,
    "interestExpense": 87300000,
    "depreciationAndAmortization": 87200000,
    "ebitda": 488600000,
    "ebitdaratio": 0.098977008,
    "operatingIncome": 680800000,
    "operatingIncomeRatio": 0.1379114757,
    "totalOtherIncomeExpensesNet": -205500000,
    "incomeBeforeTax": 489200000,
    "incomeBeforeTaxRatio": 0.0990985516,
    "incomeTaxExpense": 9200000,
    "netIncome": 666500000,
    "netIncomeRatio": 0.1350146865,
    "eps": 3.67,
    "epsdiluted": 3.63,
    "weightedAverageShsOut": 181700000,
    "weightedAverageShsOutDil": 183700000,
    "link": "https://www.sec.gov/Archives/edgar/data/77360/000007736018000007/0000077360-18-000007-index.htm",
    "finalLink": "https://www.sec.gov/Archives/edgar/data/77360/000007736018000007/a2017pnr-10k.htm"
  },
  {
    "date": "2016-12-31",
    "symbol": "PNR",
    "reportedCurrency": "USD",
    "cik": "0000077360",
    "fillingDate": "2017-02-21",
    "acceptedDate": "2017-02-21 13:25:02",
    "calendarYear": "2016",
    "period": "FY",
    "revenue": 4890000000,
    "costOfRevenue": 3095900000,
    "grossProfit": 1794100000,
    "grossProfitRatio": 0.3668916155,
    "researchAndDevelopmentExpenses": 114100000,
    "generalAndAdministrativeExpenses": 0,
    "sellingAndMarketingExpenses": 0,
    "sellingGeneralAndAdministrativeExpenses": 979300000,
    "otherExpenses": 0,
    "operatingExpenses": 1093400000,
    "costAndExpenses": 4189300000,
    "interestIncome": 8300000,
    "interestExpense": 148400000,
    "depreciationAndAmortization": 181000000,
    "ebitda": 890400000,
    "ebitdaratio": 0.1820858896,
    "operatingIncome": 700700000,
    "operatingIncomeRatio": 0.1432924335,
    "totalOtherIncomeExpensesNet": -139700000,
    "incomeBeforeTax": 561000000,
    "incomeBeforeTaxRatio": 0.1147239264,
    "incomeTaxExpense": 109400000,
    "netIncome": 522200000,
    "netIncomeRatio": 0.1067893661,
    "eps": 2.88,
    "epsdiluted": 2.85,
    "weightedAverageShsOut": 181300000,
    "weightedAverageShsOutDil": 183100000,
    "link": "https://www.sec.gov/Archives/edgar/data/77360/000007736017000008/0000077360-17-000008-index.htm",
    "finalLink": "https://www.sec.gov/Archives/edgar/data/77360/000007736017000008/a2016pnr-10k.htm"
  },
  {
    "date": "2015-12-31",
    "symbol": "PNR",
    "reportedCurrency": "USD",
    "cik": "0000077360",
    "fillingDate": "2016-02-26",
    "acceptedDate": "2016-02-26 08:31:35",
    "calendarYear": "2015",
    "period": "FY",
    "revenue": 6449000000,
    "costOfRevenue": 4263200000,
    "grossProfit": 2185800000,
    "grossProfitRatio": 0.3389362692,
    "researchAndDevelopmentExpenses": 119600000,
    "generalAndAdministrativeExpenses": 0,
    "sellingAndMarketingExpenses": 0,
    "sellingGeneralAndAdministrativeExpenses": 1334300000,
    "otherExpenses": 0,
    "operatingExpenses": 1453900000,
    "costAndExpenses": 5717100000,
    "interestIncome": 4700000,
    "interestExpense": 106600000,
    "depreciationAndAmortization": 260900000,
    "ebitda": 842400000,
    "ebitdaratio": 0.1306249031,
    "operatingIncome": 731900000,
    "operatingIncomeRatio": 0.1134904636,
    "totalOtherIncomeExpensesNet": -103600000,
    "incomeBeforeTax": 628800000,
    "incomeBeforeTaxRatio": 0.0975034889,
    "incomeTaxExpense": 148300000,
    "netIncome": 469100000,
    "netIncomeRatio": 0.0727399597,
    "eps": 2.6,
    "epsdiluted": 2.57,
    "weightedAverageShsOut": 180300000,
    "weightedAverageShsOutDil": 182600000,
    "link": "https://www.sec.gov/Archives/edgar/data/77360/000007736016000058/0000077360-16-000058-index.htm",
    "finalLink": "https://www.sec.gov/Archives/edgar/data/77360/000007736016000058/pnr-20151231x10k.htm"
  },
  {
    "date": "2014-12-31",
    "symbol": "PNR",
    "reportedCurrency": "USD",
    "cik": "0000077360",
    "fillingDate": "2015-02-24",
    "acceptedDate": "2015-02-24 16:12:30",
    "calendarYear": "2014",
    "period": "FY",
    "revenue": 7039000000,
    "costOfRevenue": 4563000000,
    "grossProfit": 2476000000,
    "grossProfitRatio": 0.3517545106,
    "researchAndDevelopmentExpenses": 117300000,
    "generalAndAdministrativeExpenses": 0,
    "sellingAndMarketingExpenses": 0,
    "sellingGeneralAndAdministrativeExpenses": 1493800000,
    "otherExpenses": 0,
    "operatingExpenses": 1611100000,
    "costAndExpenses": 6174100000,
    "interestIncome": 2300000,
    "interestExpense": 70900000,
    "depreciationAndAmortization": 252700000,
    "ebitda": 1109300000,
    "ebitdaratio": 0.1575934082,
    "operatingIncome": 864900000,
    "operatingIncomeRatio": 0.1228725671,
    "totalOtherIncomeExpensesNet": -67600000,
    "incomeBeforeTax": 797300000,
    "incomeBeforeTaxRatio": 0.1132689302,
    "incomeTaxExpense": 182300000,
    "netIncome": 222900000,
    "netIncomeRatio": 0.0316664299,
    "eps": 1.17,
    "epsdiluted": 1.15,
    "weightedAverageShsOut": 190600000,
    "weightedAverageShsOutDil": 193700000,
    "link": "https://www.sec.gov/Archives/edgar/data/77360/000007736015000007/0000077360-15-000007-index.htm",
    "finalLink": "https://www.sec.gov/Archives/edgar/data/77360/000007736015000007/pnr-20141231x10k.htm"
  },
  {
    "date": "2013-12-31",
    "symbol": "PNR",
    "reportedCurrency": "USD",
    "cik": "0000077360",
    "fillingDate": "2014-02-25",
    "acceptedDate": "2014-02-25 14:06:19",
    "calendarYear": "2013",
    "period": "FY",
    "revenue": 7479700000,
    "costOfRevenue": 5006800000,
    "grossProfit": 2472900000,
    "grossProfitRatio": 0.3306148642,
    "researchAndDevelopmentExpenses": 125800000,
    "generalAndAdministrativeExpenses": 0,
    "sellingAndMarketingExpenses": 0,
    "sellingGeneralAndAdministrativeExpenses": 1562100000,
    "otherExpenses": 0,
    "operatingExpenses": 1687900000,
    "costAndExpenses": 6694700000,
    "interestIncome": 4400000,
    "interestExpense": 75300000,
    "depreciationAndAmortization": 286100000,
    "ebitda": 1218800000,
    "ebitdaratio": 0.1629477118,
    "operatingIncome": 774000000,
    "operatingIncomeRatio": 0.1034800861,
    "totalOtherIncomeExpensesNet": -48100000,
    "incomeBeforeTax": 726400000,
    "incomeBeforeTaxRatio": 0.0971161945,
    "incomeTaxExpense": 183800000,
    "netIncome": 536800000,
    "netIncomeRatio": 0.0717675843,
    "eps": 2.67,
    "epsdiluted": 2.62,
    "weightedAverageShsOut": 201100000,
    "weightedAverageShsOutDil": 204600000,
    "link": "https://www.sec.gov/Archives/edgar/data/77360/000007736014000010/0000077360-14-000010-index.htm",
    "finalLink": "https://www.sec.gov/Archives/edgar/data/77360/000007736014000010/pnr-20131231x10k.htm"
  },
  {
    "date": "2012-12-31",
    "symbol": "PNR",
    "reportedCurrency": "USD",
    "cik": "0000077360",
    "fillingDate": "2013-02-26",
    "acceptedDate": "2013-02-26 16:44:56",
    "calendarYear": "2012",
    "period": "FY",
    "revenue": 4416146000,
    "costOfRevenue": 3146554000,
    "grossProfit": 1269592000,
    "grossProfitRatio": 0.2874886836,
    "researchAndDevelopmentExpenses": 93557000,
    "generalAndAdministrativeExpenses": 0,
    "sellingAndMarketingExpenses": 0,
    "sellingGeneralAndAdministrativeExpenses": 1158436000,
    "otherExpenses": 0,
    "operatingExpenses": 1251993000,
    "costAndExpenses": 4398547000,
    "interestIncome": 2000000,
    "interestExpense": 70200000,
    "depreciationAndAmortization": 163792000,
    "ebitda": 50364000,
    "ebitdaratio": 0.0114045143,
    "operatingIncome": -43119000,
    "operatingIncomeRatio": -0.0097639435,
    "totalOtherIncomeExpensesNet": -102981000,
    "incomeBeforeTax": -183965000,
    "incomeBeforeTaxRatio": -0.0416573637,
    "incomeTaxExpense": -79353000,
    "netIncome": -107186000,
    "netIncomeRatio": -0.0242713896,
    "eps": -0.84,
    "epsdiluted": -0.84,
    "weightedAverageShsOut": 127343750,
    "weightedAverageShsOutDil": 127368000,
    "link": "https://www.sec.gov/Archives/edgar/data/77360/000119312513077034/0001193125-13-077034-index.htm",
    "finalLink": "https://www.sec.gov/Archives/edgar/data/77360/000119312513077034/d446377d10k.htm"
  },
  {
    "date": "2011-12-31",
    "symbol": "PNR",
    "reportedCurrency": "USD",
    "cik": "0000077360",
    "fillingDate": "2012-02-21",
    "acceptedDate": "2012-02-21 16:50:02",
    "calendarYear": "2011",
    "period": "FY",
    "revenue": 3456686000,
    "costOfRevenue": 2382964000,
    "grossProfit": 1073722000,
    "grossProfitRatio": 0.3106217921,
    "researchAndDevelopmentExpenses": 78158000,
    "generalAndAdministrativeExpenses": 0,
    "sellingAndMarketingExpenses": 0,
    "sellingGeneralAndAdministrativeExpenses": 626527000,
    "otherExpenses": 0,
    "operatingExpenses": 704685000,
    "costAndExpenses": 3087649000,
    "interestIncome": 1432000,
    "interestExpense": 58835000,
    "depreciationAndAmortization": 108132000,
    "ebitda": 211665000,
    "ebitdaratio": 0.0612335052,
    "operatingIncome": 168517000,
    "operatingIncomeRatio": 0.0487510292,
    "totalOtherIncomeExpensesNet": -125317000,
    "incomeBeforeTax": 111580000,
    "incomeBeforeTaxRatio": 0.0322794723,
    "incomeTaxExpense": 73059000,
    "netIncome": 34222000,
    "netIncomeRatio": 0.0099002339,
    "eps": 0.35,
    "epsdiluted": 0.34,
    "weightedAverageShsOut": 98233000,
    "weightedAverageShsOutDil": 99753000,
    "link": "https://www.sec.gov/Archives/edgar/data/77360/000119312512070520/0001193125-12-070520-index.htm",
    "finalLink": "https://www.sec.gov/Archives/edgar/data/77360/000119312512070520/d270307d10k.htm"
  },
  {
    "date": "2010-12-31",
    "symbol": "PNR",
    "reportedCurrency": "USD",
    "cik": "0000077360",
    "fillingDate": "2011-02-23",
    "acceptedDate": "2011-02-22 21:47:20",
    "calendarYear": "2010",
    "period": "FY",
    "revenue": 3030773000,
    "costOfRevenue": 2100133000,
    "grossProfit": 930640000,
    "grossProfitRatio": 0.3070635775,
    "researchAndDevelopmentExpenses": 67156000,
    "generalAndAdministrativeExpenses": 529329000,
    "sellingAndMarketingExpenses": 0,
    "sellingGeneralAndAdministrativeExpenses": 529329000,
    "otherExpenses": 0,
    "operatingExpenses": 596485000,
    "costAndExpenses": 2696618000,
    "interestIncome": 1263000,
    "interestExpense": 37379000,
    "depreciationAndAmortization": 84179000,
    "ebitda": 421705000,
    "ebitdaratio": 0.1391410706,
    "operatingIncome": 334155000,
    "operatingIncomeRatio": 0.1102540507,
    "totalOtherIncomeExpensesNet": -34008000,
    "incomeBeforeTax": 300147000,
    "incomeBeforeTaxRatio": 0.0990331509,
    "incomeTaxExpense": 97200000,
    "netIncome": 197828000,
    "netIncomeRatio": 0.0652731168,
    "eps": 2.01,
    "epsdiluted": 1.99,
    "weightedAverageShsOut": 98037000,
    "weightedAverageShsOutDil": 99294000,
    "link": "https://www.sec.gov/Archives/edgar/data/77360/000095012311016702/0000950123-11-016702-index.htm",
    "finalLink": "https://www.sec.gov/Archives/edgar/data/77360/000095012311016702/c62274e10vk.htm"
  },
  {
    "date": "2009-12-31",
    "symbol": "PNR",
    "reportedCurrency": "USD",
    "cik": "0000077360",
    "fillingDate": "2010-02-23",
    "acceptedDate": "2010-02-23 15:10:28",
    "calendarYear": "2009",
    "period": "FY",
    "revenue": 2692468000,
    "costOfRevenue": 1907333000,
    "grossProfit": 785135000,
    "grossProfitRatio": 0.2916042085,
    "researchAndDevelopmentExpenses": 57884000,
    "generalAndAdministrativeExpenses": 0,
    "sellingAndMarketingExpenses": 0,
    "sellingGeneralAndAdministrativeExpenses": 507303000,
    "otherExpenses": 0,
    "operatingExpenses": 565187000,
    "costAndExpenses": 2472520000,
    "interestIncome": 999000,
    "interestExpense": 41118000,
    "depreciationAndAmortization": 105480000,
    "ebitda": 320244000,
    "ebitdaratio": 0.1189406894,
    "operatingIncome": 219948000,
    "operatingIncomeRatio": 0.0816901074,
    "totalOtherIncomeExpensesNet": -47301000,
    "incomeBeforeTax": 172647000,
    "incomeBeforeTaxRatio": 0.0641222106,
    "incomeTaxExpense": 56428000,
    "netIncome": 115493000,
    "netIncomeRatio": 0.0428948459,
    "eps": 1.19,
    "epsdiluted": 1.17,
    "weightedAverageShsOut": 97415000,
    "weightedAverageShsOutDil": 98522000,
    "link": "https://www.sec.gov/Archives/edgar/data/77360/000095012310015693/0000950123-10-015693-index.htm",
    "finalLink": "https://www.sec.gov/Archives/edgar/data/77360/000095012310015693/c56440e10vk.htm"
  },
  {
    "date": "2008-12-31",
    "symbol": "PNR",
    "reportedCurrency": "USD",
    "cik": "0000077360",
    "fillingDate": "2009-02-24",
    "acceptedDate": "2009-02-24 17:18:27",
    "calendarYear": "2008",
    "period": "FY",
    "revenue": 3351976000,
    "costOfRevenue": 2337426000,
    "grossProfit": 1014550000,
    "grossProfitRatio": 0.3026722148,
    "researchAndDevelopmentExpenses": 62450000,
    "generalAndAdministrativeExpenses": 0,
    "sellingAndMarketingExpenses": 0,
    "sellingGeneralAndAdministrativeExpenses": 606980000,
    "otherExpenses": 20435000,
    "operatingExpenses": 689865000,
    "costAndExpenses": 3027291000,
    "interestIncome": 2029000,
    "interestExpense": 61464000,
    "depreciationAndAmortization": 87281000,
    "ebitda": 515885000,
    "ebitdaratio": 0.1539047416,
    "operatingIncome": 324685000,
    "operatingIncomeRatio": 0.0968637604,
    "totalOtherIncomeExpensesNet": 42455000,
    "incomeBeforeTax": 367140000,
    "incomeBeforeTaxRatio": 0.1095294238,
    "incomeTaxExpense": 108344000,
    "netIncome": 228734000,
    "netIncomeRatio": 0.0682385554,
    "eps": 2.34,
    "epsdiluted": 2.31,
    "weightedAverageShsOut": 97887000,
    "weightedAverageShsOutDil": 99068000,
    "link": "https://www.sec.gov/Archives/edgar/data/77360/000095013709001270/0000950137-09-001270-index.htm",
    "finalLink": "https://www.sec.gov/Archives/edgar/data/77360/000095013709001270/c49230e10vk.htm"
  },
  {
    "date": "2007-12-31",
    "symbol": "PNR",
    "reportedCurrency": "USD",
    "cik": "0000077360",
    "fillingDate": "2008-02-26",
    "acceptedDate": "2008-02-26 17:30:37",
    "calendarYear": "2007",
    "period": "FY",
    "revenue": 3398698000,
    "costOfRevenue": 2374048000,
    "grossProfit": 1024650000,
    "grossProfitRatio": 0.3014830974,
    "researchAndDevelopmentExpenses": 58810000,
    "generalAndAdministrativeExpenses": 0,
    "sellingAndMarketingExpenses": 0,
    "sellingGeneralAndAdministrativeExpenses": 587865000,
    "otherExpenses": 0,
    "operatingExpenses": 646675000,
    "costAndExpenses": 3020723000,
    "interestIncome": 1657000,
    "interestExpense": 71894000,
    "depreciationAndAmortization": 84549000,
    "ebitda": 460086000,
    "ebitdaratio": 0.135371251,
    "operatingIncome": 377975000,
    "operatingIncomeRatio": 0.1112117052,
    "totalOtherIncomeExpensesNet": -74332000,
    "incomeBeforeTax": 303643000,
    "incomeBeforeTaxRatio": 0.089340977,
    "incomeTaxExpense": 93154000,
    "netIncome": 210927000,
    "netIncomeRatio": 0.0620611187,
    "eps": 2.14,
    "epsdiluted": 2.11,
    "weightedAverageShsOut": 98762000,
    "weightedAverageShsOutDil": 100205000,
    "link": "https://www.sec.gov/Archives/edgar/data/77360/000095013708002776/0000950137-08-002776-index.htm",
    "finalLink": "https://www.sec.gov/Archives/edgar/data/77360/000095013708002776/c23819e10vk.htm"
  },
  {
    "date": "2006-12-31",
    "symbol": "PNR",
    "reportedCurrency": "USD",
    "cik": "0000077360",
    "fillingDate": "2007-02-26",
    "acceptedDate": "2007-02-26 16:26:05",
    "calendarYear": "2006",
    "period": "FY",
    "revenue": 3154469000,
    "costOfRevenue": 2248219000,
    "grossProfit": 906250000,
    "grossProfitRatio": 0.2872908245,
    "researchAndDevelopmentExpenses": 58055000,
    "generalAndAdministrativeExpenses": 0,
    "sellingAndMarketingExpenses": 0,
    "sellingGeneralAndAdministrativeExpenses": 541209000,
    "otherExpenses": 0,
    "operatingExpenses": 599264000,
    "costAndExpenses": 2847483000,
    "interestIncome": 745000,
    "interestExpense": 52626000,
    "depreciationAndAmortization": 75096000,
    "ebitda": 383191000,
    "ebitdaratio": 0.1214755954,
    "operatingIncome": 306986000,
    "operatingIncomeRatio": 0.0973178053,
    "totalOtherIncomeExpensesNet": -51517000,
    "incomeBeforeTax": 255469000,
    "incomeBeforeTaxRatio": 0.080986372,
    "incomeTaxExpense": 71702000,
    "netIncome": 183731000,
    "netIncomeRatio": 0.0582446681,
    "eps": 1.84,
    "epsdiluted": 1.81,
    "weightedAverageShsOut": 99784000,
    "weightedAverageShsOutDil": 101371000,
    "link": "https://www.sec.gov/Archives/edgar/data/77360/000095013707002780/0000950137-07-002780-index.htm",
    "finalLink": "https://www.sec.gov/Archives/edgar/data/77360/000095013707002780/c12469e10vk.htm"
  },
  {
    "date": "2005-12-31",
    "symbol": "PNR",
    "reportedCurrency": "USD",
    "cik": "0000077360",
    "fillingDate": "2006-03-01",
    "acceptedDate": "2006-02-28 18:07:13",
    "calendarYear": "2005",
    "period": "FY",
    "revenue": 2946579000,
    "costOfRevenue": 2098558000,
    "grossProfit": 848021000,
    "grossProfitRatio": 0.2877984945,
    "researchAndDevelopmentExpenses": 46042000,
    "generalAndAdministrativeExpenses": 0,
    "sellingAndMarketingExpenses": 0,
    "sellingGeneralAndAdministrativeExpenses": 478907000,
    "otherExpenses": 0,
    "operatingExpenses": 524949000,
    "costAndExpenses": 2623507000,
    "interestIncome": 576000,
    "interestExpense": 45565000,
    "depreciationAndAmortization": 72560000,
    "ebitda": 395632000,
    "ebitdaratio": 0.134268248,
    "operatingIncome": 323072000,
    "operatingIncomeRatio": 0.109643081,
    "totalOtherIncomeExpensesNet": -39554000,
    "incomeBeforeTax": 283518000,
    "incomeBeforeTaxRatio": 0.0962193785,
    "incomeTaxExpense": 98469000,
    "netIncome": 185049000,
    "netIncomeRatio": 0.0628013028,
    "eps": 1.84,
    "epsdiluted": 1.8,
    "weightedAverageShsOut": 100665000,
    "weightedAverageShsOutDil": 102618000,
    "link": "https://www.sec.gov/Archives/edgar/data/77360/000095013406003965/0000950134-06-003965-index.htm",
    "finalLink": "https://www.sec.gov/Archives/edgar/data/77360/000095013406003965/c02404e10vk.htm"
  },
  {
    "date": "2004-12-31",
    "symbol": "PNR",
    "reportedCurrency": "USD",
    "cik": "0000077360",
    "fillingDate": "2005-03-11",
    "acceptedDate": "2005-03-11 15:46:24",
    "calendarYear": "2004",
    "period": "FY",
    "revenue": 2278129000,
    "costOfRevenue": 1623419000,
    "grossProfit": 654710000,
    "grossProfitRatio": 0.2873893445,
    "researchAndDevelopmentExpenses": 31453000,
    "generalAndAdministrativeExpenses": 0,
    "sellingAndMarketingExpenses": 0,
    "sellingGeneralAndAdministrativeExpenses": 376015000,
    "otherExpenses": 0,
    "operatingExpenses": 407468000,
    "costAndExpenses": 2030887000,
    "interestIncome": 721000,
    "interestExpense": 37931000,
    "depreciationAndAmortization": 60909000,
    "ebitda": 308151000,
    "ebitdaratio": 0.1352649477,
    "operatingIncome": 247242000,
    "operatingIncomeRatio": 0.1085285337,
    "totalOtherIncomeExpensesNet": -37210000,
    "incomeBeforeTax": 210032000,
    "incomeBeforeTaxRatio": 0.0921949547,
    "incomeTaxExpense": 73008000,
    "netIncome": 171225000,
    "netIncomeRatio": 0.0751603619,
    "eps": 1.72,
    "epsdiluted": 1.68,
    "weightedAverageShsOut": 99316000,
    "weightedAverageShsOutDil": 101706000,
    "link": "https://www.sec.gov/Archives/edgar/data/77360/000119312505047835/0001193125-05-047835-index.htm",
    "finalLink": "https://www.sec.gov/Archives/edgar/data/77360/000119312505047835/d10k.htm"
  },
  {
    "date": "2003-12-31",
    "symbol": "PNR",
    "reportedCurrency": "USD",
    "cik": "0000077360",
    "fillingDate": "2004-03-05",
    "acceptedDate": "2004-03-05 16:33:06",
    "calendarYear": "2003",
    "period": "FY",
    "revenue": 2724365000,
    "costOfRevenue": 2045327000,
    "grossProfit": 679038000,
    "grossProfitRatio": 0.2492463381,
    "researchAndDevelopmentExpenses": 43898000,
    "generalAndAdministrativeExpenses": 0,
    "sellingAndMarketingExpenses": 0,
    "sellingGeneralAndAdministrativeExpenses": 375586000,
    "otherExpenses": 0,
    "operatingExpenses": 419484000,
    "costAndExpenses": 2464811000,
    "interestIncome": 654000,
    "interestExpense": 41590000,
    "depreciationAndAmortization": 65643000,
    "ebitda": 325197000,
    "ebitdaratio": 0.1193661642,
    "operatingIncome": 259554000,
    "operatingIncomeRatio": 0.0952713752,
    "totalOtherIncomeExpensesNet": -40936000,
    "incomeBeforeTax": 218618000,
    "incomeBeforeTaxRatio": 0.0802454884,
    "incomeTaxExpense": 74330000,
    "netIncome": 141352000,
    "netIncomeRatio": 0.0518843841,
    "eps": 1.44,
    "epsdiluted": 1.42,
    "weightedAverageShsOut": 97876000,
    "weightedAverageShsOutDil": 99620000,
    "link": "https://www.sec.gov/Archives/edgar/data/77360/000119312504035574/0001193125-04-035574-index.htm",
    "finalLink": "https://www.sec.gov/Archives/edgar/data/77360/000119312504035574/d10k.htm"
  },
  {
    "date": "2002-12-31",
    "symbol": "PNR",
    "reportedCurrency": "USD",
    "cik": "0000077360",
    "fillingDate": "2003-03-17",
    "acceptedDate": "2003-03-17 12:55:10",
    "calendarYear": "2002",
    "period": "FY",
    "revenue": 2580783000,
    "costOfRevenue": 1965076000,
    "grossProfit": 615707000,
    "grossProfitRatio": 0.2385737197,
    "researchAndDevelopmentExpenses": 36909000,
    "generalAndAdministrativeExpenses": 0,
    "sellingAndMarketingExpenses": 0,
    "sellingGeneralAndAdministrativeExpenses": 342806000,
    "otherExpenses": 0,
    "operatingExpenses": 379715000,
    "costAndExpenses": 2344791000,
    "interestIncome": 793000,
    "interestExpense": 44338000,
    "depreciationAndAmortization": 64702000,
    "ebitda": 300694000,
    "ebitdaratio": 0.1165127018,
    "operatingIncome": 235992000,
    "operatingIncomeRatio": 0.0914420159,
    "totalOtherIncomeExpensesNet": -43545000,
    "incomeBeforeTax": 192447000,
    "incomeBeforeTaxRatio": 0.0745692296,
    "incomeTaxExpense": 62545000,
    "netIncome": 129902000,
    "netIncomeRatio": 0.0503343365,
    "eps": 1.33,
    "epsdiluted": 1.75,
    "weightedAverageShsOut": 98020000,
    "weightedAverageShsOutDil": 74314500,
    "link": "https://www.sec.gov/Archives/edgar/data/77360/000104596903000642/0001045969-03-000642-index.htm",
    "finalLink": "https://www.sec.gov/Archives/edgar/data/77360/000104596903000642/d10k.htm"
  },
  {
    "date": "2001-12-31",
    "symbol": "PNR",
    "reportedCurrency": "USD",
    "cik": "0000077360",
    "fillingDate": "2002-03-19",
    "acceptedDate": "2002-03-19 00:00:00",
    "calendarYear": "2001",
    "period": "FY",
    "revenue": 2615944000,
    "costOfRevenue": 1967945000,
    "grossProfit": 647999000,
    "grossProfitRatio": 0.2477113424,
    "researchAndDevelopmentExpenses": 31171000,
    "generalAndAdministrativeExpenses": 0,
    "sellingAndMarketingExpenses": 0,
    "sellingGeneralAndAdministrativeExpenses": 418962000,
    "otherExpenses": 0,
    "operatingExpenses": 450133000,
    "costAndExpenses": 2418078000,
    "interestIncome": 960000,
    "interestExpense": 62448000,
    "depreciationAndAmortization": 104349000,
    "ebitda": 302215000,
    "ebitdaratio": 0.1155280847,
    "operatingIncome": 157761000,
    "operatingIncomeRatio": 0.0603074836,
    "totalOtherIncomeExpensesNet": -64473000,
    "incomeBeforeTax": 93288000,
    "incomeBeforeTaxRatio": 0.0356613139,
    "incomeTaxExpense": 35772000,
    "netIncome": 32869000,
    "netIncomeRatio": 0.0125648714,
    "eps": 0.34,
    "epsdiluted": 0.44,
    "weightedAverageShsOut": 98020000,
    "weightedAverageShsOutDil": 74314500,
    "link": "https://www.sec.gov/Archives/edgar/data/77360/000104596902000450/0001045969-02-000450-index.htm",
    "finalLink": "https://www.sec.gov/Archives/edgar/data/77360/000104596902000450/d10k405.htm"
  },
  {
    "date": "2000-12-31",
    "symbol": "PNR",
    "reportedCurrency": "USD",
    "cik": "0000077360",
    "fillingDate": "2001-03-19",
    "acceptedDate": "2001-03-19 00:00:00",
    "calendarYear": "2000",
    "period": "FY",
    "revenue": 2748013000,
    "costOfRevenue": 1952487000,
    "grossProfit": 795526000,
    "grossProfitRatio": 0.2894913525,
    "researchAndDevelopmentExpenses": 31191000,
    "generalAndAdministrativeExpenses": 0,
    "sellingAndMarketingExpenses": 0,
    "sellingGeneralAndAdministrativeExpenses": 438488000,
    "otherExpenses": 99028000,
    "operatingExpenses": 568707000,
    "costAndExpenses": 2521194000,
    "interestIncome": 0,
    "interestExpense": 0,
    "depreciationAndAmortization": 99028000,
    "ebitda": 325847000,
    "ebitdaratio": 0.1185754944,
    "operatingIncome": 226819000,
    "operatingIncomeRatio": 0.0825392747,
    "totalOtherIncomeExpensesNet": -99688000,
    "incomeBeforeTax": 127131000,
    "incomeBeforeTaxRatio": 0.0462628816,
    "incomeTaxExpense": 45263000,
    "netIncome": 55887000,
    "netIncomeRatio": 0.02033724,
    "eps": 0.57,
    "epsdiluted": 0.57,
    "weightedAverageShsOut": 97527000,
    "weightedAverageShsOutDil": 97695000,
    "link": "https://www.sec.gov/Archives/edgar/data/77360/000095012401001379/0000950124-01-001379-index.htm",
    "finalLink": "https://www.sec.gov/Archives/edgar/data/77360/000095012401001379/c60900e10-k.txt"
  },
  {
    "date": "1999-12-31",
    "symbol": "PNR",
    "reportedCurrency": "USD",
    "cik": "0000077360",
    "fillingDate": "2000-03-10",
    "acceptedDate": "2000-03-10 00:00:00",
    "calendarYear": "1999",
    "period": "FY",
    "revenue": 2367700000,
    "costOfRevenue": 1544100000,
    "grossProfit": 823600000,
    "grossProfitRatio": 0.3478481227,
    "researchAndDevelopmentExpenses": 27100000,
    "generalAndAdministrativeExpenses": 0,
    "sellingAndMarketingExpenses": 0,
    "sellingGeneralAndAdministrativeExpenses": 455600000,
    "otherExpenses": 88600000,
    "operatingExpenses": 571300000,
    "costAndExpenses": 2115400000,
    "interestIncome": 0,
    "interestExpense": 0,
    "depreciationAndAmortization": 88600000,
    "ebitda": 306842000,
    "ebitdaratio": 0.1295949656,
    "operatingIncome": 252300000,
    "operatingIncomeRatio": 0.106559108,
    "totalOtherIncomeExpensesNet": -66630000,
    "incomeBeforeTax": 166500000,
    "incomeBeforeTaxRatio": 0.070321409,
    "incomeTaxExpense": 63200000,
    "netIncome": 103300000,
    "netIncomeRatio": 0.0436288381,
    "eps": 1.18,
    "epsdiluted": 1.17,
    "weightedAverageShsOut": 84929577,
    "weightedAverageShsOutDil": 86142857,
    "link": "https://www.sec.gov/Archives/edgar/data/77360/000095012400001158/0000950124-00-001158-index.html",
    "finalLink": "https://www.sec.gov/Archives/edgar/data/77360/000095012400001158/0000950124-00-001158-d1.html"
  },
  {
    "date": "1998-12-31",
    "symbol": "PNR",
    "reportedCurrency": "USD",
    "cik": "0000077360",
    "fillingDate": "1999-03-12",
    "acceptedDate": "1999-03-12 00:00:00",
    "calendarYear": "1998",
    "period": "FY",
    "revenue": 1937600000,
    "costOfRevenue": 1261900000,
    "grossProfit": 675700000,
    "grossProfitRatio": 0.3487303881,
    "researchAndDevelopmentExpenses": 23000000,
    "generalAndAdministrativeExpenses": 0,
    "sellingAndMarketingExpenses": 0,
    "sellingGeneralAndAdministrativeExpenses": 391100000,
    "otherExpenses": 68400000,
    "operatingExpenses": 482500000,
    "costAndExpenses": 1744400000,
    "interestIncome": 0,
    "interestExpense": 0,
    "depreciationAndAmortization": 68400000,
    "ebitda": 226255000,
    "ebitdaratio": 0.1167707473,
    "operatingIncome": 193200000,
    "operatingIncomeRatio": 0.0997109827,
    "totalOtherIncomeExpensesNet": 6699000,
    "incomeBeforeTax": 170900000,
    "incomeBeforeTaxRatio": 0.0882018993,
    "incomeTaxExpense": 64100000,
    "netIncome": 106800000,
    "netIncomeRatio": 0.0551197358,
    "eps": 1.39,
    "epsdiluted": 1.23,
    "weightedAverageShsOut": 76939891,
    "weightedAverageShsOutDil": 82823529,
    "link": "https://www.sec.gov/Archives/edgar/data/77360/000007736099000007/0000077360-99-000007-index.html",
    "finalLink": "https://www.sec.gov/Archives/edgar/data/77360/"
  },
  {
    "date": "1997-12-31",
    "symbol": "PNR",
    "reportedCurrency": "USD",
    "cik": "0000077360",
    "fillingDate": "1998-03-27",
    "acceptedDate": "1998-03-27 00:00:00",
    "calendarYear": "1997",
    "period": "FY",
    "revenue": 1839100000,
    "costOfRevenue": 1223000000,
    "grossProfit": 616100000,
    "grossProfitRatio": 0.3350008156,
    "researchAndDevelopmentExpenses": 21300000,
    "generalAndAdministrativeExpenses": 0,
    "sellingAndMarketingExpenses": 0,
    "sellingGeneralAndAdministrativeExpenses": 357100000,
    "otherExpenses": 67800000,
    "operatingExpenses": 446200000,
    "costAndExpenses": 1669200000,
    "interestIncome": 0,
    "interestExpense": 0,
    "depreciationAndAmortization": 67800000,
    "ebitda": 237700000,
    "ebitdaratio": 0.1292480017,
    "operatingIncome": 169900000,
    "operatingIncomeRatio": 0.0923821434,
    "totalOtherIncomeExpensesNet": -11500000,
    "incomeBeforeTax": 158400000,
    "incomeBeforeTaxRatio": 0.0861290849,
    "incomeTaxExpense": 66800000,
    "netIncome": 91600000,
    "netIncomeRatio": 0.0498069708,
    "eps": 1.19,
    "epsdiluted": 1.11,
    "weightedAverageShsOut": 76848485,
    "weightedAverageShsOutDil": 82605042,
    "link": "https://www.sec.gov/Archives/edgar/data/77360/000007736098000006/0000077360-98-000006-index.html",
    "finalLink": "https://www.sec.gov/Archives/edgar/data/77360/"
  },
  {
    "date": "1996-12-31",
    "symbol": "PNR",
    "reportedCurrency": "USD",
    "cik": "0000077360",
    "fillingDate": "1997-03-31",
    "acceptedDate": "1997-03-31 00:00:00",
    "calendarYear": "1996",
    "period": "FY",
    "revenue": 1567100000,
    "costOfRevenue": 1038600000,
    "grossProfit": 528500000,
    "grossProfitRatio": 0.3372471444,
    "researchAndDevelopmentExpenses": 15500000,
    "generalAndAdministrativeExpenses": 0,
    "sellingAndMarketingExpenses": 0,
    "sellingGeneralAndAdministrativeExpenses": 310600000,
    "otherExpenses": 59500000,
    "operatingExpenses": 385600000,
    "costAndExpenses": 1424200000,
    "interestIncome": 0,
    "interestExpense": 0,
    "depreciationAndAmortization": 59500000,
    "ebitda": 202400000,
    "ebitdaratio": 0.1291557654,
    "operatingIncome": 142900000,
    "operatingIncomeRatio": 0.0911875439,
    "totalOtherIncomeExpensesNet": -18300000,
    "incomeBeforeTax": 124600000,
    "incomeBeforeTaxRatio": 0.0795099228,
    "incomeTaxExpense": 50100000,
    "netIncome": 74500000,
    "netIncomeRatio": 0.0475400421,
    "eps": 0.99,
    "epsdiluted": 0.92,
    "weightedAverageShsOut": 75451833,
    "weightedAverageShsOutDil": 81296388,
    "link": "https://www.sec.gov/Archives/edgar/data/77360/000007736097000007/0000077360-97-000007-index.html",
    "finalLink": "https://www.sec.gov/Archives/edgar/data/77360/"
  },
  {
    "date": "1995-12-31",
    "symbol": "PNR",
    "reportedCurrency": "USD",
    "cik": "0000077360",
    "fillingDate": "1996-03-27",
    "acceptedDate": "1996-03-27 00:00:00",
    "calendarYear": "1995",
    "period": "FY",
    "revenue": 1402900000,
    "costOfRevenue": 947600000,
    "grossProfit": 455300000,
    "grossProfitRatio": 0.3245420201,
    "researchAndDevelopmentExpenses": 13400000,
    "generalAndAdministrativeExpenses": 0,
    "sellingAndMarketingExpenses": 0,
    "sellingGeneralAndAdministrativeExpenses": 276700000,
    "otherExpenses": 48900000,
    "operatingExpenses": 339000000,
    "costAndExpenses": 1286600000,
    "interestIncome": 0,
    "interestExpense": 0,
    "depreciationAndAmortization": 48900000,
    "ebitda": 165200000,
    "ebitdaratio": 0.1177560767,
    "operatingIncome": 116300000,
    "operatingIncomeRatio": 0.0828997077,
    "totalOtherIncomeExpensesNet": -14600000,
    "incomeBeforeTax": 101700000,
    "incomeBeforeTaxRatio": 0.0724926937,
    "incomeTaxExpense": 41200000,
    "netIncome": 77200000,
    "netIncomeRatio": 0.0550288688,
    "eps": 0.98,
    "epsdiluted": 0.91,
    "weightedAverageShsOut": 74093960,
    "weightedAverageShsOutDil": 79424460,
    "link": "https://www.sec.gov/Archives/edgar/data/77360/000007736096000028/0000077360-96-000028-index.html",
    "finalLink": "https://www.sec.gov/Archives/edgar/data/77360/"
  },
  {
    "date": "1994-12-31",
    "symbol": "PNR",
    "reportedCurrency": "USD",
    "cik": "0000077360",
    "fillingDate": "1995-03-31",
    "acceptedDate": "1995-03-31 00:00:00",
    "calendarYear": "1994",
    "period": "FY",
    "revenue": 1649200000,
    "costOfRevenue": 1176200000,
    "grossProfit": 473000000,
    "grossProfitRatio": 0.286805724,
    "researchAndDevelopmentExpenses": 12100000,
    "generalAndAdministrativeExpenses": 0,
    "sellingAndMarketingExpenses": 0,
    "sellingGeneralAndAdministrativeExpenses": 279300000,
    "otherExpenses": 64100000,
    "operatingExpenses": 355500000,
    "costAndExpenses": 1531700000,
    "interestIncome": 0,
    "interestExpense": 0,
    "depreciationAndAmortization": 64100000,
    "ebitda": 181600000,
    "ebitdaratio": 0.1101139947,
    "operatingIncome": 117500000,
    "operatingIncomeRatio": 0.071246665,
    "totalOtherIncomeExpensesNet": -28400000,
    "incomeBeforeTax": 89100000,
    "incomeBeforeTaxRatio": 0.0540261945,
    "incomeTaxExpense": 35500000,
    "netIncome": 53600000,
    "netIncomeRatio": 0.0325006064,
    "eps": 0.73,
    "epsdiluted": 0.7,
    "weightedAverageShsOut": 73756274,
    "weightedAverageShsOutDil": 77093015,
    "link": "https://www.sec.gov/Archives/edgar/data/77360/000007736095000006/0000077360-95-000006-index.html",
    "finalLink": "https://www.sec.gov/Archives/edgar/data/77360/"
  },
  {
    "date": "1993-12-31",
    "symbol": "PNR",
    "reportedCurrency": "USD",
    "cik": "0000077360",
    "fillingDate": "1994-03-30",
    "acceptedDate": "1994-03-30 00:00:00",
    "calendarYear": "1993",
    "period": "FY",
    "revenue": 1328200000,
    "costOfRevenue": 954400000,
    "grossProfit": 373800000,
    "grossProfitRatio": 0.281433519,
    "researchAndDevelopmentExpenses": 0,
    "generalAndAdministrativeExpenses": 0,
    "sellingAndMarketingExpenses": 0,
    "sellingGeneralAndAdministrativeExpenses": 223600000,
    "otherExpenses": 50100000,
    "operatingExpenses": 273700000,
    "costAndExpenses": 1228100000,
    "interestIncome": 0,
    "interestExpense": 0,
    "depreciationAndAmortization": 50100000,
    "ebitda": 150200000,
    "ebitdaratio": 0.1130853787,
    "operatingIncome": 100100000,
    "operatingIncomeRatio": 0.0753651559,
    "totalOtherIncomeExpensesNet": -22700000,
    "incomeBeforeTax": 77400000,
    "incomeBeforeTaxRatio": 0.0582743563,
    "incomeTaxExpense": 30800000,
    "netIncome": 46600000,
    "netIncomeRatio": 0.0350850775,
    "eps": 0.56,
    "epsdiluted": 0.55,
    "weightedAverageShsOut": 71681416,
    "weightedAverageShsOutDil": 73636364,
    "link": "https://www.sec.gov/Archives/edgar/data/77360/000007736094000065/0000077360-94-000065-index.html",
    "finalLink": "https://www.sec.gov/Archives/edgar/data/77360/"
  },
  {
    "date": "1992-12-31",
    "symbol": "PNR",
    "reportedCurrency": "USD",
    "cik": "0000077360",
    "fillingDate": "1992-12-31",
    "acceptedDate": "1992-12-31 00:00:00",
    "calendarYear": "1992",
    "period": "FY",
    "revenue": 1238700000,
    "costOfRevenue": 889300000,
    "grossProfit": 349400000,
    "grossProfitRatio": 0.282069912,
    "researchAndDevelopmentExpenses": 0,
    "generalAndAdministrativeExpenses": 0,
    "sellingAndMarketingExpenses": 0,
    "sellingGeneralAndAdministrativeExpenses": 209100000,
    "otherExpenses": 47900000,
    "operatingExpenses": 257000000,
    "costAndExpenses": 1146300000,
    "interestIncome": 0,
    "interestExpense": 0,
    "depreciationAndAmortization": 47900000,
    "ebitda": 140300000,
    "ebitdaratio": 0.1132639057,
    "operatingIncome": 92400000,
    "operatingIncomeRatio": 0.0745943328,
    "totalOtherIncomeExpensesNet": -19700000,
    "incomeBeforeTax": 72700000,
    "incomeBeforeTaxRatio": 0.0586905627,
    "incomeTaxExpense": 29900000,
    "netIncome": 1200000,
    "netIncomeRatio": 0.0009687576,
    "eps": -0.11,
    "epsdiluted": -0.11,
    "weightedAverageShsOut": 63478261,
    "weightedAverageShsOutDil": 63478261,
    "link": null,
    "finalLink": null
  },
  {
    "date": "1991-12-31",
    "symbol": "PNR",
    "reportedCurrency": "USD",
    "cik": "0000077360",
    "fillingDate": "1991-12-31",
    "acceptedDate": "1991-12-31 00:00:00",
    "calendarYear": "1991",
    "period": "FY",
    "revenue": 1169100000,
    "costOfRevenue": 839500000,
    "grossProfit": 329600000,
    "grossProfitRatio": 0.2819262681,
    "researchAndDevelopmentExpenses": 0,
    "generalAndAdministrativeExpenses": 0,
    "sellingAndMarketingExpenses": 0,
    "sellingGeneralAndAdministrativeExpenses": 198100000,
    "otherExpenses": 47200000,
    "operatingExpenses": 245300000,
    "costAndExpenses": 1084800000,
    "interestIncome": 0,
    "interestExpense": 0,
    "depreciationAndAmortization": 47200000,
    "ebitda": 131500000,
    "ebitdaratio": 0.1124796852,
    "operatingIncome": 84300000,
    "operatingIncomeRatio": 0.0721067488,
    "totalOtherIncomeExpensesNet": -10200000,
    "incomeBeforeTax": 74100000,
    "incomeBeforeTaxRatio": 0.0633820888,
    "incomeTaxExpense": 33000000,
    "netIncome": 41100000,
    "netIncomeRatio": 0.0351552476,
    "eps": 0.55,
    "epsdiluted": 0.51,
    "weightedAverageShsOut": 63090909,
    "weightedAverageShsOutDil": 68712871,
    "link": null,
    "finalLink": null
  },
  {
    "date": "1990-12-31",
    "symbol": "PNR",
    "reportedCurrency": "USD",
    "cik": "0000077360",
    "fillingDate": "1990-12-31",
    "acceptedDate": "1990-12-31 00:00:00",
    "calendarYear": "1990",
    "period": "FY",
    "revenue": 1175900000,
    "costOfRevenue": 865300000,
    "grossProfit": 310600000,
    "grossProfitRatio": 0.264138107,
    "researchAndDevelopmentExpenses": 0,
    "generalAndAdministrativeExpenses": 0,
    "sellingAndMarketingExpenses": 0,
    "sellingGeneralAndAdministrativeExpenses": 191800000,
    "otherExpenses": 43800000,
    "operatingExpenses": 235600000,
    "costAndExpenses": 1100900000,
    "interestIncome": 0,
    "interestExpense": 0,
    "depreciationAndAmortization": 43800000,
    "ebitda": 118800000,
    "ebitdaratio": 0.1010289991,
    "operatingIncome": 75000000,
    "operatingIncomeRatio": 0.0637809338,
    "totalOtherIncomeExpensesNet": -17600000,
    "incomeBeforeTax": 57400000,
    "incomeBeforeTaxRatio": 0.0488136746,
    "incomeTaxExpense": 24400000,
    "netIncome": 33000000,
    "netIncomeRatio": 0.0280636109,
    "eps": 0.43,
    "epsdiluted": 0.41,
    "weightedAverageShsOut": 63764706,
    "weightedAverageShsOutDil": 66913580,
    "link": null,
    "finalLink": null
  },
  {
    "date": "1989-12-31",
    "symbol": "PNR",
    "reportedCurrency": "USD",
    "cik": "0000077360",
    "fillingDate": "1989-12-31",
    "acceptedDate": "1989-12-30 19:00:00",
    "calendarYear": "1989",
    "period": "FY",
    "revenue": 1163600000,
    "costOfRevenue": 868500000,
    "grossProfit": 295100000,
    "grossProfitRatio": 0.2536094878,
    "researchAndDevelopmentExpenses": 0,
    "generalAndAdministrativeExpenses": 0,
    "sellingAndMarketingExpenses": 0,
    "sellingGeneralAndAdministrativeExpenses": 179000000,
    "otherExpenses": 37900000,
    "operatingExpenses": 216900000,
    "costAndExpenses": 1085400000,
    "interestIncome": 0,
    "interestExpense": 0,
    "depreciationAndAmortization": 37900000,
    "ebitda": 116100000,
    "ebitdaratio": 0.0997765555,
    "operatingIncome": 78200000,
    "operatingIncomeRatio": 0.0672052252,
    "totalOtherIncomeExpensesNet": -15800000,
    "incomeBeforeTax": 62400000,
    "incomeBeforeTaxRatio": 0.0536266758,
    "incomeTaxExpense": 26000000,
    "netIncome": 36400000,
    "netIncomeRatio": 0.0312822276,
    "eps": 0.5,
    "epsdiluted": 0.48,
    "weightedAverageShsOut": 64400000,
    "weightedAverageShsOutDil": 67789474,
    "link": "",
    "finalLink": ""
  },
  {
    "date": "1988-12-31",
    "symbol": "PNR",
    "reportedCurrency": "USD",
    "cik": "0000077360",
    "fillingDate": "1988-12-31",
    "acceptedDate": "1988-12-30 19:00:00",
    "calendarYear": "1988",
    "period": "FY",
    "revenue": 823300000,
    "costOfRevenue": 594200000,
    "grossProfit": 229100000,
    "grossProfitRatio": 0.2782703753,
    "researchAndDevelopmentExpenses": 0,
    "generalAndAdministrativeExpenses": 0,
    "sellingAndMarketingExpenses": 0,
    "sellingGeneralAndAdministrativeExpenses": 126000000,
    "otherExpenses": 27400000,
    "operatingExpenses": 153400000,
    "costAndExpenses": 747600000,
    "interestIncome": 0,
    "interestExpense": 0,
    "depreciationAndAmortization": 27400000,
    "ebitda": 103100000,
    "ebitdaratio": 0.125227742,
    "operatingIncome": 75700000,
    "operatingIncomeRatio": 0.0919470424,
    "totalOtherIncomeExpensesNet": -7400000,
    "incomeBeforeTax": 68300000,
    "incomeBeforeTaxRatio": 0.0829588242,
    "incomeTaxExpense": 28500000,
    "netIncome": 39800000,
    "netIncomeRatio": 0.0483420381,
    "eps": 0.62,
    "epsdiluted": 0.56,
    "weightedAverageShsOut": 59354839,
    "weightedAverageShsOutDil": 65714286,
    "link": "",
    "finalLink": ""
  },
  {
    "date": "1987-12-31",
    "symbol": "PNR",
    "reportedCurrency": "USD",
    "cik": "0000077360",
    "fillingDate": "1987-12-31",
    "acceptedDate": "1987-12-30 19:00:00",
    "calendarYear": "1987",
    "period": "FY",
    "revenue": 789200000,
    "costOfRevenue": 610600000,
    "grossProfit": 178600000,
    "grossProfitRatio": 0.2263051191,
    "researchAndDevelopmentExpenses": 0,
    "generalAndAdministrativeExpenses": 0,
    "sellingAndMarketingExpenses": 0,
    "sellingGeneralAndAdministrativeExpenses": 112100000,
    "otherExpenses": 28100000,
    "operatingExpenses": 140200000,
    "costAndExpenses": 750800000,
    "interestIncome": 0,
    "interestExpense": 0,
    "depreciationAndAmortization": 28100000,
    "ebitda": 66500000,
    "ebitdaratio": 0.0842625443,
    "operatingIncome": 38400000,
    "operatingIncomeRatio": 0.0486568677,
    "totalOtherIncomeExpensesNet": -4400000,
    "incomeBeforeTax": 34000000,
    "incomeBeforeTaxRatio": 0.0430816016,
    "incomeTaxExpense": 12100000,
    "netIncome": 21900000,
    "netIncomeRatio": 0.0277496199,
    "eps": 0.34,
    "epsdiluted": 0.33,
    "weightedAverageShsOut": 57647059,
    "weightedAverageShsOutDil": 60307692,
    "link": "",
    "finalLink": ""
  },
  {
    "date": "1986-12-31",
    "symbol": "PNR",
    "reportedCurrency": "USD",
    "cik": "0000077360",
    "fillingDate": "1986-12-31",
    "acceptedDate": "1986-12-30 19:00:00",
    "calendarYear": "1986",
    "period": "FY",
    "revenue": 623900000,
    "costOfRevenue": 485800000,
    "grossProfit": 138100000,
    "grossProfitRatio": 0.2213495753,
    "researchAndDevelopmentExpenses": 0,
    "generalAndAdministrativeExpenses": 0,
    "sellingAndMarketingExpenses": 0,
    "sellingGeneralAndAdministrativeExpenses": 82700000,
    "otherExpenses": 23900000,
    "operatingExpenses": 106600000,
    "costAndExpenses": 592400000,
    "interestIncome": 0,
    "interestExpense": 0,
    "depreciationAndAmortization": 23900000,
    "ebitda": 55400000,
    "ebitdaratio": 0.0887962815,
    "operatingIncome": 31500000,
    "operatingIncomeRatio": 0.0504888604,
    "totalOtherIncomeExpensesNet": -6900000,
    "incomeBeforeTax": 24600000,
    "incomeBeforeTaxRatio": 0.0394293957,
    "incomeTaxExpense": 9400000,
    "netIncome": 15200000,
    "netIncomeRatio": 0.0243628787,
    "eps": 0.27,
    "epsdiluted": 0.26,
    "weightedAverageShsOut": 56296296,
    "weightedAverageShsOutDil": 58461538,
    "link": "",
    "finalLink": ""
  },
  {
    "date": "1985-12-31",
    "symbol": "PNR",
    "reportedCurrency": "USD",
    "cik": "0000077360",
    "fillingDate": "1985-12-31",
    "acceptedDate": "1985-12-30 19:00:00",
    "calendarYear": "1985",
    "period": "FY",
    "revenue": 534200000,
    "costOfRevenue": 420200000,
    "grossProfit": 114000000,
    "grossProfitRatio": 0.2134032198,
    "researchAndDevelopmentExpenses": 0,
    "generalAndAdministrativeExpenses": 0,
    "sellingAndMarketingExpenses": 0,
    "sellingGeneralAndAdministrativeExpenses": 64200000,
    "otherExpenses": 18800000,
    "operatingExpenses": 83000000,
    "costAndExpenses": 503200000,
    "interestIncome": 0,
    "interestExpense": 0,
    "depreciationAndAmortization": 18800000,
    "ebitda": 49800000,
    "ebitdaratio": 0.0932235118,
    "operatingIncome": 31000000,
    "operatingIncomeRatio": 0.0580307001,
    "totalOtherIncomeExpensesNet": -2300000,
    "incomeBeforeTax": 28700000,
    "incomeBeforeTaxRatio": 0.0537251966,
    "incomeTaxExpense": 8600000,
    "netIncome": 20100000,
    "netIncomeRatio": 0.0376263572,
    "eps": 0.39,
    "epsdiluted": 0.38,
    "weightedAverageShsOut": 51538462,
    "weightedAverageShsOutDil": 53600000,
    "link": "",
    "finalLink": ""
  }
]