[
  {
    "date": "2025-06-30",
    "symbol": "PNW",
    "reportedCurrency": "USD",
    "cik": "0000764622",
    "fillingDate": "2025-08-06",
    "acceptedDate": "2025-08-06 08:26:13",
    "calendarYear": "2025",
    "period": "Q2",
    "revenue": 1358751000,
    "costOfRevenue": 763613000,
    "grossProfit": 595138000,
    "grossProfitRatio": 0.4380037255,
    "researchAndDevelopmentExpenses": 0,
    "generalAndAdministrativeExpenses": 0,
    "sellingAndMarketingExpenses": 0,
    "sellingGeneralAndAdministrativeExpenses": 0,
    "otherExpenses": 287586000,
    "operatingExpenses": 287586000,
    "costAndExpenses": 1051199000,
    "interestIncome": 4260000,
    "interestExpense": 101968000,
    "depreciationAndAmortization": 241574000,
    "ebitda": 575430000,
    "ebitdaratio": 0.4234992283,
    "operatingIncome": 307552000,
    "operatingIncomeRatio": 0.2263490514,
    "totalOtherIncomeExpensesNet": -75664000,
    "incomeBeforeTax": 231888000,
    "incomeBeforeTaxRatio": 0.1706626159,
    "incomeTaxExpense": 35018000,
    "netIncome": 192564000,
    "netIncomeRatio": 0.1417213308,
    "eps": 1.61,
    "epsdiluted": 1.58,
    "weightedAverageShsOut": 119517000,
    "weightedAverageShsOutDil": 121865000,
    "link": "https://www.sec.gov/Archives/edgar/data/764622/000076462225000072/0000764622-25-000072-index.htm",
    "finalLink": "https://www.sec.gov/Archives/edgar/data/7286/000076462225000072/pnw-20250630.htm"
  },
  {
    "date": "2025-03-31",
    "symbol": "PNW",
    "reportedCurrency": "USD",
    "cik": "0000764622",
    "fillingDate": "2025-05-01",
    "acceptedDate": "2025-05-01 08:29:21",
    "calendarYear": "2025",
    "period": "Q1",
    "revenue": 1032280000,
    "costOfRevenue": 680180000,
    "grossProfit": 352100000,
    "grossProfitRatio": 0.3410896268,
    "researchAndDevelopmentExpenses": 0,
    "generalAndAdministrativeExpenses": 0,
    "sellingAndMarketingExpenses": 0,
    "sellingGeneralAndAdministrativeExpenses": -2958000,
    "otherExpenses": 297836000,
    "operatingExpenses": 294878000,
    "costAndExpenses": 975058000,
    "interestIncome": 5996000,
    "interestExpense": 94841000,
    "depreciationAndAmortization": 250651000,
    "ebitda": 338971000,
    "ebitdaratio": 0.3283711784,
    "operatingIncome": 57222000,
    "operatingIncomeRatio": 0.0554326346,
    "totalOtherIncomeExpensesNet": -63743000,
    "incomeBeforeTax": -6521000,
    "incomeBeforeTaxRatio": -0.0063170845,
    "incomeTaxExpense": -6183000,
    "netIncome": -4644000,
    "netIncomeRatio": -0.0044987794,
    "eps": -0.04,
    "epsdiluted": -0.04,
    "weightedAverageShsOut": 119594000,
    "weightedAverageShsOutDil": 119594000,
    "link": "https://www.sec.gov/Archives/edgar/data/764622/000076462225000047/0000764622-25-000047-index.htm",
    "finalLink": "https://www.sec.gov/Archives/edgar/data/7286/000076462225000047/pnw-20250331.htm"
  },
  {
    "date": "2024-12-31",
    "symbol": "PNW",
    "reportedCurrency": "USD",
    "cik": "0000764622",
    "fillingDate": "2025-02-25",
    "acceptedDate": "2025-02-25 08:26:17",
    "calendarYear": "2024",
    "period": "Q4",
    "revenue": 1095408000,
    "costOfRevenue": 723399000,
    "grossProfit": 372009000,
    "grossProfitRatio": 0.3396077078,
    "researchAndDevelopmentExpenses": 0,
    "generalAndAdministrativeExpenses": 0,
    "sellingAndMarketingExpenses": 0,
    "sellingGeneralAndAdministrativeExpenses": 0,
    "otherExpenses": 287471000,
    "operatingExpenses": 287471000,
    "costAndExpenses": 1010870000,
    "interestIncome": 4998000,
    "interestExpense": 94960000,
    "depreciationAndAmortization": 244597000,
    "ebitda": 337026000,
    "ebitdaratio": 0.3076716621,
    "operatingIncome": 84538000,
    "operatingIncomeRatio": 0.0771748974,
    "totalOtherIncomeExpensesNet": -87069000,
    "incomeBeforeTax": -2531000,
    "incomeBeforeTaxRatio": -0.0023105546,
    "incomeTaxExpense": -10000,
    "netIncome": -6827000,
    "netIncomeRatio": -0.006232381,
    "eps": -0.06,
    "epsdiluted": -0.06,
    "weightedAverageShsOut": 114337000,
    "weightedAverageShsOutDil": 114337000,
    "link": "https://www.sec.gov/Archives/edgar/data/764622/000076462225000023/0000764622-25-000023-index.htm",
    "finalLink": "https://www.sec.gov/Archives/edgar/data/7286/000076462225000023/pnw-20241231.htm"
  },
  {
    "date": "2024-09-30",
    "symbol": "PNW",
    "reportedCurrency": "USD",
    "cik": "0000764622",
    "fillingDate": "2024-11-06",
    "acceptedDate": "2024-11-06 08:32:59",
    "calendarYear": "2024",
    "period": "Q3",
    "revenue": 1768801000,
    "costOfRevenue": 939443000,
    "grossProfit": 829358000,
    "grossProfitRatio": 0.4688814626,
    "researchAndDevelopmentExpenses": 0,
    "generalAndAdministrativeExpenses": 0,
    "sellingAndMarketingExpenses": 0,
    "sellingGeneralAndAdministrativeExpenses": 0,
    "otherExpenses": 282372000,
    "operatingExpenses": 282372000,
    "costAndExpenses": 1221815000,
    "interestIncome": 6368000,
    "interestExpense": 98024000,
    "depreciationAndAmortization": 246041000,
    "ebitda": 817564000,
    "ebitdaratio": 0.462213669,
    "operatingIncome": 546986000,
    "operatingIncomeRatio": 0.3092411187,
    "totalOtherIncomeExpensesNet": -73487000,
    "incomeBeforeTax": 473499000,
    "incomeBeforeTaxRatio": 0.2676948961,
    "incomeTaxExpense": 74227000,
    "netIncome": 394966000,
    "netIncomeRatio": 0.2232958937,
    "eps": 3.47,
    "epsdiluted": 3.37,
    "weightedAverageShsOut": 113729000,
    "weightedAverageShsOutDil": 117119000,
    "link": "https://www.sec.gov/Archives/edgar/data/764622/000076462224000079/0000764622-24-000079-index.htm",
    "finalLink": "https://www.sec.gov/Archives/edgar/data/7286/000076462224000079/pnw-20240930.htm"
  },
  {
    "date": "2024-06-30",
    "symbol": "PNW",
    "reportedCurrency": "USD",
    "cik": "0000764622",
    "fillingDate": "2024-08-01",
    "acceptedDate": "2024-08-01 08:27:42",
    "calendarYear": "2024",
    "period": "Q2",
    "revenue": 1308994000,
    "costOfRevenue": 709438000,
    "grossProfit": 599556000,
    "grossProfitRatio": 0.4580280735,
    "researchAndDevelopmentExpenses": 0,
    "generalAndAdministrativeExpenses": -12877000,
    "sellingAndMarketingExpenses": 0,
    "sellingGeneralAndAdministrativeExpenses": -12877000,
    "otherExpenses": 298686000,
    "operatingExpenses": 285809000,
    "costAndExpenses": 995247000,
    "interestIncome": 5396000,
    "interestExpense": 97855000,
    "depreciationAndAmortization": 239133000,
    "ebitda": 577520000,
    "ebitdaratio": 0.4411937717,
    "operatingIncome": 313747000,
    "operatingIncomeRatio": 0.2396855906,
    "totalOtherIncomeExpensesNet": -73215000,
    "incomeBeforeTax": 240532000,
    "incomeBeforeTaxRatio": 0.1837533251,
    "incomeTaxExpense": 32421000,
    "netIncome": 203805000,
    "netIncomeRatio": 0.1556959008,
    "eps": 1.79,
    "epsdiluted": 1.76,
    "weightedAverageShsOut": 113695000,
    "weightedAverageShsOutDil": 115803000,
    "link": "https://www.sec.gov/Archives/edgar/data/764622/000076462224000065/0000764622-24-000065-index.htm",
    "finalLink": "https://www.sec.gov/Archives/edgar/data/7286/000076462224000065/pnw-20240630.htm"
  },
  {
    "date": "2024-03-31",
    "symbol": "PNW",
    "reportedCurrency": "USD",
    "cik": "0000764622",
    "fillingDate": "2024-05-02",
    "acceptedDate": "2024-05-02 07:58:54",
    "calendarYear": "2024",
    "period": "Q1",
    "revenue": 951712000,
    "costOfRevenue": 615442000,
    "grossProfit": 336270000,
    "grossProfitRatio": 0.3533316802,
    "researchAndDevelopmentExpenses": 0,
    "generalAndAdministrativeExpenses": -11568000,
    "sellingAndMarketingExpenses": 0,
    "sellingGeneralAndAdministrativeExpenses": -11568000,
    "otherExpenses": 281046000,
    "operatingExpenses": 269478000,
    "costAndExpenses": 884920000,
    "interestIncome": 7560000,
    "interestExpense": 86633000,
    "depreciationAndAmortization": 226413000,
    "ebitda": 338105000,
    "ebitdaratio": 0.3552597845,
    "operatingIncome": 66792000,
    "operatingIncomeRatio": 0.0701808951,
    "totalOtherIncomeExpensesNet": -41733000,
    "incomeBeforeTax": 25059000,
    "incomeBeforeTaxRatio": 0.0263304445,
    "incomeTaxExpense": 3891000,
    "netIncome": 16862000,
    "netIncomeRatio": 0.0177175448,
    "eps": 0.15,
    "epsdiluted": 0.15,
    "weightedAverageShsOut": 113621000,
    "weightedAverageShsOutDil": 114227000,
    "link": "https://www.sec.gov/Archives/edgar/data/764622/000076462224000044/0000764622-24-000044-index.htm",
    "finalLink": "https://www.sec.gov/Archives/edgar/data/7286/000076462224000044/pnw-20240331.htm"
  },
  {
    "date": "2023-12-31",
    "symbol": "PNW",
    "reportedCurrency": "USD",
    "cik": "0000764622",
    "fillingDate": "2024-02-27",
    "acceptedDate": "2024-02-27 08:22:54",
    "calendarYear": "2023",
    "period": "Q4",
    "revenue": 991574000,
    "costOfRevenue": 657267000,
    "grossProfit": 334307000,
    "grossProfitRatio": 0.3371478074,
    "researchAndDevelopmentExpenses": 0,
    "generalAndAdministrativeExpenses": 0,
    "sellingAndMarketingExpenses": 0,
    "sellingGeneralAndAdministrativeExpenses": 0,
    "otherExpenses": 259927000,
    "operatingExpenses": 259927000,
    "costAndExpenses": 917194000,
    "interestIncome": 5296000,
    "interestExpense": 86594000,
    "depreciationAndAmortization": 217912000,
    "ebitda": 311576000,
    "ebitdaratio": 0.3142236485,
    "operatingIncome": 74380000,
    "operatingIncomeRatio": 0.0750120515,
    "totalOtherIncomeExpensesNet": -67310000,
    "incomeBeforeTax": 7070000,
    "incomeBeforeTaxRatio": 0.007130078,
    "incomeTaxExpense": 2787000,
    "netIncome": -23000,
    "netIncomeRatio": -0.0000231954,
    "eps": -0.0002,
    "epsdiluted": -0.0002,
    "weightedAverageShsOut": 113534000,
    "weightedAverageShsOutDil": 114060000,
    "link": "https://www.sec.gov/Archives/edgar/data/764622/000076462224000016/0000764622-24-000016-index.htm",
    "finalLink": "https://www.sec.gov/Archives/edgar/data/7286/000076462224000016/pnw-20231231.htm"
  },
  {
    "date": "2023-09-30",
    "symbol": "PNW",
    "reportedCurrency": "USD",
    "cik": "0000764622",
    "fillingDate": "2023-11-02",
    "acceptedDate": "2023-11-02 08:27:50",
    "calendarYear": "2023",
    "period": "Q3",
    "revenue": 1637759000,
    "costOfRevenue": 864539000,
    "grossProfit": 773220000,
    "grossProfitRatio": 0.4721207455,
    "researchAndDevelopmentExpenses": 0,
    "generalAndAdministrativeExpenses": 0,
    "sellingAndMarketingExpenses": 0,
    "sellingGeneralAndAdministrativeExpenses": 0,
    "otherExpenses": 256957000,
    "operatingExpenses": 256957000,
    "costAndExpenses": 1121496000,
    "interestIncome": 9515000,
    "interestExpense": 87817000,
    "depreciationAndAmortization": 219572000,
    "ebitda": 766954000,
    "ebitdaratio": 0.4682947857,
    "operatingIncome": 516263000,
    "operatingIncomeRatio": 0.315225256,
    "totalOtherIncomeExpensesNet": -56698000,
    "incomeBeforeTax": 459565000,
    "incomeBeforeTaxRatio": 0.2806059988,
    "incomeTaxExpense": 57045000,
    "netIncome": 398214000,
    "netIncomeRatio": 0.2431456643,
    "eps": 3.51,
    "epsdiluted": 3.5,
    "weightedAverageShsOut": 113464000,
    "weightedAverageShsOutDil": 113838000,
    "link": "https://www.sec.gov/Archives/edgar/data/764622/000076462223000103/0000764622-23-000103-index.htm",
    "finalLink": "https://www.sec.gov/Archives/edgar/data/7286/000076462223000103/pnw-20230930.htm"
  },
  {
    "date": "2023-06-30",
    "symbol": "PNW",
    "reportedCurrency": "USD",
    "cik": "0000764622",
    "fillingDate": "2023-08-03",
    "acceptedDate": "2023-08-03 08:29:11",
    "calendarYear": "2023",
    "period": "Q2",
    "revenue": 1121703000,
    "costOfRevenue": 684992000,
    "grossProfit": 436711000,
    "grossProfitRatio": 0.3893285478,
    "researchAndDevelopmentExpenses": 0,
    "generalAndAdministrativeExpenses": 0,
    "sellingAndMarketingExpenses": 0,
    "sellingGeneralAndAdministrativeExpenses": -10474000,
    "otherExpenses": 263905000,
    "operatingExpenses": 253431000,
    "costAndExpenses": 938423000,
    "interestIncome": 6406000,
    "interestExpense": 81515000,
    "depreciationAndAmortization": 207880000,
    "ebitda": 416261000,
    "ebitdaratio": 0.3710973404,
    "operatingIncome": 183280000,
    "operatingIncomeRatio": 0.1633944101,
    "totalOtherIncomeExpensesNet": -56414000,
    "incomeBeforeTax": 126866000,
    "incomeBeforeTaxRatio": 0.1131012398,
    "incomeTaxExpense": 15897000,
    "netIncome": 106663000,
    "netIncomeRatio": 0.0950902333,
    "eps": 0.94,
    "epsdiluted": 0.94,
    "weightedAverageShsOut": 113411000,
    "weightedAverageShsOutDil": 113717000,
    "link": "https://www.sec.gov/Archives/edgar/data/764622/000076462223000094/0000764622-23-000094-index.htm",
    "finalLink": "https://www.sec.gov/Archives/edgar/data/7286/000076462223000094/pnw-20230630.htm"
  },
  {
    "date": "2023-03-31",
    "symbol": "PNW",
    "reportedCurrency": "USD",
    "cik": "0000764622",
    "fillingDate": "2023-05-04",
    "acceptedDate": "2023-05-04 08:26:33",
    "calendarYear": "2023",
    "period": "Q1",
    "revenue": 944955000,
    "costOfRevenue": 644584000,
    "grossProfit": 300371000,
    "grossProfitRatio": 0.3178680466,
    "researchAndDevelopmentExpenses": 0,
    "generalAndAdministrativeExpenses": -9865000,
    "sellingAndMarketingExpenses": 0,
    "sellingGeneralAndAdministrativeExpenses": -9865000,
    "otherExpenses": 259519000,
    "operatingExpenses": 249654000,
    "costAndExpenses": 894238000,
    "interestIncome": 6026000,
    "interestExpense": 75397000,
    "depreciationAndAmortization": 208772000,
    "ebitda": 286361000,
    "ebitdaratio": 0.3030419438,
    "operatingIncome": 50717000,
    "operatingIncomeRatio": 0.0536713388,
    "totalOtherIncomeExpensesNet": -48525000,
    "incomeBeforeTax": 2192000,
    "incomeBeforeTaxRatio": 0.0023196872,
    "incomeTaxExpense": 1183000,
    "netIncome": -3297000,
    "netIncomeRatio": -0.003489055,
    "eps": -0.03,
    "epsdiluted": -0.03,
    "weightedAverageShsOut": 113358000,
    "weightedAverageShsOutDil": 113358000,
    "link": "https://www.sec.gov/Archives/edgar/data/764622/000076462223000063/0000764622-23-000063-index.htm",
    "finalLink": "https://www.sec.gov/Archives/edgar/data/7286/000076462223000063/pnw-20230331.htm"
  },
  {
    "date": "2022-12-31",
    "symbol": "PNW",
    "reportedCurrency": "USD",
    "cik": "0000764622",
    "fillingDate": "2023-02-27",
    "acceptedDate": "2023-02-27 08:34:26",
    "calendarYear": "2022",
    "period": "Q4",
    "revenue": 1009314000,
    "costOfRevenue": 726996000,
    "grossProfit": 282318000,
    "grossProfitRatio": 0.2797127554,
    "researchAndDevelopmentExpenses": 0,
    "generalAndAdministrativeExpenses": 0,
    "sellingAndMarketingExpenses": 0,
    "sellingGeneralAndAdministrativeExpenses": 0,
    "otherExpenses": 245567000,
    "operatingExpenses": 245567000,
    "costAndExpenses": 972563000,
    "interestIncome": 2208000,
    "interestExpense": 68909000,
    "depreciationAndAmortization": 204856000,
    "ebitda": 245329000,
    "ebitdaratio": 0.2430650917,
    "operatingIncome": 36751000,
    "operatingIncomeRatio": 0.0364118599,
    "totalOtherIncomeExpensesNet": -65187000,
    "incomeBeforeTax": -28436000,
    "incomeBeforeTaxRatio": -0.0281735912,
    "incomeTaxExpense": -8750000,
    "netIncome": -23992000,
    "netIncomeRatio": -0.0237706006,
    "eps": -0.21,
    "epsdiluted": -0.21,
    "weightedAverageShsOut": 113298000,
    "weightedAverageShsOutDil": 113298000,
    "link": "https://www.sec.gov/Archives/edgar/data/764622/000076462223000023/0000764622-23-000023-index.htm",
    "finalLink": "https://www.sec.gov/Archives/edgar/data/7286/000076462223000023/pnw-20221231.htm"
  },
  {
    "date": "2022-09-30",
    "symbol": "PNW",
    "reportedCurrency": "USD",
    "cik": "0000764622",
    "fillingDate": "2022-11-03",
    "acceptedDate": "2022-11-03 08:29:25",
    "calendarYear": "2022",
    "period": "Q3",
    "revenue": 1469871000,
    "costOfRevenue": 808234000,
    "grossProfit": 661637000,
    "grossProfitRatio": 0.4501326987,
    "researchAndDevelopmentExpenses": 0,
    "generalAndAdministrativeExpenses": 0,
    "sellingAndMarketingExpenses": 0,
    "sellingGeneralAndAdministrativeExpenses": 0,
    "otherExpenses": 244064000,
    "operatingExpenses": 244064000,
    "costAndExpenses": 1052298000,
    "interestIncome": 1785000,
    "interestExpense": 63493000,
    "depreciationAndAmortization": 207831000,
    "ebitda": 654684000,
    "ebitdaratio": 0.4454023516,
    "operatingIncome": 417573000,
    "operatingIncomeRatio": 0.2840881955,
    "totalOtherIncomeExpensesNet": -34213000,
    "incomeBeforeTax": 383360000,
    "incomeBeforeTaxRatio": 0.2608120032,
    "incomeTaxExpense": 52728000,
    "netIncome": 326326000,
    "netIncomeRatio": 0.2220099587,
    "eps": 2.88,
    "epsdiluted": 2.88,
    "weightedAverageShsOut": 113211000,
    "weightedAverageShsOutDil": 113463000,
    "link": "https://www.sec.gov/Archives/edgar/data/764622/000076462222000093/0000764622-22-000093-index.htm",
    "finalLink": "https://www.sec.gov/Archives/edgar/data/7286/000076462222000093/pnw-20220930.htm"
  },
  {
    "date": "2022-06-30",
    "symbol": "PNW",
    "reportedCurrency": "USD",
    "cik": "0000764622",
    "fillingDate": "2022-08-03",
    "acceptedDate": "2022-08-03 08:33:23",
    "calendarYear": "2022",
    "period": "Q2",
    "revenue": 1061669000,
    "costOfRevenue": 597574000,
    "grossProfit": 464095000,
    "grossProfitRatio": 0.4371371868,
    "researchAndDevelopmentExpenses": 0,
    "generalAndAdministrativeExpenses": 0,
    "sellingAndMarketingExpenses": 0,
    "sellingGeneralAndAdministrativeExpenses": 0,
    "otherExpenses": 241000000,
    "operatingExpenses": 241000000,
    "costAndExpenses": 838574000,
    "interestIncome": 1691000,
    "interestExpense": 62230000,
    "depreciationAndAmortization": 201488000,
    "ebitda": 459024000,
    "ebitdaratio": 0.4323607452,
    "operatingIncome": 223095000,
    "operatingIncomeRatio": 0.2101361159,
    "totalOtherIncomeExpensesNet": -27789000,
    "incomeBeforeTax": 195306000,
    "incomeBeforeTaxRatio": 0.1839612911,
    "incomeTaxExpense": 26688000,
    "netIncome": 164312000,
    "netIncomeRatio": 0.1547676347,
    "eps": 1.45,
    "epsdiluted": 1.45,
    "weightedAverageShsOut": 113172000,
    "weightedAverageShsOutDil": 113369000,
    "link": "https://www.sec.gov/Archives/edgar/data/764622/000076462222000066/0000764622-22-000066-index.htm",
    "finalLink": "https://www.sec.gov/Archives/edgar/data/7286/000076462222000066/pnw-20220630.htm"
  },
  {
    "date": "2022-03-31",
    "symbol": "PNW",
    "reportedCurrency": "USD",
    "cik": "0000764622",
    "fillingDate": "2022-05-04",
    "acceptedDate": "2022-05-04 08:32:39",
    "calendarYear": "2022",
    "period": "Q1",
    "revenue": 783531000,
    "costOfRevenue": 483611000,
    "grossProfit": 299920000,
    "grossProfitRatio": 0.3827800049,
    "researchAndDevelopmentExpenses": 0,
    "generalAndAdministrativeExpenses": 0,
    "sellingAndMarketingExpenses": 0,
    "sellingGeneralAndAdministrativeExpenses": 0,
    "otherExpenses": 245428000,
    "operatingExpenses": 245428000,
    "costAndExpenses": 729039000,
    "interestIncome": 1642000,
    "interestExpense": 60907000,
    "depreciationAndAmortization": 203639000,
    "ebitda": 289969000,
    "ebitdaratio": 0.3700798054,
    "operatingIncome": 54492000,
    "operatingIncomeRatio": 0.0695467059,
    "totalOtherIncomeExpensesNet": -29069000,
    "incomeBeforeTax": 25423000,
    "incomeBeforeTaxRatio": 0.032446706,
    "incomeTaxExpense": 4161000,
    "netIncome": 16956000,
    "netIncomeRatio": 0.0216404967,
    "eps": 0.15,
    "epsdiluted": 0.15,
    "weightedAverageShsOut": 113102000,
    "weightedAverageShsOutDil": 113295000,
    "link": "https://www.sec.gov/Archives/edgar/data/764622/000076462222000029/0000764622-22-000029-index.htm",
    "finalLink": "https://www.sec.gov/Archives/edgar/data/7286/000076462222000029/pnw-20220331.htm"
  },
  {
    "date": "2021-12-31",
    "symbol": "PNW",
    "reportedCurrency": "USD",
    "cik": "0000764622",
    "fillingDate": "2022-02-25",
    "acceptedDate": "2022-02-25 08:33:03",
    "calendarYear": "2021",
    "period": "Q4",
    "revenue": 798857000,
    "costOfRevenue": 518973000,
    "grossProfit": 279884000,
    "grossProfitRatio": 0.3503555705,
    "researchAndDevelopmentExpenses": 0,
    "generalAndAdministrativeExpenses": 0,
    "sellingAndMarketingExpenses": 0,
    "sellingGeneralAndAdministrativeExpenses": 0,
    "otherExpenses": 229867000,
    "operatingExpenses": 229867000,
    "costAndExpenses": 748840000,
    "interestIncome": 1490000,
    "interestExpense": 59946000,
    "depreciationAndAmortization": 186800000,
    "ebitda": 274649000,
    "ebitdaratio": 0.3438024578,
    "operatingIncome": 50017000,
    "operatingIncomeRatio": 0.062610705,
    "totalOtherIncomeExpensesNet": -22114000,
    "incomeBeforeTax": 27903000,
    "incomeBeforeTaxRatio": 0.0349286543,
    "incomeTaxExpense": -3987000,
    "netIncome": 27584000,
    "netIncomeRatio": 0.0345293338,
    "eps": 0.24,
    "epsdiluted": 0.24,
    "weightedAverageShsOut": 113005000,
    "weightedAverageShsOutDil": 113232000,
    "link": "https://www.sec.gov/Archives/edgar/data/764622/000076462222000014/0000764622-22-000014-index.htm",
    "finalLink": "https://www.sec.gov/Archives/edgar/data/7286/000076462222000014/pnw-20211231.htm"
  },
  {
    "date": "2021-09-30",
    "symbol": "PNW",
    "reportedCurrency": "USD",
    "cik": "0000764622",
    "fillingDate": "2021-11-05",
    "acceptedDate": "2021-11-05 08:32:36",
    "calendarYear": "2021",
    "period": "Q3",
    "revenue": 1308254000,
    "costOfRevenue": 659838000,
    "grossProfit": 648416000,
    "grossProfitRatio": 0.4956346398,
    "researchAndDevelopmentExpenses": 0,
    "generalAndAdministrativeExpenses": 0,
    "sellingAndMarketingExpenses": 0,
    "sellingGeneralAndAdministrativeExpenses": 0,
    "otherExpenses": 219043000,
    "operatingExpenses": 219043000,
    "costAndExpenses": 878881000,
    "interestIncome": 1602000,
    "interestExpense": 58794000,
    "depreciationAndAmortization": 181805000,
    "ebitda": 656566000,
    "ebitdaratio": 0.5018643169,
    "operatingIncome": 429373000,
    "operatingIncomeRatio": 0.3282030859,
    "totalOtherIncomeExpensesNet": -13406000,
    "incomeBeforeTax": 415967000,
    "incomeBeforeTaxRatio": 0.3179558404,
    "incomeTaxExpense": 71863000,
    "netIncome": 339798000,
    "netIncomeRatio": 0.259733966,
    "eps": 3.01,
    "epsdiluted": 3,
    "weightedAverageShsOut": 112923000,
    "weightedAverageShsOutDil": 113217000,
    "link": "https://www.sec.gov/Archives/edgar/data/764622/000076462221000071/0000764622-21-000071-index.htm",
    "finalLink": "https://www.sec.gov/Archives/edgar/data/7286/000076462221000071/pnw-20210930.htm"
  },
  {
    "date": "2021-06-30",
    "symbol": "PNW",
    "reportedCurrency": "USD",
    "cik": "0000764622",
    "fillingDate": "2021-08-05",
    "acceptedDate": "2021-08-05 08:33:42",
    "calendarYear": "2021",
    "period": "Q2",
    "revenue": 1000249000,
    "costOfRevenue": 499525000,
    "grossProfit": 500724000,
    "grossProfitRatio": 0.5005993508,
    "researchAndDevelopmentExpenses": 0,
    "generalAndAdministrativeExpenses": 0,
    "sellingAndMarketingExpenses": 0,
    "sellingGeneralAndAdministrativeExpenses": 0,
    "otherExpenses": 222338000,
    "operatingExpenses": 222338000,
    "costAndExpenses": 721863000,
    "interestIncome": 1687000,
    "interestExpense": 57578000,
    "depreciationAndAmortization": 174127000,
    "ebitda": 497701000,
    "ebitdaratio": 0.4975771033,
    "operatingIncome": 278386000,
    "operatingIncomeRatio": 0.2783166991,
    "totalOtherIncomeExpensesNet": -12390000,
    "incomeBeforeTax": 265996000,
    "incomeBeforeTaxRatio": 0.2659297835,
    "incomeTaxExpense": 46560000,
    "netIncome": 215697000,
    "netIncomeRatio": 0.2156433048,
    "eps": 1.91,
    "epsdiluted": 1.91,
    "weightedAverageShsOut": 112882000,
    "weightedAverageShsOutDil": 113223000,
    "link": "https://www.sec.gov/Archives/edgar/data/764622/000076462221000054/0000764622-21-000054-index.htm",
    "finalLink": "https://www.sec.gov/Archives/edgar/data/7286/000076462221000054/pnw-20210630.htm"
  },
  {
    "date": "2021-03-31",
    "symbol": "PNW",
    "reportedCurrency": "USD",
    "cik": "0000764622",
    "fillingDate": "2021-05-05",
    "acceptedDate": "2021-05-05 08:33:07",
    "calendarYear": "2021",
    "period": "Q1",
    "revenue": 696475000,
    "costOfRevenue": 428282000,
    "grossProfit": 268193000,
    "grossProfitRatio": 0.3850719696,
    "researchAndDevelopmentExpenses": 0,
    "generalAndAdministrativeExpenses": 0,
    "sellingAndMarketingExpenses": 0,
    "sellingGeneralAndAdministrativeExpenses": 0,
    "otherExpenses": 220659000,
    "operatingExpenses": 220659000,
    "costAndExpenses": 648941000,
    "interestIncome": 1948000,
    "interestExpense": 56944000,
    "depreciationAndAmortization": 176409000,
    "ebitda": 269517000,
    "ebitdaratio": 0.386972971,
    "operatingIncome": 47534000,
    "operatingIncomeRatio": 0.0682493988,
    "totalOtherIncomeExpensesNet": -11370000,
    "incomeBeforeTax": 36164000,
    "incomeBeforeTaxRatio": 0.0519243332,
    "incomeTaxExpense": -4350000,
    "netIncome": 35641000,
    "netIncomeRatio": 0.051173409,
    "eps": 0.32,
    "epsdiluted": 0.32,
    "weightedAverageShsOut": 112829000,
    "weightedAverageShsOutDil": 113093000,
    "link": "https://www.sec.gov/Archives/edgar/data/764622/000076462221000031/0000764622-21-000031-index.htm",
    "finalLink": "https://www.sec.gov/Archives/edgar/data/7286/000076462221000031/pnw-20210331.htm"
  },
  {
    "date": "2020-12-31",
    "symbol": "PNW",
    "reportedCurrency": "USD",
    "cik": "0000764622",
    "fillingDate": "2021-02-24",
    "acceptedDate": "2021-02-24 08:32:56",
    "calendarYear": "2020",
    "period": "Q4",
    "revenue": 740961000,
    "costOfRevenue": 494574000,
    "grossProfit": 246387000,
    "grossProfitRatio": 0.3325235741,
    "researchAndDevelopmentExpenses": 0,
    "generalAndAdministrativeExpenses": 0,
    "sellingAndMarketingExpenses": 0,
    "sellingGeneralAndAdministrativeExpenses": 0,
    "otherExpenses": 215539000,
    "operatingExpenses": 215539000,
    "costAndExpenses": 710113000,
    "interestIncome": 3222000,
    "interestExpense": 59038000,
    "depreciationAndAmortization": 170511000,
    "ebitda": 195118000,
    "ebitdaratio": 0.2633309985,
    "operatingIncome": 30848000,
    "operatingIncomeRatio": 0.0416324206,
    "totalOtherIncomeExpensesNet": -65279000,
    "incomeBeforeTax": -34431000,
    "incomeBeforeTaxRatio": -0.0464680327,
    "incomeTaxExpense": -19913000,
    "netIncome": -19391000,
    "netIncomeRatio": -0.0261700683,
    "eps": -0.17,
    "epsdiluted": -0.17,
    "weightedAverageShsOut": 112747000,
    "weightedAverageShsOutDil": 113031000,
    "link": "https://www.sec.gov/Archives/edgar/data/764622/000076462221000013/0000764622-21-000013-index.htm",
    "finalLink": "https://www.sec.gov/Archives/edgar/data/7286/000076462221000013/pnw-20201231.htm"
  },
  {
    "date": "2020-09-30",
    "symbol": "PNW",
    "reportedCurrency": "USD",
    "cik": "0000764622",
    "fillingDate": "2020-10-30",
    "acceptedDate": "2020-10-30 08:33:16",
    "calendarYear": "2020",
    "period": "Q3",
    "revenue": 1254501000,
    "costOfRevenue": 590142000,
    "grossProfit": 664359000,
    "grossProfitRatio": 0.5295802873,
    "researchAndDevelopmentExpenses": 0,
    "generalAndAdministrativeExpenses": 0,
    "sellingAndMarketingExpenses": 0,
    "sellingGeneralAndAdministrativeExpenses": 0,
    "otherExpenses": 209351000,
    "operatingExpenses": 209351000,
    "costAndExpenses": 799493000,
    "interestIncome": 2956000,
    "interestExpense": 56834000,
    "depreciationAndAmortization": 172569000,
    "ebitda": 657882000,
    "ebitdaratio": 0.5244172783,
    "operatingIncome": 455008000,
    "operatingIncomeRatio": 0.3627003884,
    "totalOtherIncomeExpensesNet": -26529000,
    "incomeBeforeTax": 428479000,
    "incomeBeforeTaxRatio": 0.3415533348,
    "incomeTaxExpense": 77234000,
    "netIncome": 346372000,
    "netIncomeRatio": 0.2761034069,
    "eps": 3.07,
    "epsdiluted": 3.07,
    "weightedAverageShsOut": 112679000,
    "weightedAverageShsOutDil": 112987000,
    "link": "https://www.sec.gov/Archives/edgar/data/764622/000076462220000077/0000764622-20-000077-index.htm",
    "finalLink": "https://www.sec.gov/Archives/edgar/data/7286/000076462220000077/pnw-20200930.htm"
  },
  {
    "date": "2020-06-30",
    "symbol": "PNW",
    "reportedCurrency": "USD",
    "cik": "0000764622",
    "fillingDate": "2020-08-06",
    "acceptedDate": "2020-08-06 08:34:20",
    "calendarYear": "2020",
    "period": "Q2",
    "revenue": 929590000,
    "costOfRevenue": 457774000,
    "grossProfit": 471816000,
    "grossProfitRatio": 0.5075527921,
    "researchAndDevelopmentExpenses": 0,
    "generalAndAdministrativeExpenses": 0,
    "sellingAndMarketingExpenses": 0,
    "sellingGeneralAndAdministrativeExpenses": 0,
    "otherExpenses": 209942000,
    "operatingExpenses": 209942000,
    "costAndExpenses": 667716000,
    "interestIncome": 2755000,
    "interestExpense": 57941000,
    "depreciationAndAmortization": 170005000,
    "ebitda": 467466000,
    "ebitdaratio": 0.5028733097,
    "operatingIncome": 261874000,
    "operatingIncomeRatio": 0.2817091406,
    "totalOtherIncomeExpensesNet": -22354000,
    "incomeBeforeTax": 239520000,
    "incomeBeforeTaxRatio": 0.25766198,
    "incomeTaxExpense": 41061000,
    "netIncome": 193585000,
    "netIncomeRatio": 0.2082477221,
    "eps": 1.72,
    "epsdiluted": 1.71,
    "weightedAverageShsOut": 112638000,
    "weightedAverageShsOutDil": 112879000,
    "link": "https://www.sec.gov/Archives/edgar/data/764622/000076462220000060/0000764622-20-000060-index.htm",
    "finalLink": "https://www.sec.gov/Archives/edgar/data/7286/000076462220000060/pnw-0630202010q.htm"
  },
  {
    "date": "2020-03-31",
    "symbol": "PNW",
    "reportedCurrency": "USD",
    "cik": "0000764622",
    "fillingDate": "2020-05-08",
    "acceptedDate": "2020-05-08 08:36:34",
    "calendarYear": "2020",
    "period": "Q1",
    "revenue": 661930000,
    "costOfRevenue": 409839000,
    "grossProfit": 252091000,
    "grossProfitRatio": 0.3808423851,
    "researchAndDevelopmentExpenses": 0,
    "generalAndAdministrativeExpenses": 0,
    "sellingAndMarketingExpenses": 0,
    "sellingGeneralAndAdministrativeExpenses": 0,
    "otherExpenses": 211669000,
    "operatingExpenses": 211669000,
    "costAndExpenses": 621508000,
    "interestIncome": 3277000,
    "interestExpense": 55158000,
    "depreciationAndAmortization": 173168000,
    "ebitda": 242983000,
    "ebitdaratio": 0.367082622,
    "operatingIncome": 40422000,
    "operatingIncomeRatio": 0.0610668802,
    "totalOtherIncomeExpensesNet": -25765000,
    "incomeBeforeTax": 14657000,
    "incomeBeforeTaxRatio": 0.0221428248,
    "incomeTaxExpense": -20209000,
    "netIncome": 29993000,
    "netIncomeRatio": 0.0453114378,
    "eps": 0.27,
    "epsdiluted": 0.27,
    "weightedAverageShsOut": 112594000,
    "weightedAverageShsOutDil": 112862000,
    "link": "https://www.sec.gov/Archives/edgar/data/764622/000076462220000038/0000764622-20-000038-index.htm",
    "finalLink": "https://www.sec.gov/Archives/edgar/data/7286/000076462220000038/pnw-0331202010q.htm"
  },
  {
    "date": "2019-12-31",
    "symbol": "PNW",
    "reportedCurrency": "USD",
    "cik": "0000764622",
    "fillingDate": "2020-02-21",
    "acceptedDate": "2020-02-21 08:37:06",
    "calendarYear": "2019",
    "period": "Q4",
    "revenue": 670391000,
    "costOfRevenue": 454422000,
    "grossProfit": 215969000,
    "grossProfitRatio": 0.3221537879,
    "researchAndDevelopmentExpenses": 0,
    "generalAndAdministrativeExpenses": 0,
    "sellingAndMarketingExpenses": 0,
    "sellingGeneralAndAdministrativeExpenses": 0,
    "otherExpenses": 203972000,
    "operatingExpenses": 203972000,
    "costAndExpenses": 658394000,
    "interestIncome": 2682000,
    "interestExpense": 55769000,
    "depreciationAndAmortization": 163339000,
    "ebitda": 199425000,
    "ebitdaratio": 0.2974756523,
    "operatingIncome": 11997000,
    "operatingIncomeRatio": 0.0178955266,
    "totalOtherIncomeExpensesNet": -31680000,
    "incomeBeforeTax": -19683000,
    "incomeBeforeTaxRatio": -0.0293604777,
    "incomeTaxExpense": -88537000,
    "netIncome": 63981000,
    "netIncomeRatio": 0.0954383337,
    "eps": 0.57,
    "epsdiluted": 0.57,
    "weightedAverageShsOut": 112545000,
    "weightedAverageShsOutDil": 112815000,
    "link": "https://www.sec.gov/Archives/edgar/data/764622/000076462220000017/0000764622-20-000017-index.htm",
    "finalLink": "https://www.sec.gov/Archives/edgar/data/7286/000076462220000017/pnw2019123110-kfinal.htm"
  },
  {
    "date": "2019-09-30",
    "symbol": "PNW",
    "reportedCurrency": "USD",
    "cik": "0000764622",
    "fillingDate": "2019-11-07",
    "acceptedDate": "2019-11-07 08:36:49",
    "calendarYear": "2019",
    "period": "Q3",
    "revenue": 1190787000,
    "costOfRevenue": 583444000,
    "grossProfit": 607343000,
    "grossProfitRatio": 0.5100349601,
    "researchAndDevelopmentExpenses": 0,
    "generalAndAdministrativeExpenses": 0,
    "sellingAndMarketingExpenses": 0,
    "sellingGeneralAndAdministrativeExpenses": 0,
    "otherExpenses": 204053000,
    "operatingExpenses": 204053000,
    "costAndExpenses": 787497000,
    "interestIncome": 2694000,
    "interestExpense": 53995000,
    "depreciationAndAmortization": 168616000,
    "ebitda": 593026000,
    "ebitdaratio": 0.4980118191,
    "operatingIncome": 403290000,
    "operatingIncomeRatio": 0.3386751787,
    "totalOtherIncomeExpensesNet": -32875000,
    "incomeBeforeTax": 370415000,
    "incomeBeforeTaxRatio": 0.3110673865,
    "incomeTaxExpense": 53266000,
    "netIncome": 312276000,
    "netIncomeRatio": 0.2622433735,
    "eps": 2.78,
    "epsdiluted": 2.77,
    "weightedAverageShsOut": 112463000,
    "weightedAverageShsOutDil": 112746000,
    "link": "https://www.sec.gov/Archives/edgar/data/764622/000076462219000096/0000764622-19-000096-index.htm",
    "finalLink": "https://www.sec.gov/Archives/edgar/data/7286/000076462219000096/pnw-09301910q.htm"
  },
  {
    "date": "2019-06-30",
    "symbol": "PNW",
    "reportedCurrency": "USD",
    "cik": "0000764622",
    "fillingDate": "2019-08-08",
    "acceptedDate": "2019-08-08 08:36:13",
    "calendarYear": "2019",
    "period": "Q2",
    "revenue": 869501000,
    "costOfRevenue": 469765000,
    "grossProfit": 399736000,
    "grossProfitRatio": 0.4597303511,
    "researchAndDevelopmentExpenses": 0,
    "generalAndAdministrativeExpenses": 0,
    "sellingAndMarketingExpenses": 0,
    "sellingGeneralAndAdministrativeExpenses": 0,
    "otherExpenses": 203147000,
    "operatingExpenses": 203147000,
    "costAndExpenses": 672912000,
    "interestIncome": 2699000,
    "interestExpense": 52971000,
    "depreciationAndAmortization": 164384000,
    "ebitda": 383454000,
    "ebitdaratio": 0.4410046682,
    "operatingIncome": 196589000,
    "operatingIncomeRatio": 0.226094047,
    "totalOtherIncomeExpensesNet": -30490000,
    "incomeBeforeTax": 166099000,
    "incomeBeforeTaxRatio": 0.1910279574,
    "incomeTaxExpense": 17080000,
    "netIncome": 144145000,
    "netIncomeRatio": 0.1657789928,
    "eps": 1.28,
    "epsdiluted": 1.28,
    "weightedAverageShsOut": 112337000,
    "weightedAverageShsOutDil": 112651000,
    "link": "https://www.sec.gov/Archives/edgar/data/764622/000076462219000073/0000764622-19-000073-index.htm",
    "finalLink": "https://www.sec.gov/Archives/edgar/data/7286/000076462219000073/pnw-06301910q.htm"
  },
  {
    "date": "2019-03-31",
    "symbol": "PNW",
    "reportedCurrency": "USD",
    "cik": "0000764622",
    "fillingDate": "2019-05-01",
    "acceptedDate": "2019-05-01 08:36:33",
    "calendarYear": "2019",
    "period": "Q1",
    "revenue": 740530000,
    "costOfRevenue": 476222000,
    "grossProfit": 264308000,
    "grossProfitRatio": 0.356917343,
    "researchAndDevelopmentExpenses": 0,
    "generalAndAdministrativeExpenses": 0,
    "sellingAndMarketingExpenses": 0,
    "sellingGeneralAndAdministrativeExpenses": 0,
    "otherExpenses": 204224000,
    "operatingExpenses": 204224000,
    "costAndExpenses": 680446000,
    "interestIncome": 2302000,
    "interestExpense": 53988000,
    "depreciationAndAmortization": 167801000,
    "ebitda": 246998000,
    "ebitdaratio": 0.3335421928,
    "operatingIncome": 60084000,
    "operatingIncomeRatio": 0.0811364833,
    "totalOtherIncomeExpensesNet": -34875000,
    "incomeBeforeTax": 25209000,
    "incomeBeforeTaxRatio": 0.0340418349,
    "incomeTaxExpense": 2418000,
    "netIncome": 17918000,
    "netIncomeRatio": 0.0241961838,
    "eps": 0.16,
    "epsdiluted": 0.16,
    "weightedAverageShsOut": 112337000,
    "weightedAverageShsOutDil": 112735000,
    "link": "https://www.sec.gov/Archives/edgar/data/764622/000076462219000046/0000764622-19-000046-index.htm",
    "finalLink": "https://www.sec.gov/Archives/edgar/data/7286/000076462219000046/pnw-03311910q.htm"
  },
  {
    "date": "2018-12-31",
    "symbol": "PNW",
    "reportedCurrency": "USD",
    "cik": "0000764622",
    "fillingDate": "2019-02-22",
    "acceptedDate": "2019-02-22 08:37:14",
    "calendarYear": "2018",
    "period": "Q4",
    "revenue": 756376000,
    "costOfRevenue": 488103000,
    "grossProfit": 268273000,
    "grossProfitRatio": 0.3546820629,
    "researchAndDevelopmentExpenses": 0,
    "generalAndAdministrativeExpenses": 0,
    "sellingAndMarketingExpenses": 0,
    "sellingGeneralAndAdministrativeExpenses": 0,
    "otherExpenses": 201389000,
    "operatingExpenses": 201389000,
    "costAndExpenses": 689492000,
    "interestIncome": 2391000,
    "interestExpense": 55977000,
    "depreciationAndAmortization": 161094000,
    "ebitda": 254815000,
    "ebitdaratio": 0.3368893249,
    "operatingIncome": 66884000,
    "operatingIncomeRatio": 0.0884269199,
    "totalOtherIncomeExpensesNet": -29140000,
    "incomeBeforeTax": 37744000,
    "incomeBeforeTaxRatio": 0.0499011074,
    "incomeTaxExpense": 6795000,
    "netIncome": 26076000,
    "netIncomeRatio": 0.0344749172,
    "eps": 0.23,
    "epsdiluted": 0.23,
    "weightedAverageShsOut": 112233000,
    "weightedAverageShsOutDil": 112700000,
    "link": "https://www.sec.gov/Archives/edgar/data/764622/000076462219000019/0000764622-19-000019-index.htm",
    "finalLink": "https://www.sec.gov/Archives/edgar/data/7286/000076462219000019/pnw2018123110-k.htm"
  },
  {
    "date": "2018-09-30",
    "symbol": "PNW",
    "reportedCurrency": "USD",
    "cik": "0000764622",
    "fillingDate": "2018-11-08",
    "acceptedDate": "2018-11-08 08:36:48",
    "calendarYear": "2018",
    "period": "Q3",
    "revenue": 1268034000,
    "costOfRevenue": 636481000,
    "grossProfit": 631553000,
    "grossProfitRatio": 0.4980568344,
    "researchAndDevelopmentExpenses": 0,
    "generalAndAdministrativeExpenses": 0,
    "sellingAndMarketingExpenses": 0,
    "sellingGeneralAndAdministrativeExpenses": 0,
    "otherExpenses": 198246000,
    "operatingExpenses": 198246000,
    "costAndExpenses": 834727000,
    "interestIncome": 1957000,
    "interestExpense": 55692000,
    "depreciationAndAmortization": 164311000,
    "ebitda": 624221000,
    "ebitdaratio": 0.4922746551,
    "operatingIncome": 433307000,
    "operatingIncomeRatio": 0.3417156007,
    "totalOtherIncomeExpensesNet": -29089000,
    "incomeBeforeTax": 404218000,
    "incomeBeforeTaxRatio": 0.3187753641,
    "incomeTaxExpense": 84333000,
    "netIncome": 315012000,
    "netIncomeRatio": 0.2484255154,
    "eps": 2.81,
    "epsdiluted": 2.8,
    "weightedAverageShsOut": 112148000,
    "weightedAverageShsOutDil": 112533000,
    "link": "https://www.sec.gov/Archives/edgar/data/764622/000076462218000073/0000764622-18-000073-index.htm",
    "finalLink": "https://www.sec.gov/Archives/edgar/data/7286/000076462218000073/pnw-9301810q.htm"
  },
  {
    "date": "2018-06-30",
    "symbol": "PNW",
    "reportedCurrency": "USD",
    "cik": "0000764622",
    "fillingDate": "2018-08-03",
    "acceptedDate": "2018-08-03 08:35:09",
    "calendarYear": "2018",
    "period": "Q2",
    "revenue": 974123000,
    "costOfRevenue": 525484000,
    "grossProfit": 448639000,
    "grossProfitRatio": 0.4605568291,
    "researchAndDevelopmentExpenses": 0,
    "generalAndAdministrativeExpenses": 0,
    "sellingAndMarketingExpenses": 0,
    "sellingGeneralAndAdministrativeExpenses": 0,
    "otherExpenses": 206477000,
    "operatingExpenses": 206477000,
    "costAndExpenses": 731961000,
    "interestIncome": 2408000,
    "interestExpense": 54417000,
    "depreciationAndAmortization": 161984000,
    "ebitda": 432052000,
    "ebitdaratio": 0.4435292052,
    "operatingIncome": 242162000,
    "operatingIncomeRatio": 0.24859489,
    "totalOtherIncomeExpensesNet": -26511000,
    "incomeBeforeTax": 215651000,
    "incomeBeforeTaxRatio": 0.221379641,
    "incomeTaxExpense": 44039000,
    "netIncome": 166738000,
    "netIncomeRatio": 0.1711672961,
    "eps": 1.49,
    "epsdiluted": 1.48,
    "weightedAverageShsOut": 112115000,
    "weightedAverageShsOutDil": 112471000,
    "link": "https://www.sec.gov/Archives/edgar/data/764622/000076462218000052/0000764622-18-000052-index.htm",
    "finalLink": "https://www.sec.gov/Archives/edgar/data/7286/000076462218000052/pnw-6301810q.htm"
  },
  {
    "date": "2018-03-31",
    "symbol": "PNW",
    "reportedCurrency": "USD",
    "cik": "0000764622",
    "fillingDate": "2018-05-02",
    "acceptedDate": "2018-05-02 08:35:14",
    "calendarYear": "2018",
    "period": "Q1",
    "revenue": 692714000,
    "costOfRevenue": 462792000,
    "grossProfit": 229922000,
    "grossProfitRatio": 0.3319147585,
    "researchAndDevelopmentExpenses": 0,
    "generalAndAdministrativeExpenses": 0,
    "sellingAndMarketingExpenses": 0,
    "sellingGeneralAndAdministrativeExpenses": 0,
    "otherExpenses": 198588000,
    "operatingExpenses": 198588000,
    "costAndExpenses": 661380000,
    "interestIncome": 1891000,
    "interestExpense": 52199000,
    "depreciationAndAmortization": 163566000,
    "ebitda": 222594000,
    "ebitdaratio": 0.3213360781,
    "operatingIncome": 31334000,
    "operatingIncomeRatio": 0.0452336751,
    "totalOtherIncomeExpensesNet": -24505000,
    "incomeBeforeTax": 6829000,
    "incomeBeforeTaxRatio": 0.0098583254,
    "incomeTaxExpense": -1265000,
    "netIncome": 3221000,
    "netIncomeRatio": 0.0046498266,
    "eps": 0.03,
    "epsdiluted": 0.03,
    "weightedAverageShsOut": 112017000,
    "weightedAverageShsOutDil": 112493000,
    "link": "https://www.sec.gov/Archives/edgar/data/764622/000076462218000030/0000764622-18-000030-index.htm",
    "finalLink": "https://www.sec.gov/Archives/edgar/data/7286/000076462218000030/pnw-3311810q.htm"
  },
  {
    "date": "2017-12-31",
    "symbol": "PNW",
    "reportedCurrency": "USD",
    "cik": "0000764622",
    "fillingDate": "2018-02-23",
    "acceptedDate": "2018-02-23 08:35:47",
    "calendarYear": "2017",
    "period": "Q4",
    "revenue": 759659000,
    "costOfRevenue": 469975000,
    "grossProfit": 289684000,
    "grossProfitRatio": 0.3813342566,
    "researchAndDevelopmentExpenses": 0,
    "generalAndAdministrativeExpenses": 0,
    "sellingAndMarketingExpenses": 0,
    "sellingGeneralAndAdministrativeExpenses": 0,
    "otherExpenses": 199074000,
    "operatingExpenses": 199074000,
    "costAndExpenses": 669049000,
    "interestIncome": 1715000,
    "interestExpense": 50585000,
    "depreciationAndAmortization": 164922000,
    "ebitda": 262784000,
    "ebitdaratio": 0.3459236315,
    "operatingIncome": 90610000,
    "operatingIncomeRatio": 0.119277202,
    "totalOtherIncomeExpensesNet": -43333000,
    "incomeBeforeTax": 47277000,
    "incomeBeforeTaxRatio": 0.0622345026,
    "incomeTaxExpense": 20775000,
    "netIncome": 21629000,
    "netIncomeRatio": 0.0284719855,
    "eps": 0.19,
    "epsdiluted": 0.19,
    "weightedAverageShsOut": 111943000,
    "weightedAverageShsOutDil": 112472000,
    "link": "https://www.sec.gov/Archives/edgar/data/764622/000076462218000018/0000764622-18-000018-index.htm",
    "finalLink": "https://www.sec.gov/Archives/edgar/data/7286/000076462218000018/pnw2017123110-k.htm"
  },
  {
    "date": "2017-09-30",
    "symbol": "PNW",
    "reportedCurrency": "USD",
    "cik": "0000764622",
    "fillingDate": "2017-11-03",
    "acceptedDate": "2017-11-03 08:35:02",
    "calendarYear": "2017",
    "period": "Q3",
    "revenue": 1183322000,
    "costOfRevenue": 541308000,
    "grossProfit": 642014000,
    "grossProfitRatio": 0.5425522385,
    "researchAndDevelopmentExpenses": 0,
    "generalAndAdministrativeExpenses": 0,
    "sellingAndMarketingExpenses": 0,
    "sellingGeneralAndAdministrativeExpenses": 0,
    "otherExpenses": 182466000,
    "operatingExpenses": 182466000,
    "costAndExpenses": 723774000,
    "interestIncome": 917000,
    "interestExpense": 49644000,
    "depreciationAndAmortization": 154422000,
    "ebitda": 629330000,
    "ebitdaratio": 0.5318332626,
    "operatingIncome": 459548000,
    "operatingIncomeRatio": 0.388354142,
    "totalOtherIncomeExpensesNet": -34284000,
    "incomeBeforeTax": 425264000,
    "incomeBeforeTaxRatio": 0.3593814701,
    "incomeTaxExpense": 144319000,
    "netIncome": 276072000,
    "netIncomeRatio": 0.2333025161,
    "eps": 2.47,
    "epsdiluted": 2.46,
    "weightedAverageShsOut": 111835000,
    "weightedAverageShsOutDil": 112401000,
    "link": "https://www.sec.gov/Archives/edgar/data/764622/000076462217000074/0000764622-17-000074-index.htm",
    "finalLink": "https://www.sec.gov/Archives/edgar/data/7286/000076462217000074/pnw-9301710q.htm"
  },
  {
    "date": "2017-06-30",
    "symbol": "PNW",
    "reportedCurrency": "USD",
    "cik": "0000764622",
    "fillingDate": "2017-08-03",
    "acceptedDate": "2017-08-03 08:36:53",
    "calendarYear": "2017",
    "period": "Q2",
    "revenue": 944587000,
    "costOfRevenue": 475596000,
    "grossProfit": 468991000,
    "grossProfitRatio": 0.496503763,
    "researchAndDevelopmentExpenses": 0,
    "generalAndAdministrativeExpenses": 0,
    "sellingAndMarketingExpenses": 0,
    "sellingGeneralAndAdministrativeExpenses": 0,
    "otherExpenses": 171734000,
    "operatingExpenses": 171734000,
    "costAndExpenses": 647330000,
    "interestIncome": 387000,
    "interestExpense": 50063000,
    "depreciationAndAmortization": 143424000,
    "ebitda": 454771000,
    "ebitdaratio": 0.4814495647,
    "operatingIncome": 297257000,
    "operatingIncomeRatio": 0.3146952054,
    "totalOtherIncomeExpensesNet": -35973000,
    "incomeBeforeTax": 261284000,
    "incomeBeforeTaxRatio": 0.2766118949,
    "incomeTaxExpense": 88967000,
    "netIncome": 167443000,
    "netIncomeRatio": 0.1772658315,
    "eps": 1.5,
    "epsdiluted": 1.49,
    "weightedAverageShsOut": 111797000,
    "weightedAverageShsOutDil": 112345000,
    "link": "https://www.sec.gov/Archives/edgar/data/764622/000076462217000055/0000764622-17-000055-index.htm",
    "finalLink": "https://www.sec.gov/Archives/edgar/data/7286/000076462217000055/pnw-6301710q.htm"
  },
  {
    "date": "2017-03-31",
    "symbol": "PNW",
    "reportedCurrency": "USD",
    "cik": "0000764622",
    "fillingDate": "2017-05-02",
    "acceptedDate": "2017-05-02 08:35:59",
    "calendarYear": "2017",
    "period": "Q1",
    "revenue": 677728000,
    "costOfRevenue": 438466000,
    "grossProfit": 239262000,
    "grossProfitRatio": 0.353035436,
    "researchAndDevelopmentExpenses": 0,
    "generalAndAdministrativeExpenses": 0,
    "sellingAndMarketingExpenses": 0,
    "sellingGeneralAndAdministrativeExpenses": 0,
    "otherExpenses": 171851000,
    "operatingExpenses": 171851000,
    "costAndExpenses": 610317000,
    "interestIncome": 477000,
    "interestExpense": 47392000,
    "depreciationAndAmortization": 147861000,
    "ebitda": 227649000,
    "ebitdaratio": 0.3359002432,
    "operatingIncome": 67411000,
    "operatingIncomeRatio": 0.0994661575,
    "totalOtherIncomeExpensesNet": -35015000,
    "incomeBeforeTax": 32396000,
    "incomeBeforeTaxRatio": 0.0478008877,
    "incomeTaxExpense": 4211000,
    "netIncome": 23312000,
    "netIncomeRatio": 0.0343972803,
    "eps": 0.21,
    "epsdiluted": 0.21,
    "weightedAverageShsOut": 111728000,
    "weightedAverageShsOutDil": 112195000,
    "link": "https://www.sec.gov/Archives/edgar/data/764622/000076462217000030/0000764622-17-000030-index.htm",
    "finalLink": "https://www.sec.gov/Archives/edgar/data/7286/000076462217000030/pnw-3311710q.htm"
  },
  {
    "date": "2016-12-31",
    "symbol": "PNW",
    "reportedCurrency": "USD",
    "cik": "0000764622",
    "fillingDate": "2017-02-24",
    "acceptedDate": "2017-02-24 08:35:37",
    "calendarYear": "2016",
    "period": "Q4",
    "revenue": 739199000,
    "costOfRevenue": 451534000,
    "grossProfit": 287665000,
    "grossProfitRatio": 0.3891577234,
    "researchAndDevelopmentExpenses": 0,
    "generalAndAdministrativeExpenses": 0,
    "sellingAndMarketingExpenses": 0,
    "sellingGeneralAndAdministrativeExpenses": 0,
    "otherExpenses": 164849000,
    "operatingExpenses": 164849000,
    "costAndExpenses": 616383000,
    "interestIncome": 514000,
    "interestExpense": 45713000,
    "depreciationAndAmortization": 142160000,
    "ebitda": 273301000,
    "ebitdaratio": 0.369725879,
    "operatingIncome": 122816000,
    "operatingIncomeRatio": 0.1661474109,
    "totalOtherIncomeExpensesNet": -37388000,
    "incomeBeforeTax": 85428000,
    "incomeBeforeTaxRatio": 0.1155683382,
    "incomeTaxExpense": 27309000,
    "netIncome": 53246000,
    "netIncomeRatio": 0.0720320239,
    "eps": 0.48,
    "epsdiluted": 0.47,
    "weightedAverageShsOut": 111545000,
    "weightedAverageShsOutDil": 112223000,
    "link": "https://www.sec.gov/Archives/edgar/data/764622/000076462217000010/0000764622-17-000010-index.htm",
    "finalLink": "https://www.sec.gov/Archives/edgar/data/7286/000076462217000010/pnw2016123110-k.htm"
  },
  {
    "date": "2016-09-30",
    "symbol": "PNW",
    "reportedCurrency": "USD",
    "cik": "0000764622",
    "fillingDate": "2016-11-03",
    "acceptedDate": "2016-11-03 08:34:07",
    "calendarYear": "2016",
    "period": "Q3",
    "revenue": 1166922000,
    "costOfRevenue": 553688000,
    "grossProfit": 613234000,
    "grossProfitRatio": 0.5255141303,
    "researchAndDevelopmentExpenses": 0,
    "generalAndAdministrativeExpenses": 0,
    "sellingAndMarketingExpenses": 0,
    "sellingGeneralAndAdministrativeExpenses": 0,
    "otherExpenses": 161976000,
    "operatingExpenses": 161976000,
    "costAndExpenses": 715664000,
    "interestIncome": 65000,
    "interestExpense": 46972000,
    "depreciationAndAmortization": 140560000,
    "ebitda": 596878000,
    "ebitdaratio": 0.5114977693,
    "operatingIncome": 451258000,
    "operatingIncomeRatio": 0.3867079376,
    "totalOtherIncomeExpensesNet": -41912000,
    "incomeBeforeTax": 409346000,
    "incomeBeforeTaxRatio": 0.3507912268,
    "incomeTaxExpense": 141446000,
    "netIncome": 263027000,
    "netIncomeRatio": 0.2254023834,
    "eps": 2.36,
    "epsdiluted": 2.35,
    "weightedAverageShsOut": 111416000,
    "weightedAverageShsOutDil": 112100000,
    "link": "https://www.sec.gov/Archives/edgar/data/764622/000076462216000146/0000764622-16-000146-index.htm",
    "finalLink": "https://www.sec.gov/Archives/edgar/data/7286/000076462216000146/a09301610-q.htm"
  },
  {
    "date": "2016-06-30",
    "symbol": "PNW",
    "reportedCurrency": "USD",
    "cik": "0000764622",
    "fillingDate": "2016-08-02",
    "acceptedDate": "2016-08-02 08:35:50",
    "calendarYear": "2016",
    "period": "Q2",
    "revenue": 915394000,
    "costOfRevenue": 517127000,
    "grossProfit": 398267000,
    "grossProfitRatio": 0.4350771362,
    "researchAndDevelopmentExpenses": 0,
    "generalAndAdministrativeExpenses": 0,
    "sellingAndMarketingExpenses": 0,
    "sellingGeneralAndAdministrativeExpenses": 0,
    "otherExpenses": 166519000,
    "operatingExpenses": 166519000,
    "costAndExpenses": 683646000,
    "interestIncome": 184000,
    "interestExpense": 47548000,
    "depreciationAndAmortization": 141532000,
    "ebitda": 381004000,
    "ebitdaratio": 0.41621859,
    "operatingIncome": 231748000,
    "operatingIncomeRatio": 0.2531674885,
    "totalOtherIncomeExpensesNet": -39824000,
    "incomeBeforeTax": 191924000,
    "incomeBeforeTaxRatio": 0.2096627245,
    "incomeTaxExpense": 65742000,
    "netIncome": 121308000,
    "netIncomeRatio": 0.1325199859,
    "eps": 1.09,
    "epsdiluted": 1.08,
    "weightedAverageShsOut": 111368000,
    "weightedAverageShsOutDil": 112004000,
    "link": "https://www.sec.gov/Archives/edgar/data/764622/000076462216000125/0000764622-16-000125-index.htm",
    "finalLink": "https://www.sec.gov/Archives/edgar/data/7286/000076462216000125/pnw2016063010-q.htm"
  },
  {
    "date": "2016-03-31",
    "symbol": "PNW",
    "reportedCurrency": "USD",
    "cik": "0000764622",
    "fillingDate": "2016-04-29",
    "acceptedDate": "2016-04-29 08:32:36",
    "calendarYear": "2016",
    "period": "Q1",
    "revenue": 677167000,
    "costOfRevenue": 464480000,
    "grossProfit": 212687000,
    "grossProfitRatio": 0.3140835274,
    "researchAndDevelopmentExpenses": 0,
    "generalAndAdministrativeExpenses": 0,
    "sellingAndMarketingExpenses": 0,
    "sellingGeneralAndAdministrativeExpenses": 0,
    "otherExpenses": 162525000,
    "operatingExpenses": 162525000,
    "costAndExpenses": 627005000,
    "interestIncome": 117000,
    "interestExpense": 45517000,
    "depreciationAndAmortization": 140759000,
    "ebitda": 197516000,
    "ebitdaratio": 0.2916798958,
    "operatingIncome": 50162000,
    "operatingIncomeRatio": 0.0740762618,
    "totalOtherIncomeExpensesNet": -38922000,
    "incomeBeforeTax": 11240000,
    "incomeBeforeTaxRatio": 0.0165985643,
    "incomeTaxExpense": 1914000,
    "netIncome": 4453000,
    "netIncomeRatio": 0.0065759259,
    "eps": 0.04,
    "epsdiluted": 0.04,
    "weightedAverageShsOut": 111296000,
    "weightedAverageShsOutDil": 111847000,
    "link": "https://www.sec.gov/Archives/edgar/data/764622/000076462216000107/0000764622-16-000107-index.htm",
    "finalLink": "https://www.sec.gov/Archives/edgar/data/7286/000076462216000107/pnw2016033110-q.htm"
  },
  {
    "date": "2015-12-31",
    "symbol": "PNW",
    "reportedCurrency": "USD",
    "cik": "0000764622",
    "fillingDate": "2016-02-19",
    "acceptedDate": "2016-02-19 08:35:32",
    "calendarYear": "2015",
    "period": "Q4",
    "revenue": 734430000,
    "costOfRevenue": 454756000,
    "grossProfit": 279674000,
    "grossProfitRatio": 0.3808041611,
    "researchAndDevelopmentExpenses": 0,
    "generalAndAdministrativeExpenses": 0,
    "sellingAndMarketingExpenses": 0,
    "sellingGeneralAndAdministrativeExpenses": 0,
    "otherExpenses": 169840000,
    "operatingExpenses": 169840000,
    "costAndExpenses": 624596000,
    "interestIncome": 71000,
    "interestExpense": 44692000,
    "depreciationAndAmortization": 143543000,
    "ebitda": 257060000,
    "ebitdaratio": 0.3500129352,
    "operatingIncome": 109834000,
    "operatingIncomeRatio": 0.1495499911,
    "totalOtherIncomeExpensesNet": -41009000,
    "incomeBeforeTax": 68825000,
    "incomeBeforeTaxRatio": 0.0937121305,
    "incomeTaxExpense": 22847000,
    "netIncome": 41117000,
    "netIncomeRatio": 0.0559849135,
    "eps": 0,
    "epsdiluted": 0,
    "weightedAverageShsOut": 111152000,
    "weightedAverageShsOutDil": 111296000,
    "link": "https://www.sec.gov/Archives/edgar/data/764622/000076462216000087/0000764622-16-000087-index.htm",
    "finalLink": "https://www.sec.gov/Archives/edgar/data/7286/000076462216000087/pnw2015123110-k.htm"
  },
  {
    "date": "2015-09-30",
    "symbol": "PNW",
    "reportedCurrency": "USD",
    "cik": "0000764622",
    "fillingDate": "2015-10-30",
    "acceptedDate": "2015-10-30 08:33:55",
    "calendarYear": "2015",
    "period": "Q3",
    "revenue": 1199146000,
    "costOfRevenue": 584296000,
    "grossProfit": 614850000,
    "grossProfitRatio": 0.5127398999,
    "researchAndDevelopmentExpenses": 0,
    "generalAndAdministrativeExpenses": 0,
    "sellingAndMarketingExpenses": 0,
    "sellingGeneralAndAdministrativeExpenses": 0,
    "otherExpenses": 169739000,
    "operatingExpenses": 169739000,
    "costAndExpenses": 754035000,
    "interestIncome": 127000,
    "interestExpense": 45824000,
    "depreciationAndAmortization": 145903000,
    "ebitda": 593260000,
    "ebitdaratio": 0.49473542,
    "operatingIncome": 445111000,
    "operatingIncomeRatio": 0.3711899969,
    "totalOtherIncomeExpensesNet": -43578000,
    "incomeBeforeTax": 401533000,
    "incomeBeforeTaxRatio": 0.3348491343,
    "incomeTaxExpense": 139555000,
    "netIncome": 257116000,
    "netIncomeRatio": 0.214415926,
    "eps": 2.32,
    "epsdiluted": 2.3,
    "weightedAverageShsOut": 111036000,
    "weightedAverageShsOutDil": 111616000,
    "link": "https://www.sec.gov/Archives/edgar/data/764622/000076462215000069/0000764622-15-000069-index.htm",
    "finalLink": "https://www.sec.gov/Archives/edgar/data/7286/000076462215000069/a09301510-q.htm"
  },
  {
    "date": "2015-06-30",
    "symbol": "PNW",
    "reportedCurrency": "USD",
    "cik": "0000764622",
    "fillingDate": "2015-07-30",
    "acceptedDate": "2015-07-30 08:49:56",
    "calendarYear": "2015",
    "period": "Q2",
    "revenue": 890648000,
    "costOfRevenue": 492442000,
    "grossProfit": 398206000,
    "grossProfitRatio": 0.4470969451,
    "researchAndDevelopmentExpenses": 0,
    "generalAndAdministrativeExpenses": 0,
    "sellingAndMarketingExpenses": 0,
    "sellingGeneralAndAdministrativeExpenses": 0,
    "otherExpenses": 166233000,
    "operatingExpenses": 166233000,
    "costAndExpenses": 658675000,
    "interestIncome": 184000,
    "interestExpense": 44006000,
    "depreciationAndAmortization": 140724000,
    "ebitda": 379608000,
    "ebitdaratio": 0.4262155195,
    "operatingIncome": 231973000,
    "operatingIncomeRatio": 0.2604541862,
    "totalOtherIncomeExpensesNet": -37095000,
    "incomeBeforeTax": 194878000,
    "incomeBeforeTaxRatio": 0.2188047354,
    "incomeTaxExpense": 67371000,
    "netIncome": 122902000,
    "netIncomeRatio": 0.1379916645,
    "eps": 1.11,
    "epsdiluted": 1.1,
    "weightedAverageShsOut": 110986000,
    "weightedAverageShsOutDil": 111460000,
    "link": "https://www.sec.gov/Archives/edgar/data/764622/000076462215000052/0000764622-15-000052-index.htm",
    "finalLink": "https://www.sec.gov/Archives/edgar/data/7286/000076462215000052/a06301510-q.htm"
  },
  {
    "date": "2015-03-31",
    "symbol": "PNW",
    "reportedCurrency": "USD",
    "cik": "0000764622",
    "fillingDate": "2015-05-01",
    "acceptedDate": "2015-05-01 08:33:39",
    "calendarYear": "2015",
    "period": "Q1",
    "revenue": 671219000,
    "costOfRevenue": 438181000,
    "grossProfit": 233038000,
    "grossProfitRatio": 0.3471862388,
    "researchAndDevelopmentExpenses": 0,
    "generalAndAdministrativeExpenses": 0,
    "sellingAndMarketingExpenses": 0,
    "sellingGeneralAndAdministrativeExpenses": 0,
    "otherExpenses": 165354000,
    "operatingExpenses": 165354000,
    "costAndExpenses": 603535000,
    "interestIncome": 110000,
    "interestExpense": 44183000,
    "depreciationAndAmortization": 141494000,
    "ebitda": 214351000,
    "ebitdaratio": 0.3193458469,
    "operatingIncome": 67684000,
    "operatingIncomeRatio": 0.1008374316,
    "totalOtherIncomeExpensesNet": -39010000,
    "incomeBeforeTax": 28674000,
    "incomeBeforeTaxRatio": 0.0427192913,
    "incomeTaxExpense": 7947000,
    "netIncome": 16122000,
    "netIncomeRatio": 0.0240189864,
    "eps": 0.15,
    "epsdiluted": 0.14,
    "weightedAverageShsOut": 110916000,
    "weightedAverageShsOutDil": 111377000,
    "link": "https://www.sec.gov/Archives/edgar/data/764622/000076462215000030/0000764622-15-000030-index.htm",
    "finalLink": "https://www.sec.gov/Archives/edgar/data/7286/000076462215000030/a3311510-q.htm"
  },
  {
    "date": "2014-12-31",
    "symbol": "PNW",
    "reportedCurrency": "USD",
    "cik": "0000764622",
    "fillingDate": "2015-02-20",
    "acceptedDate": "2015-02-20 08:34:03",
    "calendarYear": "2014",
    "period": "Q4",
    "revenue": 726450000,
    "costOfRevenue": 517331000,
    "grossProfit": 209119000,
    "grossProfitRatio": 0.2878642715,
    "researchAndDevelopmentExpenses": 0,
    "generalAndAdministrativeExpenses": 0,
    "sellingAndMarketingExpenses": 0,
    "sellingGeneralAndAdministrativeExpenses": 0,
    "otherExpenses": 148935000,
    "operatingExpenses": 148935000,
    "costAndExpenses": 666266000,
    "interestIncome": 161000,
    "interestExpense": 44186000,
    "depreciationAndAmortization": 124765000,
    "ebitda": 183493000,
    "ebitdaratio": 0.2525886159,
    "operatingIncome": 60184000,
    "operatingIncomeRatio": 0.0828467204,
    "totalOtherIncomeExpensesNet": -45642000,
    "incomeBeforeTax": 14542000,
    "incomeBeforeTaxRatio": 0.0200178952,
    "incomeTaxExpense": 5007000,
    "netIncome": 5410000,
    "netIncomeRatio": 0.0074471746,
    "eps": 0.05,
    "epsdiluted": 0.05,
    "weightedAverageShsOut": 110765000,
    "weightedAverageShsOutDil": 111284000,
    "link": "https://www.sec.gov/Archives/edgar/data/764622/000076462215000013/0000764622-15-000013-index.htm",
    "finalLink": "https://www.sec.gov/Archives/edgar/data/7286/000076462215000013/pnw12311410-k.htm"
  },
  {
    "date": "2014-09-30",
    "symbol": "PNW",
    "reportedCurrency": "USD",
    "cik": "0000764622",
    "fillingDate": "2014-10-31",
    "acceptedDate": "2014-10-31 08:34:22",
    "calendarYear": "2014",
    "period": "Q3",
    "revenue": 1172667000,
    "costOfRevenue": 605779000,
    "grossProfit": 566888000,
    "grossProfitRatio": 0.4834177136,
    "researchAndDevelopmentExpenses": 0,
    "generalAndAdministrativeExpenses": 0,
    "sellingAndMarketingExpenses": 0,
    "sellingGeneralAndAdministrativeExpenses": 0,
    "otherExpenses": 145113000,
    "operatingExpenses": 145113000,
    "costAndExpenses": 750892000,
    "interestIncome": 103000,
    "interestExpense": 44147000,
    "depreciationAndAmortization": 125351000,
    "ebitda": 552337000,
    "ebitdaratio": 0.4710092464,
    "operatingIncome": 421775000,
    "operatingIncomeRatio": 0.3596715862,
    "totalOtherIncomeExpensesNet": -38936000,
    "incomeBeforeTax": 382839000,
    "incomeBeforeTaxRatio": 0.3264686394,
    "incomeTaxExpense": 134753000,
    "netIncome": 243961000,
    "netIncomeRatio": 0.208039452,
    "eps": 2.2,
    "epsdiluted": 2.2,
    "weightedAverageShsOut": 110686000,
    "weightedAverageShsOutDil": 111103000,
    "link": "https://www.sec.gov/Archives/edgar/data/764622/000076462214000022/0000764622-14-000022-index.htm",
    "finalLink": "https://www.sec.gov/Archives/edgar/data/7286/000076462214000022/a09301410-q.htm"
  },
  {
    "date": "2014-06-30",
    "symbol": "PNW",
    "reportedCurrency": "USD",
    "cik": "0000764622",
    "fillingDate": "2014-07-31",
    "acceptedDate": "2014-07-31 08:33:09",
    "calendarYear": "2014",
    "period": "Q2",
    "revenue": 906264000,
    "costOfRevenue": 502076000,
    "grossProfit": 404188000,
    "grossProfitRatio": 0.4459936619,
    "researchAndDevelopmentExpenses": 0,
    "generalAndAdministrativeExpenses": 0,
    "sellingAndMarketingExpenses": 0,
    "sellingGeneralAndAdministrativeExpenses": 0,
    "otherExpenses": 150075000,
    "operatingExpenses": 150075000,
    "costAndExpenses": 652151000,
    "interestIncome": 495000,
    "interestExpense": 47961000,
    "depreciationAndAmortization": 123977000,
    "ebitda": 387862000,
    "ebitdaratio": 0.4279790436,
    "operatingIncome": 254113000,
    "operatingIncomeRatio": 0.2803962201,
    "totalOtherIncomeExpensesNet": -38189000,
    "incomeBeforeTax": 215924000,
    "incomeBeforeTaxRatio": 0.2382572849,
    "incomeTaxExpense": 74540000,
    "netIncome": 132458000,
    "netIncomeRatio": 0.1461582938,
    "eps": 1.2,
    "epsdiluted": 1.19,
    "weightedAverageShsOut": 110565000,
    "weightedAverageShsOutDil": 111002000,
    "link": "https://www.sec.gov/Archives/edgar/data/764622/000110465914055234/0001104659-14-055234-index.htm",
    "finalLink": "https://www.sec.gov/Archives/edgar/data/7286/000110465914055234/a14-13937_110q.htm"
  },
  {
    "date": "2014-03-31",
    "symbol": "PNW",
    "reportedCurrency": "USD",
    "cik": "0000764622",
    "fillingDate": "2014-05-02",
    "acceptedDate": "2014-05-02 08:35:14",
    "calendarYear": "2014",
    "period": "Q1",
    "revenue": 686251000,
    "costOfRevenue": 462668000,
    "grossProfit": 223583000,
    "grossProfitRatio": 0.3258035325,
    "researchAndDevelopmentExpenses": 0,
    "generalAndAdministrativeExpenses": 0,
    "sellingAndMarketingExpenses": 0,
    "sellingGeneralAndAdministrativeExpenses": 0,
    "otherExpenses": 148413000,
    "operatingExpenses": 148413000,
    "costAndExpenses": 611081000,
    "interestIncome": 251000,
    "interestExpense": 49199000,
    "depreciationAndAmortization": 122394000,
    "ebitda": 202689000,
    "ebitdaratio": 0.2953569467,
    "operatingIncome": 75170000,
    "operatingIncomeRatio": 0.109537181,
    "totalOtherIncomeExpensesNet": -44074000,
    "incomeBeforeTax": 31096000,
    "incomeBeforeTaxRatio": 0.0453128666,
    "incomeTaxExpense": 6405000,
    "netIncome": 15766000,
    "netIncomeRatio": 0.0229741013,
    "eps": 0.14,
    "epsdiluted": 0.14,
    "weightedAverageShsOut": 110257000,
    "weightedAverageShsOutDil": 110888000,
    "link": "https://www.sec.gov/Archives/edgar/data/764622/000110465914033796/0001104659-14-033796-index.htm",
    "finalLink": "https://www.sec.gov/Archives/edgar/data/7286/000110465914033796/a14-8980_110q.htm"
  },
  {
    "date": "2013-12-31",
    "symbol": "PNW",
    "reportedCurrency": "USD",
    "cik": "0000764622",
    "fillingDate": "2014-02-21",
    "acceptedDate": "2014-02-21 08:38:08",
    "calendarYear": "2013",
    "period": "Q4",
    "revenue": 699762000,
    "costOfRevenue": 475347000,
    "grossProfit": 224415000,
    "grossProfitRatio": 0.3207018958,
    "researchAndDevelopmentExpenses": 0,
    "generalAndAdministrativeExpenses": 0,
    "sellingAndMarketingExpenses": 0,
    "sellingGeneralAndAdministrativeExpenses": 0,
    "otherExpenses": 140515000,
    "operatingExpenses": 140515000,
    "costAndExpenses": 615862000,
    "interestIncome": 338000,
    "interestExpense": 46516000,
    "depreciationAndAmortization": 114351000,
    "ebitda": 202848000,
    "ebitdaratio": 0.2898814168,
    "operatingIncome": 83900000,
    "operatingIncomeRatio": 0.1198979081,
    "totalOtherIncomeExpensesNet": -41919000,
    "incomeBeforeTax": 41981000,
    "incomeBeforeTaxRatio": 0.0599932548,
    "incomeTaxExpense": 9167000,
    "netIncome": 24260000,
    "netIncomeRatio": 0.0346689303,
    "eps": 0,
    "epsdiluted": 0,
    "weightedAverageShsOut": 110131000,
    "weightedAverageShsOutDil": 110257000,
    "link": "https://www.sec.gov/Archives/edgar/data/764622/000110465914012068/0001104659-14-012068-index.htm",
    "finalLink": "https://www.sec.gov/Archives/edgar/data/7286/000110465914012068/a13-25897_110k.htm"
  },
  {
    "date": "2013-09-30",
    "symbol": "PNW",
    "reportedCurrency": "USD",
    "cik": "0000764622",
    "fillingDate": "2013-10-31",
    "acceptedDate": "2013-10-31 08:33:21",
    "calendarYear": "2013",
    "period": "Q3",
    "revenue": 1152392000,
    "costOfRevenue": 584276000,
    "grossProfit": 568116000,
    "grossProfitRatio": 0.492988497,
    "researchAndDevelopmentExpenses": 0,
    "generalAndAdministrativeExpenses": 0,
    "sellingAndMarketingExpenses": 0,
    "sellingGeneralAndAdministrativeExpenses": 0,
    "otherExpenses": 152428000,
    "operatingExpenses": 152428000,
    "costAndExpenses": 736704000,
    "interestIncome": 116000,
    "interestExpense": 47352000,
    "depreciationAndAmortization": 128489000,
    "ebitda": 542471000,
    "ebitdaratio": 0.4707347847,
    "operatingIncome": 415688000,
    "operatingIncomeRatio": 0.3607175336,
    "totalOtherIncomeExpensesNet": -49058000,
    "incomeBeforeTax": 366630000,
    "incomeBeforeTaxRatio": 0.31814695,
    "incomeTaxExpense": 131912000,
    "netIncome": 226163000,
    "netIncomeRatio": 0.1962552673,
    "eps": 2.06,
    "epsdiluted": 2.04,
    "weightedAverageShsOut": 110009000,
    "weightedAverageShsOutDil": 111053000,
    "link": "https://www.sec.gov/Archives/edgar/data/764622/000110465913079469/0001104659-13-079469-index.htm",
    "finalLink": "https://www.sec.gov/Archives/edgar/data/7286/000110465913079469/a13-19652_110q.htm"
  },
  {
    "date": "2013-06-30",
    "symbol": "PNW",
    "reportedCurrency": "USD",
    "cik": "0000764622",
    "fillingDate": "2013-08-02",
    "acceptedDate": "2013-08-02 08:33:37",
    "calendarYear": "2013",
    "period": "Q2",
    "revenue": 915822000,
    "costOfRevenue": 506884000,
    "grossProfit": 408938000,
    "grossProfitRatio": 0.4465256349,
    "researchAndDevelopmentExpenses": 0,
    "generalAndAdministrativeExpenses": 0,
    "sellingAndMarketingExpenses": 0,
    "sellingGeneralAndAdministrativeExpenses": 0,
    "otherExpenses": 149126000,
    "operatingExpenses": 149126000,
    "costAndExpenses": 656010000,
    "interestIncome": 467000,
    "interestExpense": 47671000,
    "depreciationAndAmortization": 125138000,
    "ebitda": 389450000,
    "ebitdaratio": 0.4252463907,
    "operatingIncome": 259812000,
    "operatingIncomeRatio": 0.2836926826,
    "totalOtherIncomeExpensesNet": -43171000,
    "incomeBeforeTax": 216641000,
    "incomeBeforeTaxRatio": 0.2365536098,
    "incomeTaxExpense": 77043000,
    "netIncome": 131207000,
    "netIncomeRatio": 0.143266923,
    "eps": 1.19,
    "epsdiluted": 1.18,
    "weightedAverageShsOut": 109962000,
    "weightedAverageShsOutDil": 110932000,
    "link": "https://www.sec.gov/Archives/edgar/data/764622/000110465913059175/0001104659-13-059175-index.htm",
    "finalLink": "https://www.sec.gov/Archives/edgar/data/7286/000110465913059175/a13-13780_110q.htm"
  },
  {
    "date": "2013-03-31",
    "symbol": "PNW",
    "reportedCurrency": "USD",
    "cik": "0000764622",
    "fillingDate": "2013-05-03",
    "acceptedDate": "2013-05-03 08:02:42",
    "calendarYear": "2013",
    "period": "Q1",
    "revenue": 686652000,
    "costOfRevenue": 453929000,
    "grossProfit": 232723000,
    "grossProfitRatio": 0.3389242294,
    "researchAndDevelopmentExpenses": 0,
    "generalAndAdministrativeExpenses": 0,
    "sellingAndMarketingExpenses": 0,
    "sellingGeneralAndAdministrativeExpenses": 0,
    "otherExpenses": 145800000,
    "operatingExpenses": 145800000,
    "costAndExpenses": 599729000,
    "interestIncome": 76000,
    "interestExpense": 45488000,
    "depreciationAndAmortization": 124344000,
    "ebitda": 215137000,
    "ebitdaratio": 0.3133130028,
    "operatingIncome": 86923000,
    "operatingIncomeRatio": 0.1265895971,
    "totalOtherIncomeExpensesNet": -41618000,
    "incomeBeforeTax": 45305000,
    "incomeBeforeTaxRatio": 0.0659795646,
    "incomeTaxExpense": 12469000,
    "netIncome": 24444000,
    "netIncomeRatio": 0.0355988186,
    "eps": 0.22,
    "epsdiluted": 0.22,
    "weightedAverageShsOut": 109832000,
    "weightedAverageShsOutDil": 110835000,
    "link": "https://www.sec.gov/Archives/edgar/data/764622/000110465913036811/0001104659-13-036811-index.htm",
    "finalLink": "https://www.sec.gov/Archives/edgar/data/7286/000110465913036811/a13-8462_110q.htm"
  },
  {
    "date": "2012-12-31",
    "symbol": "PNW",
    "reportedCurrency": "USD",
    "cik": "0000764622",
    "fillingDate": "2013-02-22",
    "acceptedDate": "2013-02-22 08:06:01",
    "calendarYear": "2012",
    "period": "Q4",
    "revenue": 693122000,
    "costOfRevenue": 1095633000,
    "grossProfit": -402511000,
    "grossProfitRatio": -0.58072172,
    "researchAndDevelopmentExpenses": 0,
    "generalAndAdministrativeExpenses": 0,
    "sellingAndMarketingExpenses": 0,
    "sellingGeneralAndAdministrativeExpenses": 0,
    "otherExpenses": -503800000,
    "operatingExpenses": -503800000,
    "costAndExpenses": 591833000,
    "interestIncome": 221000,
    "interestExpense": 47864000,
    "depreciationAndAmortization": 120692000,
    "ebitda": 221618000,
    "ebitdaratio": 0.319738805,
    "operatingIncome": 101289000,
    "operatingIncomeRatio": 0.1461344467,
    "totalOtherIncomeExpensesNet": -48227000,
    "incomeBeforeTax": 53062000,
    "incomeBeforeTaxRatio": 0.0765550653,
    "incomeTaxExpense": 18157000,
    "netIncome": 22631000,
    "netIncomeRatio": 0.0326508176,
    "eps": 0,
    "epsdiluted": 0,
    "weightedAverageShsOut": 109693000,
    "weightedAverageShsOutDil": 109832000,
    "link": "https://www.sec.gov/Archives/edgar/data/764622/000110465913012982/0001104659-13-012982-index.htm",
    "finalLink": "https://www.sec.gov/Archives/edgar/data/7286/000110465913012982/a12-28943_110k.htm"
  },
  {
    "date": "2012-09-30",
    "symbol": "PNW",
    "reportedCurrency": "USD",
    "cik": "0000764622",
    "fillingDate": "2012-11-02",
    "acceptedDate": "2012-11-02 08:05:56",
    "calendarYear": "2012",
    "period": "Q3",
    "revenue": 1109475000,
    "costOfRevenue": 523623000,
    "grossProfit": 585852000,
    "grossProfitRatio": 0.5280443453,
    "researchAndDevelopmentExpenses": 0,
    "generalAndAdministrativeExpenses": 0,
    "sellingAndMarketingExpenses": 0,
    "sellingGeneralAndAdministrativeExpenses": 0,
    "otherExpenses": 137882000,
    "operatingExpenses": 137882000,
    "costAndExpenses": 661505000,
    "interestIncome": 307000,
    "interestExpense": 48412000,
    "depreciationAndAmortization": 120827000,
    "ebitda": 569229000,
    "ebitdaratio": 0.5130615832,
    "operatingIncome": 447970000,
    "operatingIncomeRatio": 0.4037675477,
    "totalOtherIncomeExpensesNet": -47980000,
    "incomeBeforeTax": 399990000,
    "incomeBeforeTaxRatio": 0.3605218685,
    "incomeTaxExpense": 147116000,
    "netIncome": 244823000,
    "netIncomeRatio": 0.2206656301,
    "eps": 2.23,
    "epsdiluted": 2.21,
    "weightedAverageShsOut": 109555000,
    "weightedAverageShsOutDil": 110655000,
    "link": "https://www.sec.gov/Archives/edgar/data/764622/000110465912073437/0001104659-12-073437-index.htm",
    "finalLink": "https://www.sec.gov/Archives/edgar/data/7286/000110465912073437/a12-19948_110q.htm"
  },
  {
    "date": "2012-06-30",
    "symbol": "PNW",
    "reportedCurrency": "USD",
    "cik": "0000764622",
    "fillingDate": "2012-08-02",
    "acceptedDate": "2012-08-02 08:02:46",
    "calendarYear": "2012",
    "period": "Q2",
    "revenue": 878576000,
    "costOfRevenue": 480959000,
    "grossProfit": 397617000,
    "grossProfitRatio": 0.4525698403,
    "researchAndDevelopmentExpenses": 0,
    "generalAndAdministrativeExpenses": 0,
    "sellingAndMarketingExpenses": 0,
    "sellingGeneralAndAdministrativeExpenses": 0,
    "otherExpenses": 143128000,
    "operatingExpenses": 143128000,
    "costAndExpenses": 624087000,
    "interestIncome": 107000,
    "interestExpense": 53000000,
    "depreciationAndAmortization": 121256000,
    "ebitda": 378428000,
    "ebitdaratio": 0.4307288157,
    "operatingIncome": 254489000,
    "operatingIncomeRatio": 0.2896607692,
    "totalOtherIncomeExpensesNet": -46870000,
    "incomeBeforeTax": 207619000,
    "incomeBeforeTaxRatio": 0.2363130793,
    "incomeTaxExpense": 76689000,
    "netIncome": 122345000,
    "netIncomeRatio": 0.139253747,
    "eps": 1.12,
    "epsdiluted": 1.11,
    "weightedAverageShsOut": 109491000,
    "weightedAverageShsOutDil": 110359000,
    "link": "https://www.sec.gov/Archives/edgar/data/764622/000110465912053498/0001104659-12-053498-index.htm",
    "finalLink": "https://www.sec.gov/Archives/edgar/data/7286/000110465912053498/a12-13778_110q.htm"
  },
  {
    "date": "2012-03-31",
    "symbol": "PNW",
    "reportedCurrency": "USD",
    "cik": "0000764622",
    "fillingDate": "2012-05-03",
    "acceptedDate": "2012-05-03 08:05:28",
    "calendarYear": "2012",
    "period": "Q1",
    "revenue": 620631000,
    "costOfRevenue": 426972000,
    "grossProfit": 193659000,
    "grossProfitRatio": 0.312035654,
    "researchAndDevelopmentExpenses": 0,
    "generalAndAdministrativeExpenses": 0,
    "sellingAndMarketingExpenses": 0,
    "sellingGeneralAndAdministrativeExpenses": 0,
    "otherExpenses": 145652000,
    "operatingExpenses": 145652000,
    "costAndExpenses": 572624000,
    "interestIncome": 605000,
    "interestExpense": 53816000,
    "depreciationAndAmortization": 118487000,
    "ebitda": 167942000,
    "ebitdaratio": 0.2705987938,
    "operatingIncome": 48007000,
    "operatingIncomeRatio": 0.0773519209,
    "totalOtherIncomeExpensesNet": -52368000,
    "incomeBeforeTax": -4361000,
    "incomeBeforeTaxRatio": -0.0070267196,
    "incomeTaxExpense": -4645000,
    "netIncome": -8257000,
    "netIncomeRatio": -0.0133042017,
    "eps": -0.08,
    "epsdiluted": -0.08,
    "weightedAverageShsOut": 109299000,
    "weightedAverageShsOutDil": 109299000,
    "link": "https://www.sec.gov/Archives/edgar/data/764622/000110465912032315/0001104659-12-032315-index.htm",
    "finalLink": "https://www.sec.gov/Archives/edgar/data/7286/000110465912032315/a12-8451_110q.htm"
  },
  {
    "date": "2011-12-31",
    "symbol": "PNW",
    "reportedCurrency": "USD",
    "cik": "0000764622",
    "fillingDate": "2012-02-24",
    "acceptedDate": "2012-02-24 08:03:21",
    "calendarYear": "2011",
    "period": "Q4",
    "revenue": 667892000,
    "costOfRevenue": 215512000,
    "grossProfit": 452380000,
    "grossProfitRatio": 0.6773250765,
    "researchAndDevelopmentExpenses": 0,
    "generalAndAdministrativeExpenses": 0,
    "sellingAndMarketingExpenses": 0,
    "sellingGeneralAndAdministrativeExpenses": 0,
    "otherExpenses": 373665000,
    "operatingExpenses": 373665000,
    "costAndExpenses": 589177000,
    "interestIncome": 486000,
    "interestExpense": 54757000,
    "depreciationAndAmortization": 123677000,
    "ebitda": 205353000,
    "ebitdaratio": 0.3074643805,
    "operatingIncome": 78715000,
    "operatingIncomeRatio": 0.1178558809,
    "totalOtherIncomeExpensesNet": -51796000,
    "incomeBeforeTax": 26919000,
    "incomeBeforeTaxRatio": 0.0403044205,
    "incomeTaxExpense": 7375000,
    "netIncome": 12564000,
    "netIncomeRatio": 0.0188114246,
    "eps": 0,
    "epsdiluted": 0,
    "weightedAverageShsOut": 109203000,
    "weightedAverageShsOutDil": 109299000,
    "link": "https://www.sec.gov/Archives/edgar/data/764622/000110465912012301/0001104659-12-012301-index.htm",
    "finalLink": "https://www.sec.gov/Archives/edgar/data/7286/000110465912012301/a12-3670_410k.htm"
  },
  {
    "date": "2011-09-30",
    "symbol": "PNW",
    "reportedCurrency": "USD",
    "cik": "0000764622",
    "fillingDate": "2011-11-01",
    "acceptedDate": "2011-11-01 08:05:52",
    "calendarYear": "2011",
    "period": "Q3",
    "revenue": 1124841000,
    "costOfRevenue": 337896000,
    "grossProfit": 786945000,
    "grossProfitRatio": 0.6996055443,
    "researchAndDevelopmentExpenses": 0,
    "generalAndAdministrativeExpenses": 0,
    "sellingAndMarketingExpenses": 0,
    "sellingGeneralAndAdministrativeExpenses": 0,
    "otherExpenses": 351928000,
    "operatingExpenses": 351928000,
    "costAndExpenses": 689824000,
    "interestIncome": 429000,
    "interestExpense": 55095000,
    "depreciationAndAmortization": 124407000,
    "ebitda": 564191000,
    "ebitdaratio": 0.5015740002,
    "operatingIncome": 435017000,
    "operatingIncomeRatio": 0.3867364365,
    "totalOtherIncomeExpensesNet": -50328000,
    "incomeBeforeTax": 384689000,
    "incomeBeforeTaxRatio": 0.3419941129,
    "incomeTaxExpense": 131416000,
    "netIncome": 255359000,
    "netIncomeRatio": 0.227017863,
    "eps": 2.34,
    "epsdiluted": 2.32,
    "weightedAverageShsOut": 109128000,
    "weightedAverageShsOutDil": 109861000,
    "link": "https://www.sec.gov/Archives/edgar/data/764622/000110465911059342/0001104659-11-059342-index.htm",
    "finalLink": "https://www.sec.gov/Archives/edgar/data/7286/000110465911059342/a11-25965_110q.htm"
  },
  {
    "date": "2011-06-30",
    "symbol": "PNW",
    "reportedCurrency": "USD",
    "cik": "0000764622",
    "fillingDate": "2011-08-02",
    "acceptedDate": "2011-08-02 08:02:14",
    "calendarYear": "2011",
    "period": "Q2",
    "revenue": 799799000,
    "costOfRevenue": 244049000,
    "grossProfit": 555750000,
    "grossProfitRatio": 0.6948620841,
    "researchAndDevelopmentExpenses": 0,
    "generalAndAdministrativeExpenses": 0,
    "sellingAndMarketingExpenses": 0,
    "sellingGeneralAndAdministrativeExpenses": 0,
    "otherExpenses": 358758000,
    "operatingExpenses": 358758000,
    "costAndExpenses": 602807000,
    "interestIncome": 543000,
    "interestExpense": 56284000,
    "depreciationAndAmortization": 122402000,
    "ebitda": 326545000,
    "ebitdaratio": 0.4082838313,
    "operatingIncome": 196992000,
    "operatingIncomeRatio": 0.2463018833,
    "totalOtherIncomeExpensesNet": -52989000,
    "incomeBeforeTax": 144003000,
    "incomeBeforeTaxRatio": 0.1800489873,
    "incomeTaxExpense": 50818000,
    "netIncome": 86685000,
    "netIncomeRatio": 0.1083834813,
    "eps": 0.8,
    "epsdiluted": 0.79,
    "weightedAverageShsOut": 109044000,
    "weightedAverageShsOutDil": 109718000,
    "link": "https://www.sec.gov/Archives/edgar/data/764622/000110465911042451/0001104659-11-042451-index.htm",
    "finalLink": "https://www.sec.gov/Archives/edgar/data/7286/000110465911042451/a11-16410_110q.htm"
  },
  {
    "date": "2011-03-31",
    "symbol": "PNW",
    "reportedCurrency": "USD",
    "cik": "0000764622",
    "fillingDate": "2011-04-29",
    "acceptedDate": "2011-04-29 08:06:43",
    "calendarYear": "2011",
    "period": "Q1",
    "revenue": 659575000,
    "costOfRevenue": 212007000,
    "grossProfit": 436840000,
    "grossProfitRatio": 0.6623052723,
    "researchAndDevelopmentExpenses": 0,
    "generalAndAdministrativeExpenses": 0,
    "sellingAndMarketingExpenses": 0,
    "sellingGeneralAndAdministrativeExpenses": 0,
    "otherExpenses": 401056000,
    "operatingExpenses": 401056000,
    "costAndExpenses": 613063000,
    "interestIncome": 391000,
    "interestExpense": 57501000,
    "depreciationAndAmortization": 123298000,
    "ebitda": 164426000,
    "ebitdaratio": 0.2492908312,
    "operatingIncome": 35784000,
    "operatingIncomeRatio": 0.0542531175,
    "totalOtherIncomeExpensesNet": -52157000,
    "incomeBeforeTax": -14974000,
    "incomeBeforeTaxRatio": -0.0227024978,
    "incomeTaxExpense": -5649000,
    "netIncome": -15135000,
    "netIncomeRatio": -0.0229465944,
    "eps": -0.14,
    "epsdiluted": -0.14,
    "weightedAverageShsOut": 108832000,
    "weightedAverageShsOutDil": 108832000,
    "link": "https://www.sec.gov/Archives/edgar/data/764622/000095012311041426/0000950123-11-041426-index.htm",
    "finalLink": "https://www.sec.gov/Archives/edgar/data/7286/000095012311041426/c14889e10vq.htm"
  },
  {
    "date": "2010-12-31",
    "symbol": "PNW",
    "reportedCurrency": "USD",
    "cik": "0000764622",
    "fillingDate": "2011-02-18",
    "acceptedDate": "2011-02-18 08:04:00",
    "calendarYear": "2010",
    "period": "Q4",
    "revenue": 683611000,
    "costOfRevenue": 225571000,
    "grossProfit": 458040000,
    "grossProfitRatio": 0.670030178,
    "researchAndDevelopmentExpenses": 0,
    "generalAndAdministrativeExpenses": 0,
    "sellingAndMarketingExpenses": 0,
    "sellingGeneralAndAdministrativeExpenses": 0,
    "otherExpenses": 398722000,
    "operatingExpenses": 398722000,
    "costAndExpenses": 624293000,
    "interestIncome": 658000,
    "interestExpense": 58012000,
    "depreciationAndAmortization": 122045000,
    "ebitda": 188438000,
    "ebitdaratio": 0.2756509184,
    "operatingIncome": 59318000,
    "operatingIncomeRatio": 0.0867715704,
    "totalOtherIncomeExpensesNet": -50937000,
    "incomeBeforeTax": 8381000,
    "incomeBeforeTaxRatio": 0.0122598963,
    "incomeTaxExpense": -3822000,
    "netIncome": 7350000,
    "netIncomeRatio": 0.0107517287,
    "eps": 0,
    "epsdiluted": 0,
    "weightedAverageShsOut": 108754000,
    "weightedAverageShsOutDil": 108832000,
    "link": "https://www.sec.gov/Archives/edgar/data/764622/000095012311015421/0000950123-11-015421-index.htm",
    "finalLink": "https://www.sec.gov/Archives/edgar/data/7286/000095012311015421/c09734e10vk.htm"
  },
  {
    "date": "2010-09-30",
    "symbol": "PNW",
    "reportedCurrency": "USD",
    "cik": "0000764622",
    "fillingDate": "2010-10-28",
    "acceptedDate": "2010-10-28 08:01:58",
    "calendarYear": "2010",
    "period": "Q3",
    "revenue": 1139085000,
    "costOfRevenue": 353904000,
    "grossProfit": 762806000,
    "grossProfitRatio": 0.6696655649,
    "researchAndDevelopmentExpenses": 0,
    "generalAndAdministrativeExpenses": 0,
    "sellingAndMarketingExpenses": 0,
    "sellingGeneralAndAdministrativeExpenses": 0,
    "otherExpenses": 362532000,
    "operatingExpenses": 362532000,
    "costAndExpenses": 716436000,
    "interestIncome": 943000,
    "interestExpense": 54328000,
    "depreciationAndAmortization": 120798000,
    "ebitda": 526963000,
    "ebitdaratio": 0.4626195587,
    "operatingIncome": 400274000,
    "operatingIncomeRatio": 0.3513995883,
    "totalOtherIncomeExpensesNet": -48365000,
    "incomeBeforeTax": 355314000,
    "incomeBeforeTaxRatio": 0.3119293117,
    "incomeTaxExpense": 123486000,
    "netIncome": 233920000,
    "netIncomeRatio": 0.2053578091,
    "eps": 2.15,
    "epsdiluted": 2.14,
    "weightedAverageShsOut": 108632000,
    "weightedAverageShsOutDil": 109094000,
    "link": "https://www.sec.gov/Archives/edgar/data/764622/000095012310097081/0000950123-10-097081-index.htm",
    "finalLink": "https://www.sec.gov/Archives/edgar/data/7286/000095012310097081/c06270e10vq.htm"
  },
  {
    "date": "2010-06-30",
    "symbol": "PNW",
    "reportedCurrency": "USD",
    "cik": "0000764622",
    "fillingDate": "2010-08-03",
    "acceptedDate": "2010-08-03 08:03:15",
    "calendarYear": "2010",
    "period": "Q2",
    "revenue": 820594000,
    "costOfRevenue": 251800000,
    "grossProfit": 550995000,
    "grossProfitRatio": 0.6714587238,
    "researchAndDevelopmentExpenses": 0,
    "generalAndAdministrativeExpenses": 0,
    "sellingAndMarketingExpenses": 0,
    "sellingGeneralAndAdministrativeExpenses": 0,
    "otherExpenses": 349611000,
    "operatingExpenses": 349611000,
    "costAndExpenses": 601411000,
    "interestIncome": 625000,
    "interestExpense": 57637000,
    "depreciationAndAmortization": 115842000,
    "ebitda": 318023000,
    "ebitdaratio": 0.3875521878,
    "operatingIncome": 201384000,
    "operatingIncomeRatio": 0.2454124695,
    "totalOtherIncomeExpensesNet": -56882000,
    "incomeBeforeTax": 146413000,
    "incomeBeforeTaxRatio": 0.178423191,
    "incomeTaxExpense": 51829000,
    "netIncome": 114797000,
    "netIncomeRatio": 0.1398950029,
    "eps": 1.07,
    "epsdiluted": 1.07,
    "weightedAverageShsOut": 107355000,
    "weightedAverageShsOutDil": 107764000,
    "link": "https://www.sec.gov/Archives/edgar/data/764622/000095012310071509/0000950123-10-071509-index.htm",
    "finalLink": "https://www.sec.gov/Archives/edgar/data/7286/000095012310071509/c03233e10vq.htm"
  },
  {
    "date": "2010-03-31",
    "symbol": "PNW",
    "reportedCurrency": "USD",
    "cik": "0000764622",
    "fillingDate": "2010-05-06",
    "acceptedDate": "2010-05-06 08:05:40",
    "calendarYear": "2010",
    "period": "Q1",
    "revenue": 633591000,
    "costOfRevenue": 215540000,
    "grossProfit": 404815000,
    "grossProfitRatio": 0.6389216387,
    "researchAndDevelopmentExpenses": 0,
    "generalAndAdministrativeExpenses": 0,
    "sellingAndMarketingExpenses": 0,
    "sellingGeneralAndAdministrativeExpenses": 0,
    "otherExpenses": 347147000,
    "operatingExpenses": 347147000,
    "costAndExpenses": 562687000,
    "interestIncome": 875000,
    "interestExpense": 58974000,
    "depreciationAndAmortization": 114122000,
    "ebitda": 176591000,
    "ebitdaratio": 0.2787145019,
    "operatingIncome": 57668000,
    "operatingIncomeRatio": 0.091017707,
    "totalOtherIncomeExpensesNet": -52857000,
    "incomeBeforeTax": -16252000,
    "incomeBeforeTaxRatio": -0.0256506169,
    "incomeTaxExpense": -15480000,
    "netIncome": -6014000,
    "netIncomeRatio": -0.0094919278,
    "eps": -0.06,
    "epsdiluted": -0.06,
    "weightedAverageShsOut": 101474000,
    "weightedAverageShsOutDil": 101474000,
    "link": "https://www.sec.gov/Archives/edgar/data/764622/000095012310045057/0000950123-10-045057-index.htm",
    "finalLink": "https://www.sec.gov/Archives/edgar/data/7286/000095012310045057/c98580e10vq.htm"
  },
  {
    "date": "2009-12-31",
    "symbol": "PNW",
    "reportedCurrency": "USD",
    "cik": "0000764622",
    "fillingDate": "2010-02-19",
    "acceptedDate": "2010-02-19 08:02:57",
    "calendarYear": "2009",
    "period": "Q4",
    "revenue": 687846000,
    "costOfRevenue": 283478000,
    "grossProfit": 404368000,
    "grossProfitRatio": 0.5878757745,
    "researchAndDevelopmentExpenses": 0,
    "generalAndAdministrativeExpenses": 0,
    "sellingAndMarketingExpenses": 0,
    "sellingGeneralAndAdministrativeExpenses": 0,
    "otherExpenses": 378678000,
    "operatingExpenses": 378678000,
    "costAndExpenses": 662156000,
    "interestIncome": 1660000,
    "interestExpense": 56697000,
    "depreciationAndAmortization": 110628000,
    "ebitda": 135233000,
    "ebitdaratio": 0.1966036002,
    "operatingIncome": 25690000,
    "operatingIncomeRatio": 0.0373484763,
    "totalOtherIncomeExpensesNet": -57782000,
    "incomeBeforeTax": -32092000,
    "incomeBeforeTaxRatio": -0.0466557921,
    "incomeTaxExpense": -7480000,
    "netIncome": -30159000,
    "netIncomeRatio": -0.0438455701,
    "eps": 0,
    "epsdiluted": 0,
    "weightedAverageShsOut": 101323000,
    "weightedAverageShsOutDil": 101474000,
    "link": "https://www.sec.gov/Archives/edgar/data/764622/000095012310014366/0000950123-10-014366-index.htm",
    "finalLink": "https://www.sec.gov/Archives/edgar/data/7286/000095012310014366/c96360e10vk.htm"
  },
  {
    "date": "2009-09-30",
    "symbol": "PNW",
    "reportedCurrency": "USD",
    "cik": "0000764622",
    "fillingDate": "2009-10-29",
    "acceptedDate": "2009-10-29 08:04:30",
    "calendarYear": "2009",
    "period": "Q3",
    "revenue": 1143077000,
    "costOfRevenue": 381543000,
    "grossProfit": 707493000,
    "grossProfitRatio": 0.6189373069,
    "researchAndDevelopmentExpenses": 0,
    "generalAndAdministrativeExpenses": 0,
    "sellingAndMarketingExpenses": 0,
    "sellingGeneralAndAdministrativeExpenses": 0,
    "otherExpenses": 340086000,
    "operatingExpenses": 340086000,
    "costAndExpenses": 721629000,
    "interestIncome": 543000,
    "interestExpense": 58821000,
    "depreciationAndAmortization": 115521000,
    "ebitda": 487577000,
    "ebitdaratio": 0.4265478179,
    "operatingIncome": 367407000,
    "operatingIncomeRatio": 0.321419292,
    "totalOtherIncomeExpensesNet": -54301000,
    "incomeBeforeTax": 290441000,
    "incomeBeforeTaxRatio": 0.254086995,
    "incomeTaxExpense": 103061000,
    "netIncome": 186652000,
    "netIncomeRatio": 0.1632890873,
    "eps": 1.84,
    "epsdiluted": 1.84,
    "weightedAverageShsOut": 101223000,
    "weightedAverageShsOutDil": 101385000,
    "link": "https://www.sec.gov/Archives/edgar/data/764622/000095012309054518/0000950123-09-054518-index.htm",
    "finalLink": "https://www.sec.gov/Archives/edgar/data/7286/000095012309054518/c91385e10vq.htm"
  },
  {
    "date": "2009-06-30",
    "symbol": "PNW",
    "reportedCurrency": "USD",
    "cik": "0000764622",
    "fillingDate": "2009-08-04",
    "acceptedDate": "2009-08-04 08:05:53",
    "calendarYear": "2009",
    "period": "Q2",
    "revenue": 840055000,
    "costOfRevenue": 291699000,
    "grossProfit": 526889000,
    "grossProfitRatio": 0.6272077424,
    "researchAndDevelopmentExpenses": 0,
    "generalAndAdministrativeExpenses": 0,
    "sellingAndMarketingExpenses": 0,
    "sellingGeneralAndAdministrativeExpenses": 0,
    "otherExpenses": 354995000,
    "operatingExpenses": 354995000,
    "costAndExpenses": 646694000,
    "interestIncome": 386000,
    "interestExpense": 55640000,
    "depreciationAndAmortization": 110790000,
    "ebitda": 289479000,
    "ebitdaratio": 0.3445952944,
    "operatingIncome": 171894000,
    "operatingIncomeRatio": 0.2046223164,
    "totalOtherIncomeExpensesNet": -49864000,
    "incomeBeforeTax": 108593000,
    "incomeBeforeTaxRatio": 0.1292689169,
    "incomeTaxExpense": 37600000,
    "netIncome": 68347000,
    "netIncomeRatio": 0.081360149,
    "eps": 0.68,
    "epsdiluted": 0.68,
    "weightedAverageShsOut": 101109000,
    "weightedAverageShsOutDil": 101193000,
    "link": "https://www.sec.gov/Archives/edgar/data/764622/000095012309029230/0000950123-09-029230-index.htm",
    "finalLink": "https://www.sec.gov/Archives/edgar/data/7286/000095012309029230/c88368e10vq.htm"
  },
  {
    "date": "2009-03-31",
    "symbol": "PNW",
    "reportedCurrency": "USD",
    "cik": "0000764622",
    "fillingDate": "2009-05-05",
    "acceptedDate": "2009-05-05 08:11:24",
    "calendarYear": "2009",
    "period": "Q1",
    "revenue": 629393000,
    "costOfRevenue": 274298000,
    "grossProfit": 351569000,
    "grossProfitRatio": 0.5585842232,
    "researchAndDevelopmentExpenses": 0,
    "generalAndAdministrativeExpenses": 0,
    "sellingAndMarketingExpenses": 0,
    "sellingGeneralAndAdministrativeExpenses": 0,
    "otherExpenses": 548503000,
    "operatingExpenses": 548503000,
    "costAndExpenses": 822801000,
    "interestIncome": 261000,
    "interestExpense": 51972000,
    "depreciationAndAmortization": 112000000,
    "ebitda": -89146000,
    "ebitdaratio": -0.1416380544,
    "operatingIncome": -196934000,
    "operatingIncomeRatio": -0.3128951228,
    "totalOtherIncomeExpensesNet": -59413000,
    "incomeBeforeTax": -263970000,
    "incomeBeforeTaxRatio": -0.4194040925,
    "incomeTaxExpense": -96174000,
    "netIncome": -156510000,
    "netIncomeRatio": -0.2486681612,
    "eps": -1.55,
    "epsdiluted": -1.55,
    "weightedAverageShsOut": 100986000,
    "weightedAverageShsOutDil": 100986000,
    "link": "https://www.sec.gov/Archives/edgar/data/764622/000095013409009385/0000950134-09-009385-index.htm",
    "finalLink": "https://www.sec.gov/Archives/edgar/data/7286/000095013409009385/p14820e10vq.htm"
  },
  {
    "date": "2008-12-31",
    "symbol": "PNW",
    "reportedCurrency": "USD",
    "cik": "0000764622",
    "fillingDate": "2009-02-20",
    "acceptedDate": "2009-02-20 08:05:58",
    "calendarYear": "2008",
    "period": "Q4",
    "revenue": 624170000,
    "costOfRevenue": 355625000,
    "grossProfit": 268545000,
    "grossProfitRatio": 0.4302433632,
    "researchAndDevelopmentExpenses": 0,
    "generalAndAdministrativeExpenses": 0,
    "sellingAndMarketingExpenses": 66897000,
    "sellingGeneralAndAdministrativeExpenses": 0,
    "otherExpenses": 303916000,
    "operatingExpenses": 303916000,
    "costAndExpenses": 659541000,
    "interestIncome": 0,
    "interestExpense": 0,
    "depreciationAndAmortization": 106603000,
    "ebitda": 70370000,
    "ebitdaratio": 0.112741721,
    "operatingIncome": -35371000,
    "operatingIncomeRatio": -0.0566688562,
    "totalOtherIncomeExpensesNet": -38422000,
    "incomeBeforeTax": -73793000,
    "incomeBeforeTaxRatio": -0.1182258039,
    "incomeTaxExpense": -27082000,
    "netIncome": -38850000,
    "netIncomeRatio": -0.0622426583,
    "eps": 0,
    "epsdiluted": 0,
    "weightedAverageShsOut": 100838000,
    "weightedAverageShsOutDil": 100986000,
    "link": "https://www.sec.gov/Archives/edgar/data/764622/000095013409003359/0000950134-09-003359-index.htm",
    "finalLink": "https://www.sec.gov/Archives/edgar/data/7286/000095013409003359/p14106e10vk.htm"
  },
  {
    "date": "2008-09-30",
    "symbol": "PNW",
    "reportedCurrency": "USD",
    "cik": "0000764622",
    "fillingDate": "2008-11-04",
    "acceptedDate": "2008-11-04 08:03:14",
    "calendarYear": "2008",
    "period": "Q3",
    "revenue": 1079975000,
    "costOfRevenue": 447564000,
    "grossProfit": 622524000,
    "grossProfitRatio": 0.5764244543,
    "researchAndDevelopmentExpenses": 0,
    "generalAndAdministrativeExpenses": 0,
    "sellingAndMarketingExpenses": 11737000,
    "sellingGeneralAndAdministrativeExpenses": 0,
    "otherExpenses": 346632000,
    "operatingExpenses": 346632000,
    "costAndExpenses": 794196000,
    "interestIncome": 0,
    "interestExpense": 51231000,
    "depreciationAndAmortization": 108011000,
    "ebitda": 383260000,
    "ebitdaratio": 0.3548785852,
    "operatingIncome": 275892000,
    "operatingIncomeRatio": 0.255461469,
    "totalOtherIncomeExpensesNet": -47832000,
    "incomeBeforeTax": 226473000,
    "incomeBeforeTaxRatio": 0.2097020764,
    "incomeTaxExpense": 75970000,
    "netIncome": 151586000,
    "netIncomeRatio": 0.1403606565,
    "eps": 1.5,
    "epsdiluted": 1.5,
    "weightedAverageShsOut": 100750000,
    "weightedAverageShsOutDil": 101018000,
    "link": "https://www.sec.gov/Archives/edgar/data/764622/000095015308001835/0000950153-08-001835-index.htm",
    "finalLink": "https://www.sec.gov/Archives/edgar/data/7286/000095015308001835/p13424e10vq.htm"
  },
  {
    "date": "2008-06-30",
    "symbol": "PNW",
    "reportedCurrency": "USD",
    "cik": "0000764622",
    "fillingDate": "2008-08-07",
    "acceptedDate": "2008-08-07 16:11:36",
    "calendarYear": "2008",
    "period": "Q2",
    "revenue": 926193000,
    "costOfRevenue": 376842000,
    "grossProfit": 507671000,
    "grossProfitRatio": 0.5481265784,
    "researchAndDevelopmentExpenses": 0,
    "generalAndAdministrativeExpenses": 0,
    "sellingAndMarketingExpenses": 50673000,
    "sellingGeneralAndAdministrativeExpenses": 0,
    "otherExpenses": 331543000,
    "operatingExpenses": 331543000,
    "costAndExpenses": 708385000,
    "interestIncome": 0,
    "interestExpense": 51583000,
    "depreciationAndAmortization": 104937000,
    "ebitda": 280352000,
    "ebitdaratio": 0.3026928513,
    "operatingIncome": 176128000,
    "operatingIncomeRatio": 0.1901633893,
    "totalOtherIncomeExpensesNet": -47296000,
    "incomeBeforeTax": 131509000,
    "incomeBeforeTaxRatio": 0.1419887648,
    "incomeTaxExpense": 17076000,
    "netIncome": 133862000,
    "netIncomeRatio": 0.144529272,
    "eps": 1.33,
    "epsdiluted": 1.33,
    "weightedAverageShsOut": 100653000,
    "weightedAverageShsOutDil": 100917000,
    "link": "https://www.sec.gov/Archives/edgar/data/764622/000095015308001386/0000950153-08-001386-index.htm",
    "finalLink": "https://www.sec.gov/Archives/edgar/data/7286/000095015308001386/p76062e10vq.htm"
  },
  {
    "date": "2008-03-31",
    "symbol": "PNW",
    "reportedCurrency": "USD",
    "cik": "0000764622",
    "fillingDate": "2008-05-08",
    "acceptedDate": "2008-05-08 15:28:55",
    "calendarYear": "2008",
    "period": "Q1",
    "revenue": 736738000,
    "costOfRevenue": 324321000,
    "grossProfit": 363935000,
    "grossProfitRatio": 0.4939815783,
    "researchAndDevelopmentExpenses": 0,
    "generalAndAdministrativeExpenses": 0,
    "sellingAndMarketingExpenses": 57458000,
    "sellingGeneralAndAdministrativeExpenses": 0,
    "otherExpenses": 327707000,
    "operatingExpenses": 327707000,
    "costAndExpenses": 652028000,
    "interestIncome": 0,
    "interestExpense": 54766000,
    "depreciationAndAmortization": 104418000,
    "ebitda": 145713000,
    "ebitdaratio": 0.1977813008,
    "operatingIncome": 36228000,
    "operatingIncomeRatio": 0.0491735189,
    "totalOtherIncomeExpensesNet": -43956000,
    "incomeBeforeTax": -5225000,
    "incomeBeforeTaxRatio": -0.0070920734,
    "incomeTaxExpense": -557000,
    "netIncome": -4473000,
    "netIncomeRatio": -0.0060713578,
    "eps": -0.04,
    "epsdiluted": -0.04,
    "weightedAverageShsOut": 100521000,
    "weightedAverageShsOutDil": 100521000,
    "link": "https://www.sec.gov/Archives/edgar/data/764622/000095015308000904/0000950153-08-000904-index.htm",
    "finalLink": "https://www.sec.gov/Archives/edgar/data/7286/000095015308000904/p75478e10vq.htm"
  },
  {
    "date": "2007-12-31",
    "symbol": "PNW",
    "reportedCurrency": "USD",
    "cik": "0000764622",
    "fillingDate": "2008-02-27",
    "acceptedDate": "2008-02-27 12:55:50",
    "calendarYear": "2007",
    "period": "Q4",
    "revenue": 759116000,
    "costOfRevenue": 327890000,
    "grossProfit": 431226000,
    "grossProfitRatio": 0.568063379,
    "researchAndDevelopmentExpenses": 0,
    "generalAndAdministrativeExpenses": 0,
    "sellingAndMarketingExpenses": 342371000,
    "sellingGeneralAndAdministrativeExpenses": 0,
    "otherExpenses": 405964000,
    "operatingExpenses": 405964000,
    "costAndExpenses": 733854000,
    "interestIncome": 0,
    "interestExpense": 0,
    "depreciationAndAmortization": 101582000,
    "ebitda": 126844000,
    "ebitdaratio": 0.1670943571,
    "operatingIncome": 25262000,
    "operatingIncomeRatio": 0.0332781815,
    "totalOtherIncomeExpensesNet": -11282000,
    "incomeBeforeTax": 13980000,
    "incomeBeforeTaxRatio": 0.0184161577,
    "incomeTaxExpense": 10492000,
    "netIncome": 2911000,
    "netIncomeRatio": 0.0038347235,
    "eps": 0,
    "epsdiluted": 0,
    "weightedAverageShsOut": 100424000,
    "weightedAverageShsOutDil": 100521000,
    "link": "https://www.sec.gov/Archives/edgar/data/764622/000095015308000407/0000950153-08-000407-index.htm",
    "finalLink": "https://www.sec.gov/Archives/edgar/data/7286/000095015308000407/p75022e10vk.htm"
  },
  {
    "date": "2007-09-30",
    "symbol": "PNW",
    "reportedCurrency": "USD",
    "cik": "0000764622",
    "fillingDate": "2007-11-06",
    "acceptedDate": "2007-11-05 21:13:59",
    "calendarYear": "2007",
    "period": "Q3",
    "revenue": 1205934000,
    "costOfRevenue": 501102000,
    "grossProfit": 704132000,
    "grossProfitRatio": 0.5838893339,
    "researchAndDevelopmentExpenses": 0,
    "generalAndAdministrativeExpenses": 0,
    "sellingAndMarketingExpenses": 99203000,
    "sellingGeneralAndAdministrativeExpenses": 0,
    "otherExpenses": 354164000,
    "operatingExpenses": 354164000,
    "costAndExpenses": 855266000,
    "interestIncome": 0,
    "interestExpense": 54393000,
    "depreciationAndAmortization": -38435000,
    "ebitda": 444698000,
    "ebitdaratio": 0.3687581576,
    "operatingIncome": 349968000,
    "operatingIncomeRatio": 0.2902049366,
    "totalOtherIncomeExpensesNet": -56195000,
    "incomeBeforeTax": 292586000,
    "incomeBeforeTaxRatio": 0.2426219014,
    "incomeTaxExpense": 91588000,
    "netIncome": 208708000,
    "netIncomeRatio": 0.1730675145,
    "eps": 2.08,
    "epsdiluted": 2.07,
    "weightedAverageShsOut": 100324000,
    "weightedAverageShsOutDil": 100829000,
    "link": "https://www.sec.gov/Archives/edgar/data/764622/000095015307002301/0000950153-07-002301-index.htm",
    "finalLink": "https://www.sec.gov/Archives/edgar/data/7286/000095015307002301/p74571e10vq.htm"
  },
  {
    "date": "2007-06-30",
    "symbol": "PNW",
    "reportedCurrency": "USD",
    "cik": "0000764622",
    "fillingDate": "2007-08-07",
    "acceptedDate": "2007-08-07 17:15:10",
    "calendarYear": "2007",
    "period": "Q2",
    "revenue": 863435000,
    "costOfRevenue": 344870000,
    "grossProfit": 518032000,
    "grossProfitRatio": 0.5999664132,
    "researchAndDevelopmentExpenses": 0,
    "generalAndAdministrativeExpenses": 0,
    "sellingAndMarketingExpenses": 92637000,
    "sellingGeneralAndAdministrativeExpenses": 0,
    "otherExpenses": 359263000,
    "operatingExpenses": 359263000,
    "costAndExpenses": 704133000,
    "interestIncome": 0,
    "interestExpense": 52967000,
    "depreciationAndAmortization": 241099000,
    "ebitda": 399868000,
    "ebitdaratio": 0.4631130311,
    "operatingIncome": 158769000,
    "operatingIncomeRatio": 0.1838806627,
    "totalOtherIncomeExpensesNet": -38819000,
    "incomeBeforeTax": 118727000,
    "incomeBeforeTaxRatio": 0.1375054289,
    "incomeTaxExpense": 40231000,
    "netIncome": 78994000,
    "netIncomeRatio": 0.091488068,
    "eps": 0.79,
    "epsdiluted": 0.78,
    "weightedAverageShsOut": 100229000,
    "weightedAverageShsOutDil": 100779000,
    "link": "https://www.sec.gov/Archives/edgar/data/764622/000095015307001698/0000950153-07-001698-index.htm",
    "finalLink": "https://www.sec.gov/Archives/edgar/data/7286/000095015307001698/p74182e10vq.htm"
  },
  {
    "date": "2007-03-31",
    "symbol": "PNW",
    "reportedCurrency": "USD",
    "cik": "0000764622",
    "fillingDate": "2007-05-09",
    "acceptedDate": "2007-05-09 17:24:55",
    "calendarYear": "2007",
    "period": "Q1",
    "revenue": 695135000,
    "costOfRevenue": 261297000,
    "grossProfit": 433720000,
    "grossProfitRatio": 0.6239363577,
    "researchAndDevelopmentExpenses": 0,
    "generalAndAdministrativeExpenses": 0,
    "sellingAndMarketingExpenses": 72471000,
    "sellingGeneralAndAdministrativeExpenses": 0,
    "otherExpenses": 365499000,
    "operatingExpenses": 365499000,
    "costAndExpenses": 626796000,
    "interestIncome": 0,
    "interestExpense": 50992000,
    "depreciationAndAmortization": 98719000,
    "ebitda": 166940000,
    "ebitdaratio": 0.2401547901,
    "operatingIncome": 68221000,
    "operatingIncomeRatio": 0.0981406489,
    "totalOtherIncomeExpensesNet": -42716000,
    "incomeBeforeTax": 24407000,
    "incomeBeforeTaxRatio": 0.0351111655,
    "incomeTaxExpense": 8609000,
    "netIncome": 16530000,
    "netIncomeRatio": 0.0237795536,
    "eps": 0.17,
    "epsdiluted": 0.16,
    "weightedAverageShsOut": 100045000,
    "weightedAverageShsOutDil": 100622000,
    "link": "https://www.sec.gov/Archives/edgar/data/764622/000095015307001049/0000950153-07-001049-index.htm",
    "finalLink": "https://www.sec.gov/Archives/edgar/data/7286/000095015307001049/p73819e10vq.htm"
  },
  {
    "date": "2006-12-31",
    "symbol": "PNW",
    "reportedCurrency": "USD",
    "cik": "0000764622",
    "fillingDate": "2007-02-28",
    "acceptedDate": "2007-02-28 17:09:14",
    "calendarYear": "2006",
    "period": "Q4",
    "revenue": 730072000,
    "costOfRevenue": 288000000,
    "grossProfit": 442072000,
    "grossProfitRatio": 0.6055183598,
    "researchAndDevelopmentExpenses": 0,
    "generalAndAdministrativeExpenses": 0,
    "sellingAndMarketingExpenses": 330742000,
    "sellingGeneralAndAdministrativeExpenses": 0,
    "otherExpenses": 382002000,
    "operatingExpenses": 382002000,
    "costAndExpenses": 670002000,
    "interestIncome": 0,
    "interestExpense": 0,
    "depreciationAndAmortization": 168905000,
    "ebitda": 228975000,
    "ebitdaratio": 0.3136334499,
    "operatingIncome": 60070000,
    "operatingIncomeRatio": 0.082279556,
    "totalOtherIncomeExpensesNet": -48026000,
    "incomeBeforeTax": 12044000,
    "incomeBeforeTaxRatio": 0.016497003,
    "incomeTaxExpense": 1518000,
    "netIncome": 18479000,
    "netIncomeRatio": 0.0253112022,
    "eps": 0,
    "epsdiluted": 0,
    "weightedAverageShsOut": 99837000,
    "weightedAverageShsOutDil": 100045000,
    "link": "https://www.sec.gov/Archives/edgar/data/764622/000095015307000444/0000950153-07-000444-index.htm",
    "finalLink": "https://www.sec.gov/Archives/edgar/data/7286/000095015307000444/p73495e10vk.htm"
  },
  {
    "date": "2006-09-30",
    "symbol": "PNW",
    "reportedCurrency": "USD",
    "cik": "0000764622",
    "fillingDate": "2006-11-08",
    "acceptedDate": "2006-11-08 16:42:17",
    "calendarYear": "2006",
    "period": "Q3",
    "revenue": 1076442000,
    "costOfRevenue": 395056000,
    "grossProfit": 681386000,
    "grossProfitRatio": 0.6329983408,
    "researchAndDevelopmentExpenses": 0,
    "generalAndAdministrativeExpenses": 0,
    "sellingAndMarketingExpenses": 84425000,
    "sellingGeneralAndAdministrativeExpenses": 0,
    "otherExpenses": 370946000,
    "operatingExpenses": 370946000,
    "costAndExpenses": 766002000,
    "interestIncome": 0,
    "interestExpense": 50577000,
    "depreciationAndAmortization": 201673000,
    "ebitda": 512113000,
    "ebitdaratio": 0.4757460225,
    "operatingIncome": 310440000,
    "operatingIncomeRatio": 0.2883945442,
    "totalOtherIncomeExpensesNet": -27425000,
    "incomeBeforeTax": 283015000,
    "incomeBeforeTaxRatio": 0.2629170917,
    "incomeTaxExpense": 98836000,
    "netIncome": 184167000,
    "netIncomeRatio": 0.171088642,
    "eps": 1.85,
    "epsdiluted": 1.84,
    "weightedAverageShsOut": 99491000,
    "weightedAverageShsOutDil": 99973000,
    "link": "https://www.sec.gov/Archives/edgar/data/764622/000095015306002742/0000950153-06-002742-index.htm",
    "finalLink": "https://www.sec.gov/Archives/edgar/data/7286/000095015306002742/p73035e10vq.htm"
  },
  {
    "date": "2006-06-30",
    "symbol": "PNW",
    "reportedCurrency": "USD",
    "cik": "0000764622",
    "fillingDate": "2006-08-08",
    "acceptedDate": "2006-08-08 16:28:24",
    "calendarYear": "2006",
    "period": "Q2",
    "revenue": 925028000,
    "costOfRevenue": 336660000,
    "grossProfit": 588368000,
    "grossProfitRatio": 0.63605426,
    "researchAndDevelopmentExpenses": 0,
    "generalAndAdministrativeExpenses": 0,
    "sellingAndMarketingExpenses": 89925000,
    "sellingGeneralAndAdministrativeExpenses": 0,
    "otherExpenses": 397171000,
    "operatingExpenses": 397171000,
    "costAndExpenses": 733831000,
    "interestIncome": 0,
    "interestExpense": 45882000,
    "depreciationAndAmortization": 186447000,
    "ebitda": 377644000,
    "ebitdaratio": 0.4082514259,
    "operatingIncome": 191197000,
    "operatingIncomeRatio": 0.2066932028,
    "totalOtherIncomeExpensesNet": -31083000,
    "incomeBeforeTax": 160114000,
    "incomeBeforeTaxRatio": 0.1730909767,
    "incomeTaxExpense": 49271000,
    "netIncome": 112154000,
    "netIncomeRatio": 0.1212438975,
    "eps": 1.13,
    "epsdiluted": 1.13,
    "weightedAverageShsOut": 99221000,
    "weightedAverageShsOutDil": 99640000,
    "link": "https://www.sec.gov/Archives/edgar/data/764622/000095015306002086/0000950153-06-002086-index.htm",
    "finalLink": "https://www.sec.gov/Archives/edgar/data/7286/000095015306002086/p72717e10vq.htm"
  },
  {
    "date": "2006-03-31",
    "symbol": "PNW",
    "reportedCurrency": "USD",
    "cik": "0000764622",
    "fillingDate": "2006-05-09",
    "acceptedDate": "2006-05-09 08:01:15",
    "calendarYear": "2006",
    "period": "Q1",
    "revenue": 670206000,
    "costOfRevenue": 231570000,
    "grossProfit": 438636000,
    "grossProfitRatio": 0.654479369,
    "researchAndDevelopmentExpenses": 0,
    "generalAndAdministrativeExpenses": 0,
    "sellingAndMarketingExpenses": 85002000,
    "sellingGeneralAndAdministrativeExpenses": 0,
    "otherExpenses": 381473000,
    "operatingExpenses": 381473000,
    "costAndExpenses": 613043000,
    "interestIncome": 0,
    "interestExpense": 47526000,
    "depreciationAndAmortization": 95072000,
    "ebitda": 152235000,
    "ebitdaratio": 0.2271465788,
    "operatingIncome": 57163000,
    "operatingIncomeRatio": 0.0852916864,
    "totalOtherIncomeExpensesNet": -38775000,
    "incomeBeforeTax": 18388000,
    "incomeBeforeTaxRatio": 0.0274363405,
    "incomeTaxExpense": 6793000,
    "netIncome": 12455000,
    "netIncomeRatio": 0.0185838384,
    "eps": 0.13,
    "epsdiluted": 0.13,
    "weightedAverageShsOut": 99115000,
    "weightedAverageShsOutDil": 99449000,
    "link": "https://www.sec.gov/Archives/edgar/data/764622/000095012406002589/0000950124-06-002589-index.htm",
    "finalLink": "https://www.sec.gov/Archives/edgar/data/7286/000095012406002589/p72271e10vq.htm"
  },
  {
    "date": "2005-12-31",
    "symbol": "PNW",
    "reportedCurrency": "USD",
    "cik": "0000764622",
    "fillingDate": "2006-03-13",
    "acceptedDate": "2006-03-10 21:26:03",
    "calendarYear": "2005",
    "period": "Q4",
    "revenue": 691672000,
    "costOfRevenue": 230353000,
    "grossProfit": 461319000,
    "grossProfitRatio": 0.6669620861,
    "researchAndDevelopmentExpenses": 0,
    "generalAndAdministrativeExpenses": 0,
    "sellingAndMarketingExpenses": 351558000,
    "sellingGeneralAndAdministrativeExpenses": 0,
    "otherExpenses": 378532000,
    "operatingExpenses": 378532000,
    "costAndExpenses": 608885000,
    "interestIncome": 0,
    "interestExpense": 0,
    "depreciationAndAmortization": 89414000,
    "ebitda": 172201000,
    "ebitdaratio": 0.2489633815,
    "operatingIncome": 82787000,
    "operatingIncomeRatio": 0.1196911253,
    "totalOtherIncomeExpensesNet": -45989000,
    "incomeBeforeTax": 36798000,
    "incomeBeforeTaxRatio": 0.0532015175,
    "incomeTaxExpense": 13029000,
    "netIncome": 21347000,
    "netIncomeRatio": 0.0308628946,
    "eps": 0,
    "epsdiluted": 0,
    "weightedAverageShsOut": 98357060,
    "weightedAverageShsOutDil": 99115000,
    "link": "https://www.sec.gov/Archives/edgar/data/764622/000095015306000633/0000950153-06-000633-index.htm",
    "finalLink": "https://www.sec.gov/Archives/edgar/data/7286/000095015306000633/p71939e10vk.htm"
  },
  {
    "date": "2005-09-30",
    "symbol": "PNW",
    "reportedCurrency": "USD",
    "cik": "0000764622",
    "fillingDate": "2005-11-09",
    "acceptedDate": "2005-11-09 15:55:44",
    "calendarYear": "2005",
    "period": "Q3",
    "revenue": 955583000,
    "costOfRevenue": 290464000,
    "grossProfit": 665119000,
    "grossProfitRatio": 0.6960347767,
    "researchAndDevelopmentExpenses": 0,
    "generalAndAdministrativeExpenses": 0,
    "sellingAndMarketingExpenses": 107031000,
    "sellingGeneralAndAdministrativeExpenses": 0,
    "otherExpenses": 503006000,
    "operatingExpenses": 503006000,
    "costAndExpenses": 793470000,
    "interestIncome": 0,
    "interestExpense": 47046000,
    "depreciationAndAmortization": 106577000,
    "ebitda": 268690000,
    "ebitdaratio": 0.2811791336,
    "operatingIncome": 162113000,
    "operatingIncomeRatio": 0.1696482671,
    "totalOtherIncomeExpensesNet": -37114000,
    "incomeBeforeTax": 124999000,
    "incomeBeforeTaxRatio": 0.13080915,
    "incomeTaxExpense": 40305000,
    "netIncome": 103737000,
    "netIncomeRatio": 0.1085588588,
    "eps": 1.05,
    "epsdiluted": 1.05,
    "weightedAverageShsOut": 98697000,
    "weightedAverageShsOutDil": 98816000,
    "link": "https://www.sec.gov/Archives/edgar/data/764622/000095015305002847/0000950153-05-002847-index.htm",
    "finalLink": "https://www.sec.gov/Archives/edgar/data/7286/000095015305002847/p71426e10vq.htm"
  },
  {
    "date": "2005-06-30",
    "symbol": "PNW",
    "reportedCurrency": "USD",
    "cik": "0000764622",
    "fillingDate": "2005-08-09",
    "acceptedDate": "2005-08-09 17:13:52",
    "calendarYear": "2005",
    "period": "Q2",
    "revenue": 755836000,
    "costOfRevenue": 218183000,
    "grossProfit": 537159000,
    "grossProfitRatio": 0.7106819469,
    "researchAndDevelopmentExpenses": 0,
    "generalAndAdministrativeExpenses": 0,
    "sellingAndMarketingExpenses": 71172000,
    "sellingGeneralAndAdministrativeExpenses": 0,
    "otherExpenses": 358327000,
    "operatingExpenses": 358327000,
    "costAndExpenses": 576510000,
    "interestIncome": 0,
    "interestExpense": 49781000,
    "depreciationAndAmortization": 86057000,
    "ebitda": 264889000,
    "ebitdaratio": 0.3504583005,
    "operatingIncome": 178832000,
    "operatingIncomeRatio": 0.2366015908,
    "totalOtherIncomeExpensesNet": -38743000,
    "incomeBeforeTax": 140180000,
    "incomeBeforeTaxRatio": 0.1854635132,
    "incomeTaxExpense": 55024000,
    "netIncome": 26735000,
    "netIncomeRatio": 0.0353714298,
    "eps": 0.28,
    "epsdiluted": 0.28,
    "weightedAverageShsOut": 96192000,
    "weightedAverageShsOutDil": 96299000,
    "link": "https://www.sec.gov/Archives/edgar/data/764622/000095015305001937/0000950153-05-001937-index.htm",
    "finalLink": "https://www.sec.gov/Archives/edgar/data/7286/000095015305001937/p71004e10vq.htm"
  },
  {
    "date": "2005-03-31",
    "symbol": "PNW",
    "reportedCurrency": "USD",
    "cik": "0000764622",
    "fillingDate": "2005-05-09",
    "acceptedDate": "2005-05-09 17:22:27",
    "calendarYear": "2005",
    "period": "Q1",
    "revenue": 615087000,
    "costOfRevenue": 149232000,
    "grossProfit": 436126000,
    "grossProfitRatio": 0.7090476632,
    "researchAndDevelopmentExpenses": 0,
    "generalAndAdministrativeExpenses": 0,
    "sellingAndMarketingExpenses": 116866000,
    "sellingGeneralAndAdministrativeExpenses": 0,
    "otherExpenses": 344301000,
    "operatingExpenses": 344301000,
    "costAndExpenses": 493533000,
    "interestIncome": 0,
    "interestExpense": 49195000,
    "depreciationAndAmortization": 99556000,
    "ebitda": 191381000,
    "ebitdaratio": 0.3111446023,
    "operatingIncome": 91825000,
    "operatingIncomeRatio": 0.1492878243,
    "totalOtherIncomeExpensesNet": -43656000,
    "incomeBeforeTax": 38388000,
    "incomeBeforeTaxRatio": 0.0624106834,
    "incomeTaxExpense": 14732000,
    "netIncome": 24448000,
    "netIncomeRatio": 0.0397472228,
    "eps": 0.27,
    "epsdiluted": 0.27,
    "weightedAverageShsOut": 91962000,
    "weightedAverageShsOutDil": 92045000,
    "link": "https://www.sec.gov/Archives/edgar/data/764622/000095015305001055/0000950153-05-001055-index.htm",
    "finalLink": "https://www.sec.gov/Archives/edgar/data/7286/000095015305001055/p70601e10vq.htm"
  },
  {
    "date": "2004-12-31",
    "symbol": "PNW",
    "reportedCurrency": "USD",
    "cik": "0000764622",
    "fillingDate": "2005-03-16",
    "acceptedDate": "2005-03-16 16:05:10",
    "calendarYear": "2004",
    "period": "Q4",
    "revenue": 734718000,
    "costOfRevenue": 237910000,
    "grossProfit": 496808000,
    "grossProfitRatio": 0.6761886874,
    "researchAndDevelopmentExpenses": 0,
    "generalAndAdministrativeExpenses": 0,
    "sellingAndMarketingExpenses": 461870000,
    "sellingGeneralAndAdministrativeExpenses": 0,
    "otherExpenses": 406063000,
    "operatingExpenses": 406063000,
    "costAndExpenses": 643973000,
    "interestIncome": 0,
    "interestExpense": 0,
    "depreciationAndAmortization": 105239000,
    "ebitda": 195984000,
    "ebitdaratio": 0.2667472418,
    "operatingIncome": 90745000,
    "operatingIncomeRatio": 0.1235099725,
    "totalOtherIncomeExpensesNet": -50144000,
    "incomeBeforeTax": 40601000,
    "incomeBeforeTaxRatio": 0.0552606578,
    "incomeTaxExpense": 11283000,
    "netIncome": 33729000,
    "netIncomeRatio": 0.0459074094,
    "eps": 0,
    "epsdiluted": 0,
    "weightedAverageShsOut": 91740767,
    "weightedAverageShsOutDil": 91962000,
    "link": "https://www.sec.gov/Archives/edgar/data/764622/000095015305000539/0000950153-05-000539-index.htm",
    "finalLink": "https://www.sec.gov/Archives/edgar/data/7286/000095015305000539/p70328e10vk.htm"
  },
  {
    "date": "2004-09-30",
    "symbol": "PNW",
    "reportedCurrency": "USD",
    "cik": "0000764622",
    "fillingDate": "2004-11-08",
    "acceptedDate": "2004-11-08 17:29:46",
    "calendarYear": "2004",
    "period": "Q3",
    "revenue": 886779000,
    "costOfRevenue": 278840000,
    "grossProfit": 568325000,
    "grossProfitRatio": 0.64088685,
    "researchAndDevelopmentExpenses": 0,
    "generalAndAdministrativeExpenses": 0,
    "sellingAndMarketingExpenses": 128563000,
    "sellingGeneralAndAdministrativeExpenses": 0,
    "otherExpenses": 358969000,
    "operatingExpenses": 358969000,
    "costAndExpenses": 637809000,
    "interestIncome": 0,
    "interestExpense": 49497000,
    "depreciationAndAmortization": 121035000,
    "ebitda": 330391000,
    "ebitdaratio": 0.3725742265,
    "operatingIncome": 209356000,
    "operatingIncomeRatio": 0.2360858793,
    "totalOtherIncomeExpensesNet": -45844000,
    "incomeBeforeTax": 162786000,
    "incomeBeforeTaxRatio": 0.1835699763,
    "incomeTaxExpense": 58900000,
    "netIncome": 105400000,
    "netIncomeRatio": 0.1188571222,
    "eps": 1.15,
    "epsdiluted": 1.15,
    "weightedAverageShsOut": 91357000,
    "weightedAverageShsOutDil": 91491000,
    "link": "https://www.sec.gov/Archives/edgar/data/764622/000095015304002298/0000950153-04-002298-index.htm",
    "finalLink": "https://www.sec.gov/Archives/edgar/data/764622/000095015304002298/p69798e10vq.htm"
  },
  {
    "date": "2004-06-30",
    "symbol": "PNW",
    "reportedCurrency": "USD",
    "cik": "0000764622",
    "fillingDate": "2004-08-09",
    "acceptedDate": "2004-08-06 19:54:26",
    "calendarYear": "2004",
    "period": "Q2",
    "revenue": 722686000,
    "costOfRevenue": 239709000,
    "grossProfit": 465874000,
    "grossProfitRatio": 0.6446423481,
    "researchAndDevelopmentExpenses": 0,
    "generalAndAdministrativeExpenses": 0,
    "sellingAndMarketingExpenses": 115240000,
    "sellingGeneralAndAdministrativeExpenses": 0,
    "otherExpenses": 342707000,
    "operatingExpenses": 342707000,
    "costAndExpenses": 582416000,
    "interestIncome": 0,
    "interestExpense": 44854000,
    "depreciationAndAmortization": 96530000,
    "ebitda": 225179000,
    "ebitdaratio": 0.3115862214,
    "operatingIncome": 123167000,
    "operatingIncomeRatio": 0.1704294811,
    "totalOtherIncomeExpensesNet": -4071000,
    "incomeBeforeTax": 115084000,
    "incomeBeforeTaxRatio": 0.1592448173,
    "incomeTaxExpense": 44027000,
    "netIncome": 72640000,
    "netIncomeRatio": 0.1005139161,
    "eps": 0.8,
    "epsdiluted": 0.79,
    "weightedAverageShsOut": 91315000,
    "weightedAverageShsOutDil": 91400000,
    "link": "https://www.sec.gov/Archives/edgar/data/764622/000095015304001892/0000950153-04-001892-index.htm",
    "finalLink": "https://www.sec.gov/Archives/edgar/data/764622/000095015304001892/p69379e10vq.htm"
  },
  {
    "date": "2004-03-31",
    "symbol": "PNW",
    "reportedCurrency": "USD",
    "cik": "0000764622",
    "fillingDate": "2004-05-07",
    "acceptedDate": "2004-05-07 08:04:35",
    "calendarYear": "2004",
    "period": "Q1",
    "revenue": 574369000,
    "costOfRevenue": 156375000,
    "grossProfit": 409970000,
    "grossProfitRatio": 0.7137745944,
    "researchAndDevelopmentExpenses": 0,
    "generalAndAdministrativeExpenses": 0,
    "sellingAndMarketingExpenses": 88383000,
    "sellingGeneralAndAdministrativeExpenses": 0,
    "otherExpenses": 325772000,
    "operatingExpenses": 325772000,
    "costAndExpenses": 482147000,
    "interestIncome": 0,
    "interestExpense": 50356000,
    "depreciationAndAmortization": 109215000,
    "ebitda": 193413000,
    "ebitdaratio": 0.3367399703,
    "operatingIncome": 84198000,
    "operatingIncomeRatio": 0.1465921733,
    "totalOtherIncomeExpensesNet": -37939000,
    "incomeBeforeTax": 45395000,
    "incomeBeforeTaxRatio": 0.0790345579,
    "incomeTaxExpense": 15627000,
    "netIncome": 31426000,
    "netIncomeRatio": 0.0547139557,
    "eps": 0.34,
    "epsdiluted": 0.34,
    "weightedAverageShsOut": 91294000,
    "weightedAverageShsOutDil": 91376000,
    "link": "https://www.sec.gov/Archives/edgar/data/764622/000095015304001129/0000950153-04-001129-index.htm",
    "finalLink": "https://www.sec.gov/Archives/edgar/data/764622/000095015304001129/p69115e10vq.htm"
  },
  {
    "date": "2003-12-31",
    "symbol": "PNW",
    "reportedCurrency": "USD",
    "cik": "0000764622",
    "fillingDate": "2004-03-15",
    "acceptedDate": "2004-03-15 16:11:35",
    "calendarYear": "2003",
    "period": "Q4",
    "revenue": 509837000,
    "costOfRevenue": -19760000,
    "grossProfit": 529597000,
    "grossProfitRatio": 1.0387574852,
    "researchAndDevelopmentExpenses": 0,
    "generalAndAdministrativeExpenses": 0,
    "sellingAndMarketingExpenses": 391886000,
    "sellingGeneralAndAdministrativeExpenses": 0,
    "otherExpenses": 448130000,
    "operatingExpenses": 448130000,
    "costAndExpenses": 428370000,
    "interestIncome": 0,
    "interestExpense": 0,
    "depreciationAndAmortization": 120648000,
    "ebitda": 202115000,
    "ebitdaratio": 0.3964306239,
    "operatingIncome": 81467000,
    "operatingIncomeRatio": 0.1597902859,
    "totalOtherIncomeExpensesNet": -28441000,
    "incomeBeforeTax": 53026000,
    "incomeBeforeTaxRatio": 0.1040057901,
    "incomeTaxExpense": 7030000,
    "netIncome": 49091000,
    "netIncomeRatio": 0.096287637,
    "eps": 0,
    "epsdiluted": 0,
    "weightedAverageShsOut": 91274000,
    "weightedAverageShsOutDil": 91294000,
    "link": "https://www.sec.gov/Archives/edgar/data/764622/000095015304000639/0000950153-04-000639-index.htm",
    "finalLink": "https://www.sec.gov/Archives/edgar/data/764622/000095015304000639/p68820e10vk.htm"
  },
  {
    "date": "2003-09-30",
    "symbol": "PNW",
    "reportedCurrency": "USD",
    "cik": "0000764622",
    "fillingDate": "2003-11-14",
    "acceptedDate": "2003-11-14 15:16:52",
    "calendarYear": "2003",
    "period": "Q3",
    "revenue": 946570000,
    "costOfRevenue": 292952000,
    "grossProfit": 538050000,
    "grossProfitRatio": 0.568420719,
    "researchAndDevelopmentExpenses": 0,
    "generalAndAdministrativeExpenses": 0,
    "sellingAndMarketingExpenses": 154519000,
    "sellingGeneralAndAdministrativeExpenses": 0,
    "otherExpenses": 340689000,
    "operatingExpenses": 340689000,
    "costAndExpenses": 633641000,
    "interestIncome": 0,
    "interestExpense": 52571000,
    "depreciationAndAmortization": 116646000,
    "ebitda": 314007000,
    "ebitdaratio": 0.3317314092,
    "operatingIncome": 197361000,
    "operatingIncomeRatio": 0.2085012202,
    "totalOtherIncomeExpensesNet": -38740000,
    "incomeBeforeTax": 160066000,
    "incomeBeforeTaxRatio": 0.1691010702,
    "incomeTaxExpense": 50528000,
    "netIncome": 110048000,
    "netIncomeRatio": 0.1162597589,
    "eps": 1.21,
    "epsdiluted": 1.2,
    "weightedAverageShsOut": 91271000,
    "weightedAverageShsOutDil": 91467000,
    "link": "https://www.sec.gov/Archives/edgar/data/764622/000095015303002339/0000950153-03-002339-index.htm",
    "finalLink": "https://www.sec.gov/Archives/edgar/data/764622/000095015303002339/p68476e10vq.htm"
  },
  {
    "date": "2003-06-30",
    "symbol": "PNW",
    "reportedCurrency": "USD",
    "cik": "0000764622",
    "fillingDate": "2003-08-14",
    "acceptedDate": "2003-08-14 16:01:50",
    "calendarYear": "2003",
    "period": "Q2",
    "revenue": 757483000,
    "costOfRevenue": 197625000,
    "grossProfit": 485677000,
    "grossProfitRatio": 0.6411721451,
    "researchAndDevelopmentExpenses": 0,
    "generalAndAdministrativeExpenses": 0,
    "sellingAndMarketingExpenses": 167475000,
    "sellingGeneralAndAdministrativeExpenses": 0,
    "otherExpenses": 353195000,
    "operatingExpenses": 353195000,
    "costAndExpenses": 550820000,
    "interestIncome": 0,
    "interestExpense": 51117000,
    "depreciationAndAmortization": 114208000,
    "ebitda": 246690000,
    "ebitdaratio": 0.3256706751,
    "operatingIncome": 132482000,
    "operatingIncomeRatio": 0.1748976545,
    "totalOtherIncomeExpensesNet": -42345000,
    "incomeBeforeTax": 90137000,
    "incomeBeforeTaxRatio": 0.1189954098,
    "incomeTaxExpense": 35248000,
    "netIncome": 56142000,
    "netIncomeRatio": 0.0741165148,
    "eps": 0.62,
    "epsdiluted": 0.61,
    "weightedAverageShsOut": 91258000,
    "weightedAverageShsOutDil": 91450000,
    "link": "https://www.sec.gov/Archives/edgar/data/764622/000110465903018678/0001104659-03-018678-index.htm",
    "finalLink": "https://www.sec.gov/Archives/edgar/data/764622/000110465903018678/a03-2166_110q.htm"
  },
  {
    "date": "2003-03-31",
    "symbol": "PNW",
    "reportedCurrency": "USD",
    "cik": "0000764622",
    "fillingDate": "2003-05-15",
    "acceptedDate": "2003-05-14 20:12:18",
    "calendarYear": "2003",
    "period": "Q1",
    "revenue": 603962000,
    "costOfRevenue": 166997000,
    "grossProfit": 385646000,
    "grossProfitRatio": 0.6385269272,
    "researchAndDevelopmentExpenses": 0,
    "generalAndAdministrativeExpenses": 0,
    "sellingAndMarketingExpenses": 0,
    "sellingGeneralAndAdministrativeExpenses": 0,
    "otherExpenses": 316391000,
    "operatingExpenses": 316391000,
    "costAndExpenses": 483388000,
    "interestIncome": 0,
    "interestExpense": 0,
    "depreciationAndAmortization": 113124000,
    "ebitda": 182379000,
    "ebitdaratio": 0.3019709849,
    "operatingIncome": 69255000,
    "operatingIncomeRatio": 0.1146678102,
    "totalOtherIncomeExpensesNet": -36348000,
    "incomeBeforeTax": 32907000,
    "incomeBeforeTaxRatio": 0.054485216,
    "incomeTaxExpense": 12754000,
    "netIncome": 25298000,
    "netIncomeRatio": 0.0418867412,
    "eps": 0.28,
    "epsdiluted": 0.28,
    "weightedAverageShsOut": 91256000,
    "weightedAverageShsOutDil": 91359000,
    "link": "https://www.sec.gov/Archives/edgar/data/764622/000095014703000623/0000950147-03-000623-index.htm",
    "finalLink": "https://www.sec.gov/Archives/edgar/data/764622/000095014703000623/e-9897.txt"
  },
  {
    "date": "2002-12-31",
    "symbol": "PNW",
    "reportedCurrency": "USD",
    "cik": "0000764622",
    "fillingDate": "2003-03-31",
    "acceptedDate": "2003-03-31 15:00:00",
    "calendarYear": "2002",
    "period": "Q4",
    "revenue": 644436000,
    "costOfRevenue": 160345000,
    "grossProfit": 484091000,
    "grossProfitRatio": 0.7511855328,
    "researchAndDevelopmentExpenses": 0,
    "generalAndAdministrativeExpenses": 0,
    "sellingAndMarketingExpenses": 0,
    "sellingGeneralAndAdministrativeExpenses": 0,
    "otherExpenses": 467213000,
    "operatingExpenses": 467213000,
    "costAndExpenses": 627558000,
    "interestIncome": 0,
    "interestExpense": 0,
    "depreciationAndAmortization": 121620000,
    "ebitda": 138498000,
    "ebitdaratio": 0.2149135058,
    "operatingIncome": 16878000,
    "operatingIncomeRatio": 0.0261903432,
    "totalOtherIncomeExpensesNet": -44319000,
    "incomeBeforeTax": -27441000,
    "incomeBeforeTaxRatio": -0.04258142,
    "incomeTaxExpense": -12556000,
    "netIncome": -80630000,
    "netIncomeRatio": -0.1251171567,
    "eps": 0,
    "epsdiluted": 0,
    "weightedAverageShsOut": 91256000,
    "weightedAverageShsOutDil": 91256000,
    "link": "https://www.sec.gov/Archives/edgar/data/764622/000095014703000433/0000950147-03-000433-index.htm",
    "finalLink": "https://www.sec.gov/Archives/edgar/data/764622/000095014703000433/e-9738.txt"
  },
  {
    "date": "2002-09-30",
    "symbol": "PNW",
    "reportedCurrency": "USD",
    "cik": "0000764622",
    "fillingDate": "2002-11-14",
    "acceptedDate": "2002-11-14 17:01:32",
    "calendarYear": "2002",
    "period": "Q3",
    "revenue": 872951000,
    "costOfRevenue": 300845000,
    "grossProfit": 570545000,
    "grossProfitRatio": 0.6535819307,
    "researchAndDevelopmentExpenses": 0,
    "generalAndAdministrativeExpenses": 0,
    "sellingAndMarketingExpenses": 0,
    "sellingGeneralAndAdministrativeExpenses": 0,
    "otherExpenses": 358054000,
    "operatingExpenses": 358054000,
    "costAndExpenses": 658899000,
    "interestIncome": 0,
    "interestExpense": 0,
    "depreciationAndAmortization": 131753000,
    "ebitda": 344244000,
    "ebitdaratio": 0.394345158,
    "operatingIncome": 212491000,
    "operatingIncomeRatio": 0.2434168699,
    "totalOtherIncomeExpensesNet": -45927000,
    "incomeBeforeTax": 166900000,
    "incomeBeforeTaxRatio": 0.1911905708,
    "incomeTaxExpense": 65984000,
    "netIncome": 100916000,
    "netIncomeRatio": 0.1156032813,
    "eps": 1.19,
    "epsdiluted": 1.19,
    "weightedAverageShsOut": 84768000,
    "weightedAverageShsOutDil": 84797000,
    "link": "https://www.sec.gov/Archives/edgar/data/764622/000095014702001482/0000950147-02-001482-index.htm",
    "finalLink": "https://www.sec.gov/Archives/edgar/data/764622/000095014702001482/e-9180.txt"
  },
  {
    "date": "2002-06-30",
    "symbol": "PNW",
    "reportedCurrency": "USD",
    "cik": "0000764622",
    "fillingDate": "2002-08-13",
    "acceptedDate": "2002-08-13 16:11:56",
    "calendarYear": "2002",
    "period": "Q2",
    "revenue": 714938000,
    "costOfRevenue": 234517000,
    "grossProfit": 480421000,
    "grossProfitRatio": 0.6719757517,
    "researchAndDevelopmentExpenses": 0,
    "generalAndAdministrativeExpenses": 0,
    "sellingAndMarketingExpenses": 0,
    "sellingGeneralAndAdministrativeExpenses": 0,
    "otherExpenses": 314928000,
    "operatingExpenses": 314928000,
    "costAndExpenses": 549445000,
    "interestIncome": 0,
    "interestExpense": 0,
    "depreciationAndAmortization": 94603000,
    "ebitda": 267580000,
    "ebitdaratio": 0.3742702164,
    "operatingIncome": 165493000,
    "operatingIncomeRatio": 0.2314788135,
    "totalOtherIncomeExpensesNet": -40684000,
    "incomeBeforeTax": 124809000,
    "incomeBeforeTaxRatio": 0.1745731798,
    "incomeTaxExpense": 49444000,
    "netIncome": 75365000,
    "netIncomeRatio": 0.1054147353,
    "eps": 0.89,
    "epsdiluted": 0.89,
    "weightedAverageShsOut": 84794000,
    "weightedAverageShsOutDil": 84926000,
    "link": "https://www.sec.gov/Archives/edgar/data/764622/000095014702000973/0000950147-02-000973-index.htm",
    "finalLink": "https://www.sec.gov/Archives/edgar/data/764622/000095014702000973/e-8805.txt"
  },
  {
    "date": "2002-03-31",
    "symbol": "PNW",
    "reportedCurrency": "USD",
    "cik": "0000764622",
    "fillingDate": "2002-05-15",
    "acceptedDate": "2002-05-15 12:53:54",
    "calendarYear": "2002",
    "period": "Q1",
    "revenue": 620957000,
    "costOfRevenue": 221036000,
    "grossProfit": 399921000,
    "grossProfitRatio": 0.6440397644,
    "researchAndDevelopmentExpenses": 0,
    "generalAndAdministrativeExpenses": 0,
    "sellingAndMarketingExpenses": 0,
    "sellingGeneralAndAdministrativeExpenses": 0,
    "otherExpenses": 281459000,
    "operatingExpenses": 281459000,
    "costAndExpenses": 502495000,
    "interestIncome": 0,
    "interestExpense": 0,
    "depreciationAndAmortization": 107397000,
    "ebitda": 225859000,
    "ebitdaratio": 0.363727279,
    "operatingIncome": 118462000,
    "operatingIncomeRatio": 0.1907732742,
    "totalOtherIncomeExpensesNet": -29477000,
    "incomeBeforeTax": 88985000,
    "incomeBeforeTaxRatio": 0.1433029984,
    "incomeTaxExpense": 35228000,
    "netIncome": 53757000,
    "netIncomeRatio": 0.0865712119,
    "eps": 0.63,
    "epsdiluted": 0.63,
    "weightedAverageShsOut": 84735000,
    "weightedAverageShsOutDil": 84884000,
    "link": "https://www.sec.gov/Archives/edgar/data/764622/000095014702000674/0000950147-02-000674-index.htm",
    "finalLink": "https://www.sec.gov/Archives/edgar/data/764622/000095014702000674/e-8506.txt"
  },
  {
    "date": "2001-12-31",
    "symbol": "PNW",
    "reportedCurrency": "USD",
    "cik": "0000764622",
    "fillingDate": "2002-03-27",
    "acceptedDate": "2002-03-27 00:00:00",
    "calendarYear": "2001",
    "period": "Q4",
    "revenue": 744703000,
    "costOfRevenue": 339601000,
    "grossProfit": 405102000,
    "grossProfitRatio": 0.5439779348,
    "researchAndDevelopmentExpenses": 0,
    "generalAndAdministrativeExpenses": 0,
    "sellingAndMarketingExpenses": 0,
    "sellingGeneralAndAdministrativeExpenses": 0,
    "otherExpenses": 304032000,
    "operatingExpenses": 304032000,
    "costAndExpenses": 643633000,
    "interestIncome": 0,
    "interestExpense": 0,
    "depreciationAndAmortization": 115202000,
    "ebitda": 216272000,
    "ebitdaratio": 0.2904137623,
    "operatingIncome": 101070000,
    "operatingIncomeRatio": 0.1357185348,
    "totalOtherIncomeExpensesNet": -40595000,
    "incomeBeforeTax": 60475000,
    "incomeBeforeTaxRatio": 0.0812068704,
    "incomeTaxExpense": 24669000,
    "netIncome": 35806000,
    "netIncomeRatio": 0.0480809128,
    "eps": 0,
    "epsdiluted": 0,
    "weightedAverageShsOut": 84735000,
    "weightedAverageShsOutDil": 84735000,
    "link": "https://www.sec.gov/Archives/edgar/data/764622/000095014702000461/0000950147-02-000461-index.htm",
    "finalLink": "https://www.sec.gov/Archives/edgar/data/764622/000095014702000461/e-8288.txt"
  },
  {
    "date": "2001-09-30",
    "symbol": "PNW",
    "reportedCurrency": "USD",
    "cik": "0000764622",
    "fillingDate": "2001-11-06",
    "acceptedDate": "2001-11-06 00:00:00",
    "calendarYear": "2001",
    "period": "Q3",
    "revenue": 1574029000,
    "costOfRevenue": 533503000,
    "grossProfit": 627275000,
    "grossProfitRatio": 0.3985155293,
    "researchAndDevelopmentExpenses": 0,
    "generalAndAdministrativeExpenses": 0,
    "sellingAndMarketingExpenses": 0,
    "sellingGeneralAndAdministrativeExpenses": 0,
    "otherExpenses": 328523000,
    "operatingExpenses": 328523000,
    "costAndExpenses": 862026000,
    "interestIncome": 0,
    "interestExpense": 0,
    "depreciationAndAmortization": 115975000,
    "ebitda": 414727000,
    "ebitdaratio": 0.2634811684,
    "operatingIncome": 298752000,
    "operatingIncomeRatio": 0.1898008232,
    "totalOtherIncomeExpensesNet": -32157000,
    "incomeBeforeTax": 266595000,
    "incomeBeforeTaxRatio": 0.1693710853,
    "incomeTaxExpense": 104096000,
    "netIncome": 150053000,
    "netIncomeRatio": 0.0953305181,
    "eps": 1.77,
    "epsdiluted": 1.77,
    "weightedAverageShsOut": 84721000,
    "weightedAverageShsOutDil": 84909000,
    "link": "https://www.sec.gov/Archives/edgar/data/764622/000095014701501809/0000950147-01-501809-index.htm",
    "finalLink": "https://www.sec.gov/Archives/edgar/data/764622/000095014701501809/e-7652.txt"
  },
  {
    "date": "2001-06-30",
    "symbol": "PNW",
    "reportedCurrency": "USD",
    "cik": "0000764622",
    "fillingDate": "2001-08-14",
    "acceptedDate": "2001-08-14 00:00:00",
    "calendarYear": "2001",
    "period": "Q2",
    "revenue": 1293812000,
    "costOfRevenue": 858757000,
    "grossProfit": 435055000,
    "grossProfitRatio": 0.3362582817,
    "researchAndDevelopmentExpenses": 0,
    "generalAndAdministrativeExpenses": 0,
    "sellingAndMarketingExpenses": 0,
    "sellingGeneralAndAdministrativeExpenses": 0,
    "otherExpenses": 296167000,
    "operatingExpenses": 296167000,
    "costAndExpenses": 1154924000,
    "interestIncome": 0,
    "interestExpense": 0,
    "depreciationAndAmortization": 112726000,
    "ebitda": 251614000,
    "ebitdaratio": 0.1944749314,
    "operatingIncome": 138888000,
    "operatingIncomeRatio": 0.1073478991,
    "totalOtherIncomeExpensesNet": -28059000,
    "incomeBeforeTax": 110829000,
    "incomeBeforeTaxRatio": 0.0856608224,
    "incomeTaxExpense": 43972000,
    "netIncome": 66857000,
    "netIncomeRatio": 0.0516744318,
    "eps": 0.79,
    "epsdiluted": 0.79,
    "weightedAverageShsOut": 84744000,
    "weightedAverageShsOutDil": 85042000,
    "link": "https://www.sec.gov/Archives/edgar/data/764622/000095014701501438/0000950147-01-501438-index.htm",
    "finalLink": "https://www.sec.gov/Archives/edgar/data/764622/000095014701501438/e-7300.txt"
  },
  {
    "date": "2001-03-31",
    "symbol": "PNW",
    "reportedCurrency": "USD",
    "cik": "0000764622",
    "fillingDate": "2001-05-15",
    "acceptedDate": "2001-05-15 00:00:00",
    "calendarYear": "2001",
    "period": "Q1",
    "revenue": 938829000,
    "costOfRevenue": 516424000,
    "grossProfit": 422405000,
    "grossProfitRatio": 0.4499275161,
    "researchAndDevelopmentExpenses": 0,
    "generalAndAdministrativeExpenses": 0,
    "sellingAndMarketingExpenses": 0,
    "sellingGeneralAndAdministrativeExpenses": 0,
    "otherExpenses": 286342000,
    "operatingExpenses": 286342000,
    "costAndExpenses": 802766000,
    "interestIncome": 0,
    "interestExpense": 0,
    "depreciationAndAmortization": 112362000,
    "ebitda": 248425000,
    "ebitdaratio": 0.2646115533,
    "operatingIncome": 136063000,
    "operatingIncomeRatio": 0.1449284161,
    "totalOtherIncomeExpensesNet": -33060000,
    "incomeBeforeTax": 103003000,
    "incomeBeforeTaxRatio": 0.1097143356,
    "incomeTaxExpense": 40798000,
    "netIncome": 59450000,
    "netIncomeRatio": 0.0633235658,
    "eps": 0.7,
    "epsdiluted": 0.7,
    "weightedAverageShsOut": 84727000,
    "weightedAverageShsOutDil": 84966000,
    "link": "https://www.sec.gov/Archives/edgar/data/764622/000095014701500902/0000950147-01-500902-index.htm",
    "finalLink": "https://www.sec.gov/Archives/edgar/data/764622/000095014701500902/e-6793.txt"
  },
  {
    "date": "2000-12-31",
    "symbol": "PNW",
    "reportedCurrency": "USD",
    "cik": "0000764622",
    "fillingDate": "2001-03-14",
    "acceptedDate": "2001-03-14 00:00:00",
    "calendarYear": "2000",
    "period": "Q4",
    "revenue": 838154000,
    "costOfRevenue": 439565000,
    "grossProfit": 398589000,
    "grossProfitRatio": 0.4755558048,
    "researchAndDevelopmentExpenses": 0,
    "generalAndAdministrativeExpenses": 0,
    "sellingAndMarketingExpenses": 0,
    "sellingGeneralAndAdministrativeExpenses": 0,
    "otherExpenses": 276043000,
    "operatingExpenses": 276043000,
    "costAndExpenses": 715608000,
    "interestIncome": 0,
    "interestExpense": 0,
    "depreciationAndAmortization": 107747000,
    "ebitda": 230293000,
    "ebitdaratio": 0.2747621559,
    "operatingIncome": 122546000,
    "operatingIncomeRatio": 0.1462094078,
    "totalOtherIncomeExpensesNet": -50451000,
    "incomeBeforeTax": 72095000,
    "incomeBeforeTaxRatio": 0.0860164123,
    "incomeTaxExpense": 29783000,
    "netIncome": 42312000,
    "netIncomeRatio": 0.0504823696,
    "eps": 0,
    "epsdiluted": 0,
    "weightedAverageShsOut": 84725176,
    "weightedAverageShsOutDil": 84727000,
    "link": "https://www.sec.gov/Archives/edgar/data/764622/000095014701500557/0000950147-01-500557-index.htm",
    "finalLink": "https://www.sec.gov/Archives/edgar/data/764622/000095014701500557/e-6440.txt"
  },
  {
    "date": "2000-09-30",
    "symbol": "PNW",
    "reportedCurrency": "USD",
    "cik": "0000764622",
    "fillingDate": "2000-11-14",
    "acceptedDate": "2000-11-14 00:00:00",
    "calendarYear": "2000",
    "period": "Q3",
    "revenue": 1607356000,
    "costOfRevenue": 1079436000,
    "grossProfit": 527920000,
    "grossProfitRatio": 0.3284399971,
    "researchAndDevelopmentExpenses": 0,
    "generalAndAdministrativeExpenses": 0,
    "sellingAndMarketingExpenses": 0,
    "sellingGeneralAndAdministrativeExpenses": 0,
    "otherExpenses": 271919000,
    "operatingExpenses": 271919000,
    "costAndExpenses": 1351355000,
    "interestIncome": 0,
    "interestExpense": 0,
    "depreciationAndAmortization": 121767000,
    "ebitda": 377768000,
    "ebitdaratio": 0.235024475,
    "operatingIncome": 256001000,
    "operatingIncomeRatio": 0.1592683886,
    "totalOtherIncomeExpensesNet": -52311000,
    "incomeBeforeTax": 203690000,
    "incomeBeforeTaxRatio": 0.1267236381,
    "incomeTaxExpense": 87641000,
    "netIncome": 116049000,
    "netIncomeRatio": 0.0721986915,
    "eps": 1.37,
    "epsdiluted": 1.37,
    "weightedAverageShsOut": 84745000,
    "weightedAverageShsOutDil": 85012000,
    "link": "https://www.sec.gov/Archives/edgar/data/764622/000095014700500096/0000950147-00-500096-index.htm",
    "finalLink": "https://www.sec.gov/Archives/edgar/data/764622/000095014700500096/e-5680.txt"
  },
  {
    "date": "2000-06-30",
    "symbol": "PNW",
    "reportedCurrency": "USD",
    "cik": "0000764622",
    "fillingDate": "2000-08-14",
    "acceptedDate": "2000-08-14 00:00:00",
    "calendarYear": "2000",
    "period": "Q2",
    "revenue": 756548000,
    "costOfRevenue": 289785000,
    "grossProfit": 466763000,
    "grossProfitRatio": 0.6169641583,
    "researchAndDevelopmentExpenses": 0,
    "generalAndAdministrativeExpenses": 0,
    "sellingAndMarketingExpenses": 0,
    "sellingGeneralAndAdministrativeExpenses": 0,
    "otherExpenses": 265610000,
    "operatingExpenses": 265610000,
    "costAndExpenses": 555395000,
    "interestIncome": 0,
    "interestExpense": 0,
    "depreciationAndAmortization": 90010000,
    "ebitda": 299094000,
    "ebitdaratio": 0.3953404146,
    "operatingIncome": 201153000,
    "operatingIncomeRatio": 0.2658826671,
    "totalOtherIncomeExpensesNet": -45640000,
    "incomeBeforeTax": 155513000,
    "incomeBeforeTaxRatio": 0.2055560255,
    "incomeTaxExpense": 65612000,
    "netIncome": 89901000,
    "netIncomeRatio": 0.1188305303,
    "eps": 1.06,
    "epsdiluted": 1.06,
    "weightedAverageShsOut": 84730000,
    "weightedAverageShsOutDil": 84891000,
    "link": "https://www.sec.gov/Archives/edgar/data/764622/000095014700001246/0000950147-00-001246-index.htm",
    "finalLink": "https://www.sec.gov/Archives/edgar/data/764622/000095014700001246/0000950147-00-001246-0001.txt"
  },
  {
    "date": "2000-03-31",
    "symbol": "PNW",
    "reportedCurrency": "USD",
    "cik": "0000764622",
    "fillingDate": "2000-05-15",
    "acceptedDate": "2000-05-15 00:00:00",
    "calendarYear": "2000",
    "period": "Q1",
    "revenue": 488117000,
    "costOfRevenue": 125997000,
    "grossProfit": 362120000,
    "grossProfitRatio": 0.7418713136,
    "researchAndDevelopmentExpenses": 0,
    "generalAndAdministrativeExpenses": 0,
    "sellingAndMarketingExpenses": 0,
    "sellingGeneralAndAdministrativeExpenses": 0,
    "otherExpenses": 265849000,
    "operatingExpenses": 265849000,
    "costAndExpenses": 391846000,
    "interestIncome": 0,
    "interestExpense": 0,
    "depreciationAndAmortization": 104969000,
    "ebitda": 201240000,
    "ebitdaratio": 0.4122782038,
    "operatingIncome": 96271000,
    "operatingIncomeRatio": 0.1972293528,
    "totalOtherIncomeExpensesNet": -1385000,
    "incomeBeforeTax": 94886000,
    "incomeBeforeTaxRatio": 0.1943919183,
    "incomeTaxExpense": 40816000,
    "netIncome": 54070000,
    "netIncomeRatio": 0.1107726221,
    "eps": 0.64,
    "epsdiluted": 0.64,
    "weightedAverageShsOut": 84728000,
    "weightedAverageShsOutDil": 84834000,
    "link": "https://www.sec.gov/Archives/edgar/data/764622/000095014700000747/0000950147-00-000747-index.html",
    "finalLink": "https://www.sec.gov/Archives/edgar/data/764622/000095014700000747/"
  },
  {
    "date": "1999-12-31",
    "symbol": "PNW",
    "reportedCurrency": "USD",
    "cik": "0000764622",
    "fillingDate": "2000-03-30",
    "acceptedDate": "2000-03-30 00:00:00",
    "calendarYear": "1999",
    "period": "Q4",
    "revenue": 546500000,
    "costOfRevenue": 167700000,
    "grossProfit": 378800000,
    "grossProfitRatio": 0.6931381519,
    "researchAndDevelopmentExpenses": 0,
    "generalAndAdministrativeExpenses": 0,
    "sellingAndMarketingExpenses": 0,
    "sellingGeneralAndAdministrativeExpenses": 0,
    "otherExpenses": 280800000,
    "operatingExpenses": 280800000,
    "costAndExpenses": 448500000,
    "interestIncome": 0,
    "interestExpense": 0,
    "depreciationAndAmortization": 0,
    "ebitda": 201300000,
    "ebitdaratio": 0.3683440073,
    "operatingIncome": 98000000,
    "operatingIncomeRatio": 0.1793229643,
    "totalOtherIncomeExpensesNet": -27800000,
    "incomeBeforeTax": 70200000,
    "incomeBeforeTaxRatio": 0.1284537969,
    "incomeTaxExpense": 25400000,
    "netIncome": 44800000,
    "netIncomeRatio": 0.0819762123,
    "eps": 0,
    "epsdiluted": 0,
    "weightedAverageShsOut": 82409667,
    "weightedAverageShsOutDil": 84728000,
    "link": "https://www.sec.gov/Archives/edgar/data/764622/000095014700000476/0000950147-00-000476-index.html",
    "finalLink": "https://www.sec.gov/Archives/edgar/data/764622/000095014700000476/"
  },
  {
    "date": "1999-09-30",
    "symbol": "PNW",
    "reportedCurrency": "USD",
    "cik": "0000764622",
    "fillingDate": "1999-11-15",
    "acceptedDate": "1999-11-15 00:00:00",
    "calendarYear": "1999",
    "period": "Q3",
    "revenue": 894200000,
    "costOfRevenue": 396600000,
    "grossProfit": 497600000,
    "grossProfitRatio": 0.5564750615,
    "researchAndDevelopmentExpenses": 0,
    "generalAndAdministrativeExpenses": 0,
    "sellingAndMarketingExpenses": 0,
    "sellingGeneralAndAdministrativeExpenses": 0,
    "otherExpenses": 257500000,
    "operatingExpenses": 257500000,
    "costAndExpenses": 654100000,
    "interestIncome": 0,
    "interestExpense": 0,
    "depreciationAndAmortization": 119407000,
    "ebitda": 359507000,
    "ebitdaratio": 0.4020431671,
    "operatingIncome": 240100000,
    "operatingIncomeRatio": 0.2685081637,
    "totalOtherIncomeExpensesNet": -36400000,
    "incomeBeforeTax": 203700000,
    "incomeBeforeTaxRatio": 0.2278013867,
    "incomeTaxExpense": 78100000,
    "netIncome": 23700000,
    "netIncomeRatio": 0.0265041378,
    "eps": 0.28,
    "epsdiluted": 0.28,
    "weightedAverageShsOut": 84642857,
    "weightedAverageShsOutDil": 84642857,
    "link": "https://www.sec.gov/Archives/edgar/data/764622/000095014799001273/0000950147-99-001273-index.html",
    "finalLink": "https://www.sec.gov/Archives/edgar/data/764622/000095014799001273/"
  },
  {
    "date": "1999-06-30",
    "symbol": "PNW",
    "reportedCurrency": "USD",
    "cik": "0000764622",
    "fillingDate": "1999-08-16",
    "acceptedDate": "1999-08-16 00:00:00",
    "calendarYear": "1999",
    "period": "Q2",
    "revenue": 544100000,
    "costOfRevenue": 134756000,
    "grossProfit": 409375000,
    "grossProfitRatio": 0.7523892667,
    "researchAndDevelopmentExpenses": 0,
    "generalAndAdministrativeExpenses": 0,
    "sellingAndMarketingExpenses": 0,
    "sellingGeneralAndAdministrativeExpenses": 0,
    "otherExpenses": 260407000,
    "operatingExpenses": 260407000,
    "costAndExpenses": 395163000,
    "interestIncome": 0,
    "interestExpense": 0,
    "depreciationAndAmortization": 89093000,
    "ebitda": 246351000,
    "ebitdaratio": 0.4527678736,
    "operatingIncome": 148968000,
    "operatingIncomeRatio": 0.2737879066,
    "totalOtherIncomeExpensesNet": -36517000,
    "incomeBeforeTax": 112400000,
    "incomeBeforeTaxRatio": 0.2065796729,
    "incomeTaxExpense": 43700000,
    "netIncome": 68702000,
    "netIncomeRatio": 0.1262672303,
    "eps": 0.81,
    "epsdiluted": 0.81,
    "weightedAverageShsOut": 84716000,
    "weightedAverageShsOutDil": 85093000,
    "link": "https://www.sec.gov/Archives/edgar/data/764622/000095014799000887/0000950147-99-000887-index.html",
    "finalLink": "https://www.sec.gov/Archives/edgar/data/764622/000095014799000887/"
  },
  {
    "date": "1999-03-31",
    "symbol": "PNW",
    "reportedCurrency": "USD",
    "cik": "0000764622",
    "fillingDate": "1999-05-17",
    "acceptedDate": "1999-05-17 00:00:00",
    "calendarYear": "1999",
    "period": "Q1",
    "revenue": 438700000,
    "costOfRevenue": 99200000,
    "grossProfit": 339316000,
    "grossProfitRatio": 0.7734579439,
    "researchAndDevelopmentExpenses": 0,
    "generalAndAdministrativeExpenses": 0,
    "sellingAndMarketingExpenses": 0,
    "sellingGeneralAndAdministrativeExpenses": 0,
    "otherExpenses": 247600000,
    "operatingExpenses": 247600000,
    "costAndExpenses": 346800000,
    "interestIncome": 0,
    "interestExpense": 0,
    "depreciationAndAmortization": 105200000,
    "ebitda": 196916000,
    "ebitdaratio": 0.4488625484,
    "operatingIncome": 91716000,
    "operatingIncomeRatio": 0.2090631411,
    "totalOtherIncomeExpensesNet": -40116000,
    "incomeBeforeTax": 51600000,
    "incomeBeforeTaxRatio": 0.1176202416,
    "incomeTaxExpense": 20900000,
    "netIncome": 30700000,
    "netIncomeRatio": 0.0699794848,
    "eps": 0.36,
    "epsdiluted": 0.36,
    "weightedAverageShsOut": 85277778,
    "weightedAverageShsOutDil": 85277778,
    "link": "https://www.sec.gov/Archives/edgar/data/764622/000095014799000510/0000950147-99-000510-index.html",
    "finalLink": "https://www.sec.gov/Archives/edgar/data/764622/"
  },
  {
    "date": "1998-12-31",
    "symbol": "PNW",
    "reportedCurrency": "USD",
    "cik": "0000764622",
    "fillingDate": "1999-03-31",
    "acceptedDate": "1999-03-31 00:00:00",
    "calendarYear": "1998",
    "period": "Q4",
    "revenue": 486300000,
    "costOfRevenue": 115300000,
    "grossProfit": 371000000,
    "grossProfitRatio": 0.7629035575,
    "researchAndDevelopmentExpenses": 0,
    "generalAndAdministrativeExpenses": 0,
    "sellingAndMarketingExpenses": 0,
    "sellingGeneralAndAdministrativeExpenses": 0,
    "otherExpenses": 269100000,
    "operatingExpenses": 269100000,
    "costAndExpenses": 384400000,
    "interestIncome": 0,
    "interestExpense": 0,
    "depreciationAndAmortization": 0,
    "ebitda": 207400000,
    "ebitdaratio": 0.4264857084,
    "operatingIncome": 101900000,
    "operatingIncomeRatio": 0.2095414353,
    "totalOtherIncomeExpensesNet": -41900000,
    "incomeBeforeTax": 60000000,
    "incomeBeforeTaxRatio": 0.1233806292,
    "incomeTaxExpense": 24500000,
    "netIncome": 35500000,
    "netIncomeRatio": 0.0730002056,
    "eps": 0,
    "epsdiluted": 0,
    "weightedAverageShsOut": 85137688,
    "weightedAverageShsOutDil": 85277778,
    "link": "https://www.sec.gov/Archives/edgar/data/764622/000095014799000291/0000950147-99-000291-index.html",
    "finalLink": "https://www.sec.gov/Archives/edgar/data/764622/"
  },
  {
    "date": "1998-09-30",
    "symbol": "PNW",
    "reportedCurrency": "USD",
    "cik": "0000764622",
    "fillingDate": "1998-11-16",
    "acceptedDate": "1998-11-16 00:00:00",
    "calendarYear": "1998",
    "period": "Q3",
    "revenue": 759000000,
    "costOfRevenue": 252700000,
    "grossProfit": 506300000,
    "grossProfitRatio": 0.6670619236,
    "researchAndDevelopmentExpenses": 0,
    "generalAndAdministrativeExpenses": 0,
    "sellingAndMarketingExpenses": 0,
    "sellingGeneralAndAdministrativeExpenses": 0,
    "otherExpenses": 254500000,
    "operatingExpenses": 254500000,
    "costAndExpenses": 507200000,
    "interestIncome": 0,
    "interestExpense": 0,
    "depreciationAndAmortization": 0,
    "ebitda": 759000000,
    "ebitdaratio": 1,
    "operatingIncome": 251800000,
    "operatingIncomeRatio": 0.3317523057,
    "totalOtherIncomeExpensesNet": -41100000,
    "incomeBeforeTax": 210700000,
    "incomeBeforeTaxRatio": 0.277602108,
    "incomeTaxExpense": 83400000,
    "netIncome": 127300000,
    "netIncomeRatio": 0.1677206851,
    "eps": 1.5,
    "epsdiluted": 1.49,
    "weightedAverageShsOut": 84866667,
    "weightedAverageShsOutDil": 85436242,
    "link": "https://www.sec.gov/Archives/edgar/data/764622/000095014798000931/0000950147-98-000931-index.html",
    "finalLink": "https://www.sec.gov/Archives/edgar/data/764622/"
  },
  {
    "date": "1998-06-30",
    "symbol": "PNW",
    "reportedCurrency": "USD",
    "cik": "0000764622",
    "fillingDate": "1998-08-14",
    "acceptedDate": "1998-08-14 00:00:00",
    "calendarYear": "1998",
    "period": "Q2",
    "revenue": 470600000,
    "costOfRevenue": 95600000,
    "grossProfit": 375000000,
    "grossProfitRatio": 0.7968550786,
    "researchAndDevelopmentExpenses": 0,
    "generalAndAdministrativeExpenses": 0,
    "sellingAndMarketingExpenses": 0,
    "sellingGeneralAndAdministrativeExpenses": 0,
    "otherExpenses": 252400000,
    "operatingExpenses": 252400000,
    "costAndExpenses": 348000000,
    "interestIncome": 0,
    "interestExpense": 0,
    "depreciationAndAmortization": 0,
    "ebitda": 224600000,
    "ebitdaratio": 0.4772630684,
    "operatingIncome": 122600000,
    "operatingIncomeRatio": 0.260518487,
    "totalOtherIncomeExpensesNet": -39800000,
    "incomeBeforeTax": 82800000,
    "incomeBeforeTaxRatio": 0.1759456014,
    "incomeTaxExpense": 33800000,
    "netIncome": 49000000,
    "netIncomeRatio": 0.1041223969,
    "eps": 0.58,
    "epsdiluted": 0.57,
    "weightedAverageShsOut": 84482759,
    "weightedAverageShsOutDil": 85964912,
    "link": "https://www.sec.gov/Archives/edgar/data/764622/000095014798000639/0000950147-98-000639-index.html",
    "finalLink": "https://www.sec.gov/Archives/edgar/data/764622/"
  },
  {
    "date": "1998-03-31",
    "symbol": "PNW",
    "reportedCurrency": "USD",
    "cik": "0000764622",
    "fillingDate": "1998-05-15",
    "acceptedDate": "1998-05-15 00:00:00",
    "calendarYear": "1998",
    "period": "Q1",
    "revenue": 414600000,
    "costOfRevenue": 73900000,
    "grossProfit": 340700000,
    "grossProfitRatio": 0.8217559093,
    "researchAndDevelopmentExpenses": 0,
    "generalAndAdministrativeExpenses": 0,
    "sellingAndMarketingExpenses": 0,
    "sellingGeneralAndAdministrativeExpenses": 0,
    "otherExpenses": 249700000,
    "operatingExpenses": 249700000,
    "costAndExpenses": 323600000,
    "interestIncome": 0,
    "interestExpense": 0,
    "depreciationAndAmortization": 0,
    "ebitda": 192400000,
    "ebitdaratio": 0.4640617463,
    "operatingIncome": 91000000,
    "operatingIncomeRatio": 0.2194886638,
    "totalOtherIncomeExpensesNet": -36900000,
    "incomeBeforeTax": 54100000,
    "incomeBeforeTaxRatio": 0.1304872166,
    "incomeTaxExpense": 23000000,
    "netIncome": 31100000,
    "netIncomeRatio": 0.0750120598,
    "eps": 0.37,
    "epsdiluted": 0.36,
    "weightedAverageShsOut": 84054054,
    "weightedAverageShsOutDil": 86388889,
    "link": "https://www.sec.gov/Archives/edgar/data/764622/000095014798000404/0000950147-98-000404-index.html",
    "finalLink": "https://www.sec.gov/Archives/edgar/data/764622/"
  },
  {
    "date": "1997-12-31",
    "symbol": "PNW",
    "reportedCurrency": "USD",
    "cik": "0000764622",
    "fillingDate": "1998-03-31",
    "acceptedDate": "1998-03-31 00:00:00",
    "calendarYear": "1997",
    "period": "Q4",
    "revenue": 443900000,
    "costOfRevenue": 93300000,
    "grossProfit": 350600000,
    "grossProfitRatio": 0.7898175265,
    "researchAndDevelopmentExpenses": 0,
    "generalAndAdministrativeExpenses": 0,
    "sellingAndMarketingExpenses": 0,
    "sellingGeneralAndAdministrativeExpenses": 0,
    "otherExpenses": 268800000,
    "operatingExpenses": 268800000,
    "costAndExpenses": 362100000,
    "interestIncome": 0,
    "interestExpense": 0,
    "depreciationAndAmortization": 0,
    "ebitda": 182900000,
    "ebitdaratio": 0.4120297364,
    "operatingIncome": 81800000,
    "operatingIncomeRatio": 0.1842757378,
    "totalOtherIncomeExpensesNet": -49600000,
    "incomeBeforeTax": 32200000,
    "incomeBeforeTaxRatio": 0.0725388601,
    "incomeTaxExpense": 13200000,
    "netIncome": 19000000,
    "netIncomeRatio": 0.042802433,
    "eps": 0,
    "epsdiluted": 0,
    "weightedAverageShsOut": 84054054,
    "weightedAverageShsOutDil": 84054054,
    "link": "https://www.sec.gov/Archives/edgar/data/764622/000095014798000260/0000950147-98-000260-index.html",
    "finalLink": "https://www.sec.gov/Archives/edgar/data/764622/"
  },
  {
    "date": "1997-09-30",
    "symbol": "PNW",
    "reportedCurrency": "USD",
    "cik": "0000764622",
    "fillingDate": "1997-11-14",
    "acceptedDate": "1997-11-14 00:00:00",
    "calendarYear": "1997",
    "period": "Q3",
    "revenue": 663700000,
    "costOfRevenue": 158500000,
    "grossProfit": 505200000,
    "grossProfitRatio": 0.7611872834,
    "researchAndDevelopmentExpenses": 0,
    "generalAndAdministrativeExpenses": 0,
    "sellingAndMarketingExpenses": 0,
    "sellingGeneralAndAdministrativeExpenses": 0,
    "otherExpenses": 261900000,
    "operatingExpenses": 261900000,
    "costAndExpenses": 420400000,
    "interestIncome": 0,
    "interestExpense": 0,
    "depreciationAndAmortization": 0,
    "ebitda": 663800000,
    "ebitdaratio": 1.0001506705,
    "operatingIncome": 243400000,
    "operatingIncomeRatio": 0.3667319572,
    "totalOtherIncomeExpensesNet": -42200000,
    "incomeBeforeTax": 201200000,
    "incomeBeforeTaxRatio": 0.3031490131,
    "incomeTaxExpense": 76900000,
    "netIncome": 124300000,
    "netIncomeRatio": 0.1872834112,
    "eps": 1.47,
    "epsdiluted": 1.46,
    "weightedAverageShsOut": 84557823,
    "weightedAverageShsOutDil": 85136986,
    "link": "https://www.sec.gov/Archives/edgar/data/764622/000095014797000810/0000950147-97-000810-index.html",
    "finalLink": "https://www.sec.gov/Archives/edgar/data/764622/"
  },
  {
    "date": "1997-06-30",
    "symbol": "PNW",
    "reportedCurrency": "USD",
    "cik": "0000764622",
    "fillingDate": "1997-08-14",
    "acceptedDate": "1997-08-14 00:00:00",
    "calendarYear": "1997",
    "period": "Q2",
    "revenue": 489000000,
    "costOfRevenue": 99300000,
    "grossProfit": 389700000,
    "grossProfitRatio": 0.7969325153,
    "researchAndDevelopmentExpenses": 0,
    "generalAndAdministrativeExpenses": 0,
    "sellingAndMarketingExpenses": 0,
    "sellingGeneralAndAdministrativeExpenses": 0,
    "otherExpenses": 239600000,
    "operatingExpenses": 239600000,
    "costAndExpenses": 338900000,
    "interestIncome": 0,
    "interestExpense": 0,
    "depreciationAndAmortization": 0,
    "ebitda": 250800000,
    "ebitdaratio": 0.5128834356,
    "operatingIncome": 150100000,
    "operatingIncomeRatio": 0.3069529652,
    "totalOtherIncomeExpensesNet": -40300000,
    "incomeBeforeTax": 109800000,
    "incomeBeforeTaxRatio": 0.2245398773,
    "incomeTaxExpense": 42600000,
    "netIncome": 67200000,
    "netIncomeRatio": 0.1374233129,
    "eps": 0.79,
    "epsdiluted": 0.78,
    "weightedAverageShsOut": 85063291,
    "weightedAverageShsOutDil": 86153846,
    "link": "https://www.sec.gov/Archives/edgar/data/764622/000095014797000555/0000950147-97-000555-index.html",
    "finalLink": "https://www.sec.gov/Archives/edgar/data/764622/"
  },
  {
    "date": "1997-03-31",
    "symbol": "PNW",
    "reportedCurrency": "USD",
    "cik": "0000764622",
    "fillingDate": "1997-05-15",
    "acceptedDate": "1997-05-15 00:00:00",
    "calendarYear": "1997",
    "period": "Q1",
    "revenue": 398500000,
    "costOfRevenue": 85500000,
    "grossProfit": 313000000,
    "grossProfitRatio": 0.7854454203,
    "researchAndDevelopmentExpenses": 0,
    "generalAndAdministrativeExpenses": 0,
    "sellingAndMarketingExpenses": 0,
    "sellingGeneralAndAdministrativeExpenses": 0,
    "otherExpenses": 230600000,
    "operatingExpenses": 230600000,
    "costAndExpenses": 316100000,
    "interestIncome": 0,
    "interestExpense": 0,
    "depreciationAndAmortization": 0,
    "ebitda": 182700000,
    "ebitdaratio": 0.4584692597,
    "operatingIncome": 82400000,
    "operatingIncomeRatio": 0.2067754078,
    "totalOtherIncomeExpensesNet": -39400000,
    "incomeBeforeTax": 43000000,
    "incomeBeforeTaxRatio": 0.1079046424,
    "incomeTaxExpense": 17600000,
    "netIncome": 25400000,
    "netIncomeRatio": 0.0637390213,
    "eps": 0.29,
    "epsdiluted": 0.29,
    "weightedAverageShsOut": 87586207,
    "weightedAverageShsOutDil": 87586207,
    "link": "https://www.sec.gov/Archives/edgar/data/764622/000095014797000334/0000950147-97-000334-index.html",
    "finalLink": "https://www.sec.gov/Archives/edgar/data/764622/"
  },
  {
    "date": "1996-12-31",
    "symbol": "PNW",
    "reportedCurrency": "USD",
    "cik": "0000764622",
    "fillingDate": "1997-03-31",
    "acceptedDate": "1997-03-31 00:00:00",
    "calendarYear": "1996",
    "period": "Q4",
    "revenue": 405000000,
    "costOfRevenue": 81400000,
    "grossProfit": 323600000,
    "grossProfitRatio": 0.7990123457,
    "researchAndDevelopmentExpenses": 0,
    "generalAndAdministrativeExpenses": 0,
    "sellingAndMarketingExpenses": 0,
    "sellingGeneralAndAdministrativeExpenses": 0,
    "otherExpenses": 284200000,
    "operatingExpenses": 284200000,
    "costAndExpenses": 365600000,
    "interestIncome": 0,
    "interestExpense": 0,
    "depreciationAndAmortization": 0,
    "ebitda": 138600000,
    "ebitdaratio": 0.3422222222,
    "operatingIncome": 39400000,
    "operatingIncomeRatio": 0.0972839506,
    "totalOtherIncomeExpensesNet": -55000000,
    "incomeBeforeTax": -15600000,
    "incomeBeforeTaxRatio": -0.0385185185,
    "incomeTaxExpense": -8900000,
    "netIncome": -16100000,
    "netIncomeRatio": -0.0397530864,
    "eps": 0,
    "epsdiluted": 0,
    "weightedAverageShsOut": 87586207,
    "weightedAverageShsOutDil": 87586207,
    "link": "https://www.sec.gov/Archives/edgar/data/764622/000095014797000207/0000950147-97-000207-index.html",
    "finalLink": "https://www.sec.gov/Archives/edgar/data/764622/"
  },
  {
    "date": "1996-09-30",
    "symbol": "PNW",
    "reportedCurrency": "USD",
    "cik": "0000764622",
    "fillingDate": "1996-11-14",
    "acceptedDate": "1996-11-14 00:00:00",
    "calendarYear": "1996",
    "period": "Q3",
    "revenue": 598800000,
    "costOfRevenue": 108000000,
    "grossProfit": 490800000,
    "grossProfitRatio": 0.8196392786,
    "researchAndDevelopmentExpenses": 0,
    "generalAndAdministrativeExpenses": 0,
    "sellingAndMarketingExpenses": 0,
    "sellingGeneralAndAdministrativeExpenses": 0,
    "otherExpenses": 244900000,
    "operatingExpenses": 244900000,
    "costAndExpenses": 352900000,
    "interestIncome": 0,
    "interestExpense": 0,
    "depreciationAndAmortization": 0,
    "ebitda": 346900000,
    "ebitdaratio": 0.5793253173,
    "operatingIncome": 245900000,
    "operatingIncomeRatio": 0.4106546426,
    "totalOtherIncomeExpensesNet": -48800000,
    "incomeBeforeTax": 197100000,
    "incomeBeforeTaxRatio": 0.3291583166,
    "incomeTaxExpense": 75700000,
    "netIncome": 107100000,
    "netIncomeRatio": 0.1788577154,
    "eps": 1.23,
    "epsdiluted": 1.23,
    "weightedAverageShsOut": 87073171,
    "weightedAverageShsOutDil": 87073171,
    "link": "https://www.sec.gov/Archives/edgar/data/764622/000095014796000559/0000950147-96-000559-index.html",
    "finalLink": "https://www.sec.gov/Archives/edgar/data/764622/"
  },
  {
    "date": "1996-06-30",
    "symbol": "PNW",
    "reportedCurrency": "USD",
    "cik": "0000764622",
    "fillingDate": "1996-08-12",
    "acceptedDate": "1996-08-12 00:00:00",
    "calendarYear": "1996",
    "period": "Q2",
    "revenue": 452900000,
    "costOfRevenue": 79800000,
    "grossProfit": 373100000,
    "grossProfitRatio": 0.8238021638,
    "researchAndDevelopmentExpenses": 0,
    "generalAndAdministrativeExpenses": 0,
    "sellingAndMarketingExpenses": 0,
    "sellingGeneralAndAdministrativeExpenses": 0,
    "otherExpenses": 220900000,
    "operatingExpenses": 220900000,
    "costAndExpenses": 300700000,
    "interestIncome": 0,
    "interestExpense": 0,
    "depreciationAndAmortization": 0,
    "ebitda": 219300000,
    "ebitdaratio": 0.4842128505,
    "operatingIncome": 152200000,
    "operatingIncomeRatio": 0.3360565246,
    "totalOtherIncomeExpensesNet": -52100000,
    "incomeBeforeTax": 100100000,
    "incomeBeforeTaxRatio": 0.2210200927,
    "incomeTaxExpense": 38600000,
    "netIncome": 59000000,
    "netIncomeRatio": 0.1302715831,
    "eps": 0.67,
    "epsdiluted": 0.67,
    "weightedAverageShsOut": 88059701,
    "weightedAverageShsOutDil": 88059701,
    "link": "https://www.sec.gov/Archives/edgar/data/764622/000095014796000330/0000950147-96-000330-index.html",
    "finalLink": "https://www.sec.gov/Archives/edgar/data/764622/"
  },
  {
    "date": "1996-03-31",
    "symbol": "PNW",
    "reportedCurrency": "USD",
    "cik": "0000764622",
    "fillingDate": "1996-05-15",
    "acceptedDate": "1996-05-15 00:00:00",
    "calendarYear": "1996",
    "period": "Q1",
    "revenue": 361300000,
    "costOfRevenue": 56300000,
    "grossProfit": 305000000,
    "grossProfitRatio": 0.8441738168,
    "researchAndDevelopmentExpenses": 0,
    "generalAndAdministrativeExpenses": 0,
    "sellingAndMarketingExpenses": 0,
    "sellingGeneralAndAdministrativeExpenses": 0,
    "otherExpenses": 198300000,
    "operatingExpenses": 198300000,
    "costAndExpenses": 254600000,
    "interestIncome": 0,
    "interestExpense": 0,
    "depreciationAndAmortization": 0,
    "ebitda": 174200000,
    "ebitdaratio": 0.4821477996,
    "operatingIncome": 106700000,
    "operatingIncomeRatio": 0.2953224467,
    "totalOtherIncomeExpensesNet": -48700000,
    "incomeBeforeTax": 58000000,
    "incomeBeforeTaxRatio": 0.1605314143,
    "incomeTaxExpense": 23100000,
    "netIncome": 31300000,
    "netIncomeRatio": 0.0866316081,
    "eps": 0.36,
    "epsdiluted": 0.36,
    "weightedAverageShsOut": 86944444,
    "weightedAverageShsOutDil": 86944444,
    "link": "https://www.sec.gov/Archives/edgar/data/764622/000095014796000188/0000950147-96-000188-index.html",
    "finalLink": "https://www.sec.gov/Archives/edgar/data/764622/"
  },
  {
    "date": "1995-12-31",
    "symbol": "PNW",
    "reportedCurrency": "USD",
    "cik": "0000764622",
    "fillingDate": "1996-04-01",
    "acceptedDate": "1996-04-01 00:00:00",
    "calendarYear": "1995",
    "period": "Q4",
    "revenue": 371700000,
    "costOfRevenue": 60000000,
    "grossProfit": 311700000,
    "grossProfitRatio": 0.8385794996,
    "researchAndDevelopmentExpenses": 0,
    "generalAndAdministrativeExpenses": 0,
    "sellingAndMarketingExpenses": 0,
    "sellingGeneralAndAdministrativeExpenses": 0,
    "otherExpenses": 233100000,
    "operatingExpenses": 233100000,
    "costAndExpenses": 293100000,
    "interestIncome": 0,
    "interestExpense": 0,
    "depreciationAndAmortization": 0,
    "ebitda": 146700000,
    "ebitdaratio": 0.3946731235,
    "operatingIncome": 78600000,
    "operatingIncomeRatio": 0.2114608555,
    "totalOtherIncomeExpensesNet": -51300000,
    "incomeBeforeTax": 27300000,
    "incomeBeforeTaxRatio": 0.0734463277,
    "incomeTaxExpense": 9000000,
    "netIncome": 6700000,
    "netIncomeRatio": 0.0180252892,
    "eps": 0,
    "epsdiluted": 0,
    "weightedAverageShsOut": 86944444,
    "weightedAverageShsOutDil": 86944444,
    "link": "https://www.sec.gov/Archives/edgar/data/764622/000095014796000117/0000950147-96-000117-index.html",
    "finalLink": "https://www.sec.gov/Archives/edgar/data/764622/"
  },
  {
    "date": "1995-09-30",
    "symbol": "PNW",
    "reportedCurrency": "USD",
    "cik": "0000764622",
    "fillingDate": "1995-11-14",
    "acceptedDate": "1995-11-14 00:00:00",
    "calendarYear": "1995",
    "period": "Q3",
    "revenue": 558800000,
    "costOfRevenue": 92300000,
    "grossProfit": 466500000,
    "grossProfitRatio": 0.8348246242,
    "researchAndDevelopmentExpenses": 0,
    "generalAndAdministrativeExpenses": 0,
    "sellingAndMarketingExpenses": 0,
    "sellingGeneralAndAdministrativeExpenses": 0,
    "otherExpenses": 205500000,
    "operatingExpenses": 205500000,
    "costAndExpenses": 297800000,
    "interestIncome": 0,
    "interestExpense": 0,
    "depreciationAndAmortization": 0,
    "ebitda": 332000000,
    "ebitdaratio": 0.5941302792,
    "operatingIncome": 261000000,
    "operatingIncomeRatio": 0.4670722978,
    "totalOtherIncomeExpensesNet": -71400000,
    "incomeBeforeTax": 189600000,
    "incomeBeforeTaxRatio": 0.3392984968,
    "incomeTaxExpense": 75100000,
    "netIncome": 114500000,
    "netIncomeRatio": 0.2049033644,
    "eps": 1.31,
    "epsdiluted": 1.31,
    "weightedAverageShsOut": 87404580,
    "weightedAverageShsOutDil": 87404580,
    "link": "https://www.sec.gov/Archives/edgar/data/764622/000095014795000188/0000950147-95-000188-index.html",
    "finalLink": "https://www.sec.gov/Archives/edgar/data/764622/"
  }
]