[
  {
    "date": "2025-06-30",
    "symbol": "PODD",
    "reportedCurrency": "USD",
    "cik": "0001145197",
    "fillingDate": "2025-08-07",
    "acceptedDate": "2025-08-07 16:04:35",
    "calendarYear": "2025",
    "period": "Q2",
    "revenue": 649100000,
    "costOfRevenue": 196800000,
    "grossProfit": 452300000,
    "grossProfitRatio": 0.696810969,
    "researchAndDevelopmentExpenses": 73400000,
    "generalAndAdministrativeExpenses": 0,
    "sellingAndMarketingExpenses": 0,
    "sellingGeneralAndAdministrativeExpenses": 257700000,
    "otherExpenses": 0,
    "operatingExpenses": 331100000,
    "costAndExpenses": 528000000,
    "interestIncome": 10100000,
    "interestExpense": 19600000,
    "depreciationAndAmortization": 22300000,
    "ebitda": 70300000,
    "ebitdaratio": 0.1083038053,
    "operatingIncome": 121100000,
    "operatingIncomeRatio": 0.1865660145,
    "totalOtherIncomeExpensesNet": -92700000,
    "incomeBeforeTax": 28400000,
    "incomeBeforeTaxRatio": 0.0437528886,
    "incomeTaxExpense": 5900000,
    "netIncome": 22500000,
    "netIncomeRatio": 0.0346633801,
    "eps": 0.32,
    "epsdiluted": 0.32,
    "weightedAverageShsOut": 70330000,
    "weightedAverageShsOutDil": 70641000,
    "link": "https://www.sec.gov/Archives/edgar/data/1145197/000114519725000038/0001145197-25-000038-index.htm",
    "finalLink": "https://www.sec.gov/Archives/edgar/data/1145197/000114519725000038/podd-20250630.htm"
  },
  {
    "date": "2025-03-31",
    "symbol": "PODD",
    "reportedCurrency": "USD",
    "cik": "0001145197",
    "fillingDate": "2025-05-09",
    "acceptedDate": "2025-05-08 17:41:13",
    "calendarYear": "2025",
    "period": "Q1",
    "revenue": 569000000,
    "costOfRevenue": 160000000,
    "grossProfit": 409000000,
    "grossProfitRatio": 0.7188049209,
    "researchAndDevelopmentExpenses": 59600000,
    "generalAndAdministrativeExpenses": 0,
    "sellingAndMarketingExpenses": 0,
    "sellingGeneralAndAdministrativeExpenses": 260600000,
    "otherExpenses": 0,
    "operatingExpenses": 320200000,
    "costAndExpenses": 480200000,
    "interestIncome": 10300000,
    "interestExpense": 9200000,
    "depreciationAndAmortization": 21700000,
    "ebitda": 79000000,
    "ebitdaratio": 0.1388400703,
    "operatingIncome": 88800000,
    "operatingIncomeRatio": 0.1560632689,
    "totalOtherIncomeExpensesNet": -40700000,
    "incomeBeforeTax": 48100000,
    "incomeBeforeTaxRatio": 0.0845342707,
    "incomeTaxExpense": 12700000,
    "netIncome": 35400000,
    "netIncomeRatio": 0.0622144112,
    "eps": 0.5,
    "epsdiluted": 0.5,
    "weightedAverageShsOut": 70272000,
    "weightedAverageShsOutDil": 74111000,
    "link": "https://www.sec.gov/Archives/edgar/data/1145197/000114519725000022/0001145197-25-000022-index.htm",
    "finalLink": "https://www.sec.gov/Archives/edgar/data/1145197/000114519725000022/podd-20250331.htm"
  },
  {
    "date": "2024-12-31",
    "symbol": "PODD",
    "reportedCurrency": "USD",
    "cik": "0001145197",
    "fillingDate": "2025-02-21",
    "acceptedDate": "2025-02-20 17:36:54",
    "calendarYear": "2024",
    "period": "Q4",
    "revenue": 597500000,
    "costOfRevenue": 166600000,
    "grossProfit": 430900000,
    "grossProfitRatio": 0.7211715481,
    "researchAndDevelopmentExpenses": 60600000,
    "generalAndAdministrativeExpenses": 0,
    "sellingAndMarketingExpenses": 0,
    "sellingGeneralAndAdministrativeExpenses": 261000000,
    "otherExpenses": 0,
    "operatingExpenses": 321600000,
    "costAndExpenses": 488200000,
    "interestIncome": 10300000,
    "interestExpense": 8700000,
    "depreciationAndAmortization": 21500000,
    "ebitda": 141500000,
    "ebitdaratio": 0.2368200837,
    "operatingIncome": 109300000,
    "operatingIncomeRatio": 0.1829288703,
    "totalOtherIncomeExpensesNet": 2000000,
    "incomeBeforeTax": 111300000,
    "incomeBeforeTaxRatio": 0.1862761506,
    "incomeTaxExpense": 10600000,
    "netIncome": 100700000,
    "netIncomeRatio": 0.1685355649,
    "eps": 1.44,
    "epsdiluted": 1.39,
    "weightedAverageShsOut": 70164000,
    "weightedAverageShsOutDil": 74079000,
    "link": "https://www.sec.gov/Archives/edgar/data/1145197/000114519725000007/0001145197-25-000007-index.htm",
    "finalLink": "https://www.sec.gov/Archives/edgar/data/1145197/000114519725000007/podd-20241231.htm"
  },
  {
    "date": "2024-09-30",
    "symbol": "PODD",
    "reportedCurrency": "USD",
    "cik": "0001145197",
    "fillingDate": "2024-11-08",
    "acceptedDate": "2024-11-07 17:41:11",
    "calendarYear": "2024",
    "period": "Q3",
    "revenue": 543900000,
    "costOfRevenue": 166800000,
    "grossProfit": 377100000,
    "grossProfitRatio": 0.693325979,
    "researchAndDevelopmentExpenses": 54900000,
    "generalAndAdministrativeExpenses": 0,
    "sellingAndMarketingExpenses": 0,
    "sellingGeneralAndAdministrativeExpenses": 234100000,
    "otherExpenses": 0,
    "operatingExpenses": 289000000,
    "costAndExpenses": 455800000,
    "interestIncome": 10500000,
    "interestExpense": 12300000,
    "depreciationAndAmortization": 21300000,
    "ebitda": 116500000,
    "ebitdaratio": 0.2141937856,
    "operatingIncome": 88100000,
    "operatingIncomeRatio": 0.1619783048,
    "totalOtherIncomeExpensesNet": -5200000,
    "incomeBeforeTax": 82900000,
    "incomeBeforeTaxRatio": 0.1524177238,
    "incomeTaxExpense": 5400000,
    "netIncome": 77500000,
    "netIncomeRatio": 0.1424894282,
    "eps": 1.11,
    "epsdiluted": 1.08,
    "weightedAverageShsOut": 70123000,
    "weightedAverageShsOutDil": 73951000,
    "link": "https://www.sec.gov/Archives/edgar/data/1145197/000114519724000045/0001145197-24-000045-index.htm",
    "finalLink": "https://www.sec.gov/Archives/edgar/data/1145197/000114519724000045/podd-20240930.htm"
  },
  {
    "date": "2024-06-30",
    "symbol": "PODD",
    "reportedCurrency": "USD",
    "cik": "0001145197",
    "fillingDate": "2024-08-09",
    "acceptedDate": "2024-08-08 17:50:44",
    "calendarYear": "2024",
    "period": "Q2",
    "revenue": 488500000,
    "costOfRevenue": 157600000,
    "grossProfit": 330900000,
    "grossProfitRatio": 0.6773797339,
    "researchAndDevelopmentExpenses": 53900000,
    "generalAndAdministrativeExpenses": 0,
    "sellingAndMarketingExpenses": 0,
    "sellingGeneralAndAdministrativeExpenses": 222500000,
    "otherExpenses": 0,
    "operatingExpenses": 276400000,
    "costAndExpenses": 434000000,
    "interestIncome": 9300000,
    "interestExpense": 11000000,
    "depreciationAndAmortization": 19200000,
    "ebitda": 81300000,
    "ebitdaratio": 0.1664278403,
    "operatingIncome": 54500000,
    "operatingIncomeRatio": 0.1115660184,
    "totalOtherIncomeExpensesNet": -3400000,
    "incomeBeforeTax": 51100000,
    "incomeBeforeTaxRatio": 0.1046059365,
    "incomeTaxExpense": -137500000,
    "netIncome": 188600000,
    "netIncomeRatio": 0.3860798362,
    "eps": 2.69,
    "epsdiluted": 2.59,
    "weightedAverageShsOut": 70062000,
    "weightedAverageShsOutDil": 73802000,
    "link": "https://www.sec.gov/Archives/edgar/data/1145197/000114519724000039/0001145197-24-000039-index.htm",
    "finalLink": "https://www.sec.gov/Archives/edgar/data/1145197/000114519724000039/podd-20240630.htm"
  },
  {
    "date": "2024-03-31",
    "symbol": "PODD",
    "reportedCurrency": "USD",
    "cik": "0001145197",
    "fillingDate": "2024-05-10",
    "acceptedDate": "2024-05-09 17:55:06",
    "calendarYear": "2024",
    "period": "Q1",
    "revenue": 441700000,
    "costOfRevenue": 134900000,
    "grossProfit": 306800000,
    "grossProfitRatio": 0.6945890876,
    "researchAndDevelopmentExpenses": 50200000,
    "generalAndAdministrativeExpenses": 0,
    "sellingAndMarketingExpenses": 0,
    "sellingGeneralAndAdministrativeExpenses": 199700000,
    "otherExpenses": 0,
    "operatingExpenses": 249900000,
    "costAndExpenses": 384800000,
    "interestIncome": 9400000,
    "interestExpense": 10700000,
    "depreciationAndAmortization": 18800000,
    "ebitda": 84400000,
    "ebitdaratio": 0.1910799185,
    "operatingIncome": 56900000,
    "operatingIncomeRatio": 0.1288204664,
    "totalOtherIncomeExpensesNet": -2000000,
    "incomeBeforeTax": 54900000,
    "incomeBeforeTaxRatio": 0.1242925062,
    "incomeTaxExpense": 3400000,
    "netIncome": 51500000,
    "netIncomeRatio": 0.116594974,
    "eps": 0.74,
    "epsdiluted": 0.73,
    "weightedAverageShsOut": 69957000,
    "weightedAverageShsOutDil": 73741000,
    "link": "https://www.sec.gov/Archives/edgar/data/1145197/000114519724000022/0001145197-24-000022-index.htm",
    "finalLink": "https://www.sec.gov/Archives/edgar/data/1145197/000114519724000022/podd-20240331.htm"
  },
  {
    "date": "2023-12-31",
    "symbol": "PODD",
    "reportedCurrency": "USD",
    "cik": "0001145197",
    "fillingDate": "2024-02-23",
    "acceptedDate": "2024-02-22 17:49:33",
    "calendarYear": "2023",
    "period": "Q4",
    "revenue": 509800000,
    "costOfRevenue": 148600000,
    "grossProfit": 361200000,
    "grossProfitRatio": 0.7085131424,
    "researchAndDevelopmentExpenses": 42000000,
    "generalAndAdministrativeExpenses": 0,
    "sellingAndMarketingExpenses": 0,
    "sellingGeneralAndAdministrativeExpenses": 212800000,
    "otherExpenses": 0,
    "operatingExpenses": 254800000,
    "costAndExpenses": 403400000,
    "interestIncome": 6200000,
    "interestExpense": 6700000,
    "depreciationAndAmortization": 18800000,
    "ebitda": 133300000,
    "ebitdaratio": 0.2614750883,
    "operatingIncome": 106400000,
    "operatingIncomeRatio": 0.2087092978,
    "totalOtherIncomeExpensesNet": 1400000,
    "incomeBeforeTax": 107800000,
    "incomeBeforeTaxRatio": 0.2114554727,
    "incomeTaxExpense": 4500000,
    "netIncome": 103300000,
    "netIncomeRatio": 0.2026284818,
    "eps": 1.48,
    "epsdiluted": 1.48,
    "weightedAverageShsOut": 69860000,
    "weightedAverageShsOutDil": 69860000,
    "link": "https://www.sec.gov/Archives/edgar/data/1145197/000114519724000011/0001145197-24-000011-index.htm",
    "finalLink": "https://www.sec.gov/Archives/edgar/data/1145197/000114519724000011/podd-20231231.htm"
  },
  {
    "date": "2023-09-30",
    "symbol": "PODD",
    "reportedCurrency": "USD",
    "cik": "0001145197",
    "fillingDate": "2023-11-03",
    "acceptedDate": "2023-11-02 17:45:24",
    "calendarYear": "2023",
    "period": "Q3",
    "revenue": 432700000,
    "costOfRevenue": 139400000,
    "grossProfit": 293300000,
    "grossProfitRatio": 0.6778368385,
    "researchAndDevelopmentExpenses": 57800000,
    "generalAndAdministrativeExpenses": 0,
    "sellingAndMarketingExpenses": 0,
    "sellingGeneralAndAdministrativeExpenses": 180700000,
    "otherExpenses": 0,
    "operatingExpenses": 238500000,
    "costAndExpenses": 377900000,
    "interestIncome": 8600000,
    "interestExpense": 10400000,
    "depreciationAndAmortization": 18700000,
    "ebitda": 82800000,
    "ebitdaratio": 0.1913565981,
    "operatingIncome": 54800000,
    "operatingIncomeRatio": 0.1266466374,
    "totalOtherIncomeExpensesNet": -1100000,
    "incomeBeforeTax": 53700000,
    "incomeBeforeTaxRatio": 0.1241044604,
    "incomeTaxExpense": 1800000,
    "netIncome": 51900000,
    "netIncomeRatio": 0.1199445343,
    "eps": 0.74,
    "epsdiluted": 0.7,
    "weightedAverageShsOut": 69823000,
    "weightedAverageShsOutDil": 73624000,
    "link": "https://www.sec.gov/Archives/edgar/data/1145197/000114519723000076/0001145197-23-000076-index.htm",
    "finalLink": "https://www.sec.gov/Archives/edgar/data/1145197/000114519723000076/podd-20230930.htm"
  },
  {
    "date": "2023-06-30",
    "symbol": "PODD",
    "reportedCurrency": "USD",
    "cik": "0001145197",
    "fillingDate": "2023-08-09",
    "acceptedDate": "2023-08-08 17:53:32",
    "calendarYear": "2023",
    "period": "Q2",
    "revenue": 396500000,
    "costOfRevenue": 131600000,
    "grossProfit": 264900000,
    "grossProfitRatio": 0.6680958386,
    "researchAndDevelopmentExpenses": 55100000,
    "generalAndAdministrativeExpenses": 0,
    "sellingAndMarketingExpenses": 0,
    "sellingGeneralAndAdministrativeExpenses": 178700000,
    "otherExpenses": 0,
    "operatingExpenses": 233800000,
    "costAndExpenses": 365400000,
    "interestIncome": 7300000,
    "interestExpense": 9700000,
    "depreciationAndAmortization": 18100000,
    "ebitda": 56300000,
    "ebitdaratio": 0.1419924338,
    "operatingIncome": 31100000,
    "operatingIncomeRatio": 0.0784363178,
    "totalOtherIncomeExpensesNet": -2600000,
    "incomeBeforeTax": 28500000,
    "incomeBeforeTaxRatio": 0.0718789407,
    "incomeTaxExpense": 1200000,
    "netIncome": 27300000,
    "netIncomeRatio": 0.068852459,
    "eps": 0.39,
    "epsdiluted": 0.39,
    "weightedAverageShsOut": 69741000,
    "weightedAverageShsOutDil": 70142000,
    "link": "https://www.sec.gov/Archives/edgar/data/1145197/000114519723000059/0001145197-23-000059-index.htm",
    "finalLink": "https://www.sec.gov/Archives/edgar/data/1145197/000114519723000059/podd-20230630.htm"
  },
  {
    "date": "2023-03-31",
    "symbol": "PODD",
    "reportedCurrency": "USD",
    "cik": "0001145197",
    "fillingDate": "2023-05-05",
    "acceptedDate": "2023-05-04 17:52:25",
    "calendarYear": "2023",
    "period": "Q1",
    "revenue": 358100000,
    "costOfRevenue": 117600000,
    "grossProfit": 240500000,
    "grossProfitRatio": 0.6716001117,
    "researchAndDevelopmentExpenses": 50100000,
    "generalAndAdministrativeExpenses": 0,
    "sellingAndMarketingExpenses": 0,
    "sellingGeneralAndAdministrativeExpenses": 162700000,
    "otherExpenses": 0,
    "operatingExpenses": 212800000,
    "costAndExpenses": 330400000,
    "interestIncome": 6500000,
    "interestExpense": 9400000,
    "depreciationAndAmortization": 17200000,
    "ebitda": 51200000,
    "ebitdaratio": 0.1429768221,
    "operatingIncome": 27700000,
    "operatingIncomeRatio": 0.0773526948,
    "totalOtherIncomeExpensesNet": -3100000,
    "incomeBeforeTax": 24600000,
    "incomeBeforeTaxRatio": 0.068695895,
    "incomeTaxExpense": 800000,
    "netIncome": 23800000,
    "netIncomeRatio": 0.0664618822,
    "eps": 0.34,
    "epsdiluted": 0.34,
    "weightedAverageShsOut": 70096000,
    "weightedAverageShsOutDil": 70096000,
    "link": "https://www.sec.gov/Archives/edgar/data/1145197/000114519723000039/0001145197-23-000039-index.htm",
    "finalLink": "https://www.sec.gov/Archives/edgar/data/1145197/000114519723000039/podd-20230331.htm"
  },
  {
    "date": "2022-12-31",
    "symbol": "PODD",
    "reportedCurrency": "USD",
    "cik": "0001145197",
    "fillingDate": "2023-02-24",
    "acceptedDate": "2023-02-23 18:36:18",
    "calendarYear": "2022",
    "period": "Q4",
    "revenue": 369700000,
    "costOfRevenue": 152400000,
    "grossProfit": 217300000,
    "grossProfitRatio": 0.5877738707,
    "researchAndDevelopmentExpenses": 49500000,
    "generalAndAdministrativeExpenses": 0,
    "sellingAndMarketingExpenses": 0,
    "sellingGeneralAndAdministrativeExpenses": 144300000,
    "otherExpenses": 0,
    "operatingExpenses": 193800000,
    "costAndExpenses": 346200000,
    "interestIncome": 6500000,
    "interestExpense": 9200000,
    "depreciationAndAmortization": 16200000,
    "ebitda": 46600000,
    "ebitdaratio": 0.1260481471,
    "operatingIncome": 23500000,
    "operatingIncomeRatio": 0.0635650527,
    "totalOtherIncomeExpensesNet": -1200000,
    "incomeBeforeTax": 22300000,
    "incomeBeforeTaxRatio": 0.0603191777,
    "incomeTaxExpense": 5300000,
    "netIncome": 17000000,
    "netIncomeRatio": 0.0459832296,
    "eps": 0.24,
    "epsdiluted": 0.24,
    "weightedAverageShsOut": 69472000,
    "weightedAverageShsOutDil": 70020000,
    "link": "https://www.sec.gov/Archives/edgar/data/1145197/000114519723000020/0001145197-23-000020-index.htm",
    "finalLink": "https://www.sec.gov/Archives/edgar/data/1145197/000114519723000020/podd-20221231.htm"
  },
  {
    "date": "2022-09-30",
    "symbol": "PODD",
    "reportedCurrency": "USD",
    "cik": "0001145197",
    "fillingDate": "2022-11-04",
    "acceptedDate": "2022-11-03 17:46:14",
    "calendarYear": "2022",
    "period": "Q3",
    "revenue": 340800000,
    "costOfRevenue": 152500000,
    "grossProfit": 188300000,
    "grossProfitRatio": 0.5525234742,
    "researchAndDevelopmentExpenses": 45000000,
    "generalAndAdministrativeExpenses": 0,
    "sellingAndMarketingExpenses": 0,
    "sellingGeneralAndAdministrativeExpenses": 140400000,
    "otherExpenses": 0,
    "operatingExpenses": 185400000,
    "costAndExpenses": 337900000,
    "interestIncome": 2400000,
    "interestExpense": 9200000,
    "depreciationAndAmortization": 15900000,
    "ebitda": 19400000,
    "ebitdaratio": 0.0569248826,
    "operatingIncome": 2900000,
    "operatingIncomeRatio": 0.0085093897,
    "totalOtherIncomeExpensesNet": -8600000,
    "incomeBeforeTax": -5700000,
    "incomeBeforeTaxRatio": -0.0167253521,
    "incomeTaxExpense": -500000,
    "netIncome": -5200000,
    "netIncomeRatio": -0.015258216,
    "eps": -0.0749,
    "epsdiluted": -0.0749,
    "weightedAverageShsOut": 69418000,
    "weightedAverageShsOutDil": 69418000,
    "link": "https://www.sec.gov/Archives/edgar/data/1145197/000114519722000060/0001145197-22-000060-index.htm",
    "finalLink": "https://www.sec.gov/Archives/edgar/data/1145197/000114519722000060/podd-20220930.htm"
  },
  {
    "date": "2022-06-30",
    "symbol": "PODD",
    "reportedCurrency": "USD",
    "cik": "0001145197",
    "fillingDate": "2022-08-05",
    "acceptedDate": "2022-08-04 17:43:34",
    "calendarYear": "2022",
    "period": "Q2",
    "revenue": 299400000,
    "costOfRevenue": 109100000,
    "grossProfit": 190300000,
    "grossProfitRatio": 0.6356045424,
    "researchAndDevelopmentExpenses": 42600000,
    "generalAndAdministrativeExpenses": 0,
    "sellingAndMarketingExpenses": 0,
    "sellingGeneralAndAdministrativeExpenses": 174400000,
    "otherExpenses": 0,
    "operatingExpenses": 217000000,
    "costAndExpenses": 326100000,
    "interestIncome": 800000,
    "interestExpense": 9100000,
    "depreciationAndAmortization": 15800000,
    "ebitda": -12200000,
    "ebitdaratio": -0.040748163,
    "operatingIncome": -26700000,
    "operatingIncomeRatio": -0.0891783567,
    "totalOtherIncomeExpensesNet": -9400000,
    "incomeBeforeTax": -36100000,
    "incomeBeforeTaxRatio": -0.1205744823,
    "incomeTaxExpense": -1100000,
    "netIncome": -35000000,
    "netIncomeRatio": -0.1169004676,
    "eps": -0.5,
    "epsdiluted": -0.5,
    "weightedAverageShsOut": 69356000,
    "weightedAverageShsOutDil": 69356000,
    "link": "https://www.sec.gov/Archives/edgar/data/1145197/000114519722000046/0001145197-22-000046-index.htm",
    "finalLink": "https://www.sec.gov/Archives/edgar/data/1145197/000114519722000046/podd-20220630.htm"
  },
  {
    "date": "2022-03-31",
    "symbol": "PODD",
    "reportedCurrency": "USD",
    "cik": "0001145197",
    "fillingDate": "2022-05-06",
    "acceptedDate": "2022-05-05 17:55:28",
    "calendarYear": "2022",
    "period": "Q1",
    "revenue": 295400000,
    "costOfRevenue": 85700000,
    "grossProfit": 209700000,
    "grossProfitRatio": 0.7098849018,
    "researchAndDevelopmentExpenses": 43100000,
    "generalAndAdministrativeExpenses": 0,
    "sellingAndMarketingExpenses": 0,
    "sellingGeneralAndAdministrativeExpenses": 128700000,
    "otherExpenses": 0,
    "operatingExpenses": 171800000,
    "costAndExpenses": 257500000,
    "interestIncome": 100000,
    "interestExpense": 9000000,
    "depreciationAndAmortization": 15300000,
    "ebitda": 52500000,
    "ebitdaratio": 0.1777251185,
    "operatingIncome": 37900000,
    "operatingIncomeRatio": 0.1283006093,
    "totalOtherIncomeExpensesNet": -8600000,
    "incomeBeforeTax": 29300000,
    "incomeBeforeTaxRatio": 0.0991875423,
    "incomeTaxExpense": 1500000,
    "netIncome": 27800000,
    "netIncomeRatio": 0.0941096818,
    "eps": 0.4,
    "epsdiluted": 0.4,
    "weightedAverageShsOut": 69254000,
    "weightedAverageShsOutDil": 69858000,
    "link": "https://www.sec.gov/Archives/edgar/data/1145197/000114519722000027/0001145197-22-000027-index.htm",
    "finalLink": "https://www.sec.gov/Archives/edgar/data/1145197/000114519722000027/podd-20220331.htm"
  },
  {
    "date": "2021-12-31",
    "symbol": "PODD",
    "reportedCurrency": "USD",
    "cik": "0001145197",
    "fillingDate": "2022-02-24",
    "acceptedDate": "2022-02-23 18:06:58",
    "calendarYear": "2021",
    "period": "Q4",
    "revenue": 307700000,
    "costOfRevenue": 94500000,
    "grossProfit": 213200000,
    "grossProfitRatio": 0.6928826779,
    "researchAndDevelopmentExpenses": 41800000,
    "generalAndAdministrativeExpenses": 0,
    "sellingAndMarketingExpenses": 0,
    "sellingGeneralAndAdministrativeExpenses": 121700000,
    "otherExpenses": 0,
    "operatingExpenses": 163500000,
    "costAndExpenses": 258000000,
    "interestIncome": 0,
    "interestExpense": 15100000,
    "depreciationAndAmortization": 14900000,
    "ebitda": 62600000,
    "ebitdaratio": 0.2034449139,
    "operatingIncome": 49700000,
    "operatingIncomeRatio": 0.161520962,
    "totalOtherIncomeExpensesNet": -16300000,
    "incomeBeforeTax": 33400000,
    "incomeBeforeTaxRatio": 0.1085472863,
    "incomeTaxExpense": 4200000,
    "netIncome": 29200000,
    "netIncomeRatio": 0.0948976276,
    "eps": 0.42,
    "epsdiluted": 0.42,
    "weightedAverageShsOut": 69070000,
    "weightedAverageShsOutDil": 69814000,
    "link": "https://www.sec.gov/Archives/edgar/data/1145197/000114519722000012/0001145197-22-000012-index.htm",
    "finalLink": "https://www.sec.gov/Archives/edgar/data/1145197/000114519722000012/podd-20211231.htm"
  },
  {
    "date": "2021-09-30",
    "symbol": "PODD",
    "reportedCurrency": "USD",
    "cik": "0001145197",
    "fillingDate": "2021-11-05",
    "acceptedDate": "2021-11-04 17:59:43",
    "calendarYear": "2021",
    "period": "Q3",
    "revenue": 275600000,
    "costOfRevenue": 86900000,
    "grossProfit": 188700000,
    "grossProfitRatio": 0.6846879536,
    "researchAndDevelopmentExpenses": 37500000,
    "generalAndAdministrativeExpenses": 0,
    "sellingAndMarketingExpenses": 0,
    "sellingGeneralAndAdministrativeExpenses": 117500000,
    "otherExpenses": 0,
    "operatingExpenses": 155000000,
    "costAndExpenses": 241900000,
    "interestIncome": 100000,
    "interestExpense": 16399999,
    "depreciationAndAmortization": 14500000,
    "ebitda": 45200000,
    "ebitdaratio": 0.1640058055,
    "operatingIncome": 33700000,
    "operatingIncomeRatio": 0.1222786647,
    "totalOtherIncomeExpensesNet": -18500000,
    "incomeBeforeTax": 15200000,
    "incomeBeforeTaxRatio": 0.0551523948,
    "incomeTaxExpense": 2600000,
    "netIncome": 12600000,
    "netIncomeRatio": 0.0457184325,
    "eps": 0.18,
    "epsdiluted": 0.18,
    "weightedAverageShsOut": 68869000,
    "weightedAverageShsOutDil": 69619000,
    "link": "https://www.sec.gov/Archives/edgar/data/1145197/000114519721000041/0001145197-21-000041-index.htm",
    "finalLink": "https://www.sec.gov/Archives/edgar/data/1145197/000114519721000041/podd-20210930.htm"
  },
  {
    "date": "2021-06-30",
    "symbol": "PODD",
    "reportedCurrency": "USD",
    "cik": "0001145197",
    "fillingDate": "2021-08-06",
    "acceptedDate": "2021-08-05 18:04:35",
    "calendarYear": "2021",
    "period": "Q2",
    "revenue": 263200000,
    "costOfRevenue": 80500000,
    "grossProfit": 182700000,
    "grossProfitRatio": 0.6941489362,
    "researchAndDevelopmentExpenses": 40100000,
    "generalAndAdministrativeExpenses": 0,
    "sellingAndMarketingExpenses": 0,
    "sellingGeneralAndAdministrativeExpenses": 116300000,
    "otherExpenses": 0,
    "operatingExpenses": 156400000,
    "costAndExpenses": 236900000,
    "interestIncome": 200000,
    "interestExpense": 16600000,
    "depreciationAndAmortization": 15200000,
    "ebitda": 2400000,
    "ebitdaratio": 0.009118541,
    "operatingIncome": 26300000,
    "operatingIncomeRatio": 0.0999240122,
    "totalOtherIncomeExpensesNet": -54700000,
    "incomeBeforeTax": -28400000,
    "incomeBeforeTaxRatio": -0.1079027356,
    "incomeTaxExpense": -3400000,
    "netIncome": -25000000,
    "netIncomeRatio": -0.0949848024,
    "eps": -0.37,
    "epsdiluted": -0.37,
    "weightedAverageShsOut": 66696000,
    "weightedAverageShsOutDil": 66696000,
    "link": "https://www.sec.gov/Archives/edgar/data/1145197/000114519721000030/0001145197-21-000030-index.htm",
    "finalLink": "https://www.sec.gov/Archives/edgar/data/1145197/000114519721000030/podd-20210630.htm"
  },
  {
    "date": "2021-03-31",
    "symbol": "PODD",
    "reportedCurrency": "USD",
    "cik": "0001145197",
    "fillingDate": "2021-05-07",
    "acceptedDate": "2021-05-06 17:56:17",
    "calendarYear": "2021",
    "period": "Q1",
    "revenue": 252300000,
    "costOfRevenue": 84800000,
    "grossProfit": 167500000,
    "grossProfitRatio": 0.6638921918,
    "researchAndDevelopmentExpenses": 40700000,
    "generalAndAdministrativeExpenses": 0,
    "sellingAndMarketingExpenses": 0,
    "sellingGeneralAndAdministrativeExpenses": 110500000,
    "otherExpenses": 0,
    "operatingExpenses": 151200000,
    "costAndExpenses": 236000000,
    "interestIncome": 200000,
    "interestExpense": 13600000,
    "depreciationAndAmortization": 12800000,
    "ebitda": 25900000,
    "ebitdaratio": 0.1026555688,
    "operatingIncome": 16300000,
    "operatingIncomeRatio": 0.0646056282,
    "totalOtherIncomeExpensesNet": -16000000,
    "incomeBeforeTax": 300000,
    "incomeBeforeTaxRatio": 0.0011890606,
    "incomeTaxExpense": -300000,
    "netIncome": 600000,
    "netIncomeRatio": 0.0023781213,
    "eps": 0.0091,
    "epsdiluted": 0.0091,
    "weightedAverageShsOut": 66113000,
    "weightedAverageShsOutDil": 66113000,
    "link": "https://www.sec.gov/Archives/edgar/data/1145197/000114519721000016/0001145197-21-000016-index.htm",
    "finalLink": "https://www.sec.gov/Archives/edgar/data/1145197/000114519721000016/podd-20210331.htm"
  },
  {
    "date": "2020-12-31",
    "symbol": "PODD",
    "reportedCurrency": "USD",
    "cik": "0001145197",
    "fillingDate": "2021-02-24",
    "acceptedDate": "2021-02-23 17:55:47",
    "calendarYear": "2020",
    "period": "Q4",
    "revenue": 246100000,
    "costOfRevenue": 85000000,
    "grossProfit": 161100000,
    "grossProfitRatio": 0.6546119464,
    "researchAndDevelopmentExpenses": 38300000,
    "generalAndAdministrativeExpenses": 0,
    "sellingAndMarketingExpenses": 0,
    "sellingGeneralAndAdministrativeExpenses": 130100000,
    "otherExpenses": 0,
    "operatingExpenses": 168400000,
    "costAndExpenses": 253400000,
    "interestIncome": 300000,
    "interestExpense": 12800000,
    "depreciationAndAmortization": 25700000,
    "ebitda": 19200000,
    "ebitdaratio": 0.0780170662,
    "operatingIncome": -7300000,
    "operatingIncomeRatio": -0.0296627387,
    "totalOtherIncomeExpensesNet": -11200000,
    "incomeBeforeTax": -18500000,
    "incomeBeforeTaxRatio": -0.075172694,
    "incomeTaxExpense": -1400000,
    "netIncome": -17100000,
    "netIncomeRatio": -0.0694839496,
    "eps": -0.26,
    "epsdiluted": -0.26,
    "weightedAverageShsOut": 65945000,
    "weightedAverageShsOutDil": 65945000,
    "link": "https://www.sec.gov/Archives/edgar/data/1145197/000114519721000009/0001145197-21-000009-index.htm",
    "finalLink": "https://www.sec.gov/Archives/edgar/data/1145197/000114519721000009/podd-20201231.htm"
  },
  {
    "date": "2020-09-30",
    "symbol": "PODD",
    "reportedCurrency": "USD",
    "cik": "0001145197",
    "fillingDate": "2020-11-05",
    "acceptedDate": "2020-11-04 18:02:26",
    "calendarYear": "2020",
    "period": "Q3",
    "revenue": 234000000,
    "costOfRevenue": 82200000,
    "grossProfit": 151800000,
    "grossProfitRatio": 0.6487179487,
    "researchAndDevelopmentExpenses": 38800000,
    "generalAndAdministrativeExpenses": 0,
    "sellingAndMarketingExpenses": 0,
    "sellingGeneralAndAdministrativeExpenses": 89200000,
    "otherExpenses": 0,
    "operatingExpenses": 128000000,
    "costAndExpenses": 210200000,
    "interestIncome": 500000,
    "interestExpense": 11900000,
    "depreciationAndAmortization": 10900000,
    "ebitda": 35500000,
    "ebitdaratio": 0.1517094017,
    "operatingIncome": 23800000,
    "operatingIncomeRatio": 0.1017094017,
    "totalOtherIncomeExpensesNet": -10400000,
    "incomeBeforeTax": 13400000,
    "incomeBeforeTaxRatio": 0.0572649573,
    "incomeTaxExpense": 1800000,
    "netIncome": 11600000,
    "netIncomeRatio": 0.0495726496,
    "eps": 0.18,
    "epsdiluted": 0.17,
    "weightedAverageShsOut": 65718000,
    "weightedAverageShsOutDil": 66828000,
    "link": "https://www.sec.gov/Archives/edgar/data/1145197/000114519720000037/0001145197-20-000037-index.htm",
    "finalLink": "https://www.sec.gov/Archives/edgar/data/1145197/000114519720000037/podd-20200930.htm"
  },
  {
    "date": "2020-06-30",
    "symbol": "PODD",
    "reportedCurrency": "USD",
    "cik": "0001145197",
    "fillingDate": "2020-08-07",
    "acceptedDate": "2020-08-06 18:13:52",
    "calendarYear": "2020",
    "period": "Q2",
    "revenue": 226300000,
    "costOfRevenue": 83800000,
    "grossProfit": 142500000,
    "grossProfitRatio": 0.629695095,
    "researchAndDevelopmentExpenses": 34200000,
    "generalAndAdministrativeExpenses": 0,
    "sellingAndMarketingExpenses": 0,
    "sellingGeneralAndAdministrativeExpenses": 80800000,
    "otherExpenses": 0,
    "operatingExpenses": 115000000,
    "costAndExpenses": 198800000,
    "interestIncome": 700000,
    "interestExpense": 11800000,
    "depreciationAndAmortization": 9900000,
    "ebitda": 38400000,
    "ebitdaratio": 0.1696862572,
    "operatingIncome": 27500000,
    "operatingIncomeRatio": 0.1215201061,
    "totalOtherIncomeExpensesNet": -10100000,
    "incomeBeforeTax": 17400000,
    "incomeBeforeTaxRatio": 0.0768890853,
    "incomeTaxExpense": 3000000,
    "netIncome": 14400000,
    "netIncomeRatio": 0.0636323464,
    "eps": 0.22,
    "epsdiluted": 0.22,
    "weightedAverageShsOut": 64371000,
    "weightedAverageShsOutDil": 65579000,
    "link": "https://www.sec.gov/Archives/edgar/data/1145197/000114519720000026/0001145197-20-000026-index.htm",
    "finalLink": "https://www.sec.gov/Archives/edgar/data/1145197/000114519720000026/podd-20200630.htm"
  },
  {
    "date": "2020-03-31",
    "symbol": "PODD",
    "reportedCurrency": "USD",
    "cik": "0001145197",
    "fillingDate": "2020-05-08",
    "acceptedDate": "2020-05-07 18:01:17",
    "calendarYear": "2020",
    "period": "Q1",
    "revenue": 198000000,
    "costOfRevenue": 71100000,
    "grossProfit": 126900000,
    "grossProfitRatio": 0.6409090909,
    "researchAndDevelopmentExpenses": 35500000,
    "generalAndAdministrativeExpenses": 0,
    "sellingAndMarketingExpenses": 0,
    "sellingGeneralAndAdministrativeExpenses": 83900000,
    "otherExpenses": 0,
    "operatingExpenses": 119400000,
    "costAndExpenses": 190500000,
    "interestIncome": 1500000,
    "interestExpense": 11600000,
    "depreciationAndAmortization": 8900000,
    "ebitda": 17200000,
    "ebitdaratio": 0.0868686869,
    "operatingIncome": 7500000,
    "operatingIncomeRatio": 0.0378787879,
    "totalOtherIncomeExpensesNet": -10100000,
    "incomeBeforeTax": -2600000,
    "incomeBeforeTaxRatio": -0.0131313131,
    "incomeTaxExpense": -500000,
    "netIncome": -2100000,
    "netIncomeRatio": -0.0106060606,
    "eps": -0.0334,
    "epsdiluted": -0.0334,
    "weightedAverageShsOut": 62884000,
    "weightedAverageShsOutDil": 62884000,
    "link": "https://www.sec.gov/Archives/edgar/data/1145197/000114519720000009/0001145197-20-000009-index.htm",
    "finalLink": "https://www.sec.gov/Archives/edgar/data/1145197/000114519720000009/podd-2020x03x3110q.htm"
  },
  {
    "date": "2019-12-31",
    "symbol": "PODD",
    "reportedCurrency": "USD",
    "cik": "0001145197",
    "fillingDate": "2020-02-26",
    "acceptedDate": "2020-02-25 19:39:27",
    "calendarYear": "2019",
    "period": "Q4",
    "revenue": 209400000,
    "costOfRevenue": 75300000,
    "grossProfit": 134100000,
    "grossProfitRatio": 0.6404011461,
    "researchAndDevelopmentExpenses": 34700000,
    "generalAndAdministrativeExpenses": 0,
    "sellingAndMarketingExpenses": 0,
    "sellingGeneralAndAdministrativeExpenses": 81275000,
    "otherExpenses": 0,
    "operatingExpenses": 115978000,
    "costAndExpenses": 191266000,
    "interestIncome": 0,
    "interestExpense": 9100000,
    "depreciationAndAmortization": 9116000,
    "ebitda": 26143000,
    "ebitdaratio": 0.1248471824,
    "operatingIncome": 18128000,
    "operatingIncomeRatio": 0.0865711557,
    "totalOtherIncomeExpensesNet": -11346000,
    "incomeBeforeTax": 6782000,
    "incomeBeforeTaxRatio": 0.0323877746,
    "incomeTaxExpense": 1814000,
    "netIncome": 4968000,
    "netIncomeRatio": 0.0237249284,
    "eps": 0.08,
    "epsdiluted": 0.08,
    "weightedAverageShsOut": 62397000,
    "weightedAverageShsOutDil": 63887000,
    "link": "https://www.sec.gov/Archives/edgar/data/1145197/000114519720000004/0001145197-20-000004-index.htm",
    "finalLink": "https://www.sec.gov/Archives/edgar/data/1145197/000114519720000004/podd-2019x12x3110xk.htm"
  },
  {
    "date": "2019-09-30",
    "symbol": "PODD",
    "reportedCurrency": "USD",
    "cik": "0001145197",
    "fillingDate": "2019-11-06",
    "acceptedDate": "2019-11-05 18:05:56",
    "calendarYear": "2019",
    "period": "Q3",
    "revenue": 192115000,
    "costOfRevenue": 69035000,
    "grossProfit": 123080000,
    "grossProfitRatio": 0.6406579393,
    "researchAndDevelopmentExpenses": 30779000,
    "generalAndAdministrativeExpenses": 0,
    "sellingAndMarketingExpenses": 0,
    "sellingGeneralAndAdministrativeExpenses": 74800000,
    "otherExpenses": 0,
    "operatingExpenses": 106100000,
    "costAndExpenses": 175100000,
    "interestIncome": 1700000,
    "interestExpense": 9423000,
    "depreciationAndAmortization": 7800000,
    "ebitda": 17600000,
    "ebitdaratio": 0.091611795,
    "operatingIncome": 17000000,
    "operatingIncomeRatio": 0.0884886656,
    "totalOtherIncomeExpensesNet": -15900000,
    "incomeBeforeTax": 1100000,
    "incomeBeforeTaxRatio": 0.0057257372,
    "incomeTaxExpense": 300000,
    "netIncome": 800000,
    "netIncomeRatio": 0.0041641725,
    "eps": 0.01,
    "epsdiluted": 0.01,
    "weightedAverageShsOut": 60743211,
    "weightedAverageShsOutDil": 62335679,
    "link": "https://www.sec.gov/Archives/edgar/data/1145197/000114519719000037/0001145197-19-000037-index.htm",
    "finalLink": "https://www.sec.gov/Archives/edgar/data/1145197/000114519719000037/podd-2019x09x3010q.htm"
  },
  {
    "date": "2019-06-30",
    "symbol": "PODD",
    "reportedCurrency": "USD",
    "cik": "0001145197",
    "fillingDate": "2019-08-06",
    "acceptedDate": "2019-08-05 17:57:09",
    "calendarYear": "2019",
    "period": "Q2",
    "revenue": 177136000,
    "costOfRevenue": 60718000,
    "grossProfit": 116418000,
    "grossProfitRatio": 0.657223828,
    "researchAndDevelopmentExpenses": 32264000,
    "generalAndAdministrativeExpenses": 0,
    "sellingAndMarketingExpenses": 0,
    "sellingGeneralAndAdministrativeExpenses": 75800000,
    "otherExpenses": 0,
    "operatingExpenses": 108800000,
    "costAndExpenses": 169500000,
    "interestIncome": 1900000,
    "interestExpense": 5719000,
    "depreciationAndAmortization": 5900000,
    "ebitda": 14800000,
    "ebitdaratio": 0.0835516214,
    "operatingIncome": 7600000,
    "operatingIncomeRatio": 0.0429048866,
    "totalOtherIncomeExpensesNet": -5700000,
    "incomeBeforeTax": 1900000,
    "incomeBeforeTaxRatio": 0.0107262217,
    "incomeTaxExpense": 500000,
    "netIncome": 1400000,
    "netIncomeRatio": 0.0079035317,
    "eps": 0.02,
    "epsdiluted": 0.02,
    "weightedAverageShsOut": 59844991,
    "weightedAverageShsOutDil": 61486325,
    "link": "https://www.sec.gov/Archives/edgar/data/1145197/000114519719000033/0001145197-19-000033-index.htm",
    "finalLink": "https://www.sec.gov/Archives/edgar/data/1145197/000114519719000033/podd-2019x06x3010q.htm"
  },
  {
    "date": "2019-03-31",
    "symbol": "PODD",
    "reportedCurrency": "USD",
    "cik": "0001145197",
    "fillingDate": "2019-05-03",
    "acceptedDate": "2019-05-02 17:50:18",
    "calendarYear": "2019",
    "period": "Q1",
    "revenue": 159555000,
    "costOfRevenue": 52859000,
    "grossProfit": 106696000,
    "grossProfitRatio": 0.6687098493,
    "researchAndDevelopmentExpenses": 31954000,
    "generalAndAdministrativeExpenses": 0,
    "sellingAndMarketingExpenses": 0,
    "sellingGeneralAndAdministrativeExpenses": 66900000,
    "otherExpenses": 0,
    "operatingExpenses": 99400000,
    "costAndExpenses": 152300000,
    "interestIncome": 1800000,
    "interestExpense": 6615000,
    "depreciationAndAmortization": 5100000,
    "ebitda": 15700000,
    "ebitdaratio": 0.0983986713,
    "operatingIncome": 7300000,
    "operatingIncomeRatio": 0.0457522484,
    "totalOtherIncomeExpensesNet": -2600000,
    "incomeBeforeTax": 4700000,
    "incomeBeforeTaxRatio": 0.0294569271,
    "incomeTaxExpense": 300000,
    "netIncome": 4400000,
    "netIncomeRatio": 0.0275766977,
    "eps": 0.07,
    "epsdiluted": 0.07,
    "weightedAverageShsOut": 59355031,
    "weightedAverageShsOutDil": 61148428,
    "link": "https://www.sec.gov/Archives/edgar/data/1145197/000114519719000020/0001145197-19-000020-index.htm",
    "finalLink": "https://www.sec.gov/Archives/edgar/data/1145197/000114519719000020/podd-2019x03x31_10q.htm"
  },
  {
    "date": "2018-12-31",
    "symbol": "PODD",
    "reportedCurrency": "USD",
    "cik": "0001145197",
    "fillingDate": "2019-02-26",
    "acceptedDate": "2019-02-25 17:58:57",
    "calendarYear": "2018",
    "period": "Q4",
    "revenue": 164907000,
    "costOfRevenue": 54595000,
    "grossProfit": 110312000,
    "grossProfitRatio": 0.6689346116,
    "researchAndDevelopmentExpenses": 28514000,
    "generalAndAdministrativeExpenses": 0,
    "sellingAndMarketingExpenses": 0,
    "sellingGeneralAndAdministrativeExpenses": 65565000,
    "otherExpenses": 0,
    "operatingExpenses": 94079000,
    "costAndExpenses": 148674000,
    "interestIncome": 6705000,
    "interestExpense": 5345000,
    "depreciationAndAmortization": 4392000,
    "ebitda": 22128000,
    "ebitdaratio": 0.1341847223,
    "operatingIncome": 16233000,
    "operatingIncomeRatio": 0.098437301,
    "totalOtherIncomeExpensesNet": -5345000,
    "incomeBeforeTax": 10888000,
    "incomeBeforeTaxRatio": 0.0660250929,
    "incomeTaxExpense": 995000,
    "netIncome": 9893000,
    "netIncomeRatio": 0.0599913891,
    "eps": 0.17,
    "epsdiluted": 0.16,
    "weightedAverageShsOut": 59097000,
    "weightedAverageShsOutDil": 61077000,
    "link": "https://www.sec.gov/Archives/edgar/data/1145197/000114519719000003/0001145197-19-000003-index.htm",
    "finalLink": "https://www.sec.gov/Archives/edgar/data/1145197/000114519719000003/podd-2018x12x31_10xk.htm"
  },
  {
    "date": "2018-09-30",
    "symbol": "PODD",
    "reportedCurrency": "USD",
    "cik": "0001145197",
    "fillingDate": "2018-11-02",
    "acceptedDate": "2018-11-01 17:33:37",
    "calendarYear": "2018",
    "period": "Q3",
    "revenue": 151076000,
    "costOfRevenue": 49107000,
    "grossProfit": 101969000,
    "grossProfitRatio": 0.6749516799,
    "researchAndDevelopmentExpenses": 21762000,
    "generalAndAdministrativeExpenses": 0,
    "sellingAndMarketingExpenses": 0,
    "sellingGeneralAndAdministrativeExpenses": 72768000,
    "otherExpenses": 0,
    "operatingExpenses": 95104000,
    "costAndExpenses": 144211000,
    "interestIncome": 0,
    "interestExpense": 6846000,
    "depreciationAndAmortization": 4123000,
    "ebitda": 12161000,
    "ebitdaratio": 0.0804959093,
    "operatingIncome": 6865000,
    "operatingIncomeRatio": 0.0454407053,
    "totalOtherIncomeExpensesNet": -5012000,
    "incomeBeforeTax": 1853000,
    "incomeBeforeTaxRatio": 0.0122653499,
    "incomeTaxExpense": 194000,
    "netIncome": 1659000,
    "netIncomeRatio": 0.010981228,
    "eps": 0.03,
    "epsdiluted": 0.03,
    "weightedAverageShsOut": 59016863,
    "weightedAverageShsOutDil": 61146466,
    "link": "https://www.sec.gov/Archives/edgar/data/1145197/000114519718000015/0001145197-18-000015-index.htm",
    "finalLink": "https://www.sec.gov/Archives/edgar/data/1145197/000114519718000015/podd-2018x09x30_10q.htm"
  },
  {
    "date": "2018-06-30",
    "symbol": "PODD",
    "reportedCurrency": "USD",
    "cik": "0001145197",
    "fillingDate": "2018-08-02",
    "acceptedDate": "2018-08-02 17:30:27",
    "calendarYear": "2018",
    "period": "Q2",
    "revenue": 124262000,
    "costOfRevenue": 42190000,
    "grossProfit": 82072000,
    "grossProfitRatio": 0.660475447,
    "researchAndDevelopmentExpenses": 18418000,
    "generalAndAdministrativeExpenses": 0,
    "sellingAndMarketingExpenses": 0,
    "sellingGeneralAndAdministrativeExpenses": 58946000,
    "otherExpenses": 0,
    "operatingExpenses": 77747000,
    "costAndExpenses": 119937000,
    "interestIncome": 0,
    "interestExpense": 7290000,
    "depreciationAndAmortization": 3609000,
    "ebitda": 8972000,
    "ebitdaratio": 0.0722022823,
    "operatingIncome": 4325000,
    "operatingIncomeRatio": 0.0348054916,
    "totalOtherIncomeExpensesNet": -5604000,
    "incomeBeforeTax": -1279000,
    "incomeBeforeTaxRatio": -0.0102927685,
    "incomeTaxExpense": 412000,
    "netIncome": -1691000,
    "netIncomeRatio": -0.0136083437,
    "eps": -0.03,
    "epsdiluted": -0.0287,
    "weightedAverageShsOut": 56366666,
    "weightedAverageShsOutDil": 58833498,
    "link": "https://www.sec.gov/Archives/edgar/data/1145197/000114519718000011/0001145197-18-000011-index.htm",
    "finalLink": "https://www.sec.gov/Archives/edgar/data/1145197/000114519718000011/podd-2018x06x30_10q.htm"
  },
  {
    "date": "2018-03-31",
    "symbol": "PODD",
    "reportedCurrency": "USD",
    "cik": "0001145197",
    "fillingDate": "2018-05-04",
    "acceptedDate": "2018-05-03 17:37:57",
    "calendarYear": "2018",
    "period": "Q1",
    "revenue": 123578000,
    "costOfRevenue": 47763000,
    "grossProfit": 75815000,
    "grossProfitRatio": 0.6134991665,
    "researchAndDevelopmentExpenses": 19912000,
    "generalAndAdministrativeExpenses": 0,
    "sellingAndMarketingExpenses": 0,
    "sellingGeneralAndAdministrativeExpenses": 55548000,
    "otherExpenses": 0,
    "operatingExpenses": 75815000,
    "costAndExpenses": 123578000,
    "interestIncome": 0,
    "interestExpense": 7918000,
    "depreciationAndAmortization": 3522000,
    "ebitda": 5204000,
    "ebitdaratio": 0.0421110554,
    "operatingIncome": 0,
    "operatingIncomeRatio": 0,
    "totalOtherIncomeExpensesNet": -6236000,
    "incomeBeforeTax": -6236000,
    "incomeBeforeTaxRatio": -0.0504620564,
    "incomeTaxExpense": 333000,
    "netIncome": -6569000,
    "netIncomeRatio": -0.0531567107,
    "eps": -0.11,
    "epsdiluted": -0.11,
    "weightedAverageShsOut": 58482786,
    "weightedAverageShsOutDil": 58482786,
    "link": "https://www.sec.gov/Archives/edgar/data/1145197/000114519718000008/0001145197-18-000008-index.htm",
    "finalLink": "https://www.sec.gov/Archives/edgar/data/1145197/000114519718000008/podd-2018x03x31_10q.htm"
  },
  {
    "date": "2017-12-31",
    "symbol": "PODD",
    "reportedCurrency": "USD",
    "cik": "0001145197",
    "fillingDate": "2018-02-22",
    "acceptedDate": "2018-02-21 17:47:11",
    "calendarYear": "2017",
    "period": "Q4",
    "revenue": 130524000,
    "costOfRevenue": 51016000,
    "grossProfit": 79508000,
    "grossProfitRatio": 0.6091446784,
    "researchAndDevelopmentExpenses": 18782000,
    "generalAndAdministrativeExpenses": 0,
    "sellingAndMarketingExpenses": 0,
    "sellingGeneralAndAdministrativeExpenses": 61494000,
    "otherExpenses": 0,
    "operatingExpenses": 80276000,
    "costAndExpenses": 131292000,
    "interestIncome": 2633000,
    "interestExpense": 6153000,
    "depreciationAndAmortization": 3321000,
    "ebitda": 3099000,
    "ebitdaratio": 0.02374276,
    "operatingIncome": -768000,
    "operatingIncomeRatio": -0.0058839754,
    "totalOtherIncomeExpensesNet": -6153000,
    "incomeBeforeTax": -6921000,
    "incomeBeforeTaxRatio": -0.0530247311,
    "incomeTaxExpense": -61000,
    "netIncome": -6860000,
    "netIncomeRatio": -0.0525573841,
    "eps": -0.12,
    "epsdiluted": -0.12,
    "weightedAverageShsOut": 57177149,
    "weightedAverageShsOutDil": 58236415,
    "link": "https://www.sec.gov/Archives/edgar/data/1145197/000114519718000004/0001145197-18-000004-index.htm",
    "finalLink": "https://www.sec.gov/Archives/edgar/data/1145197/000114519718000004/podd-2017x12x31_10xk.htm"
  },
  {
    "date": "2017-09-30",
    "symbol": "PODD",
    "reportedCurrency": "USD",
    "cik": "0001145197",
    "fillingDate": "2017-11-03",
    "acceptedDate": "2017-11-02 18:16:16",
    "calendarYear": "2017",
    "period": "Q3",
    "revenue": 121775000,
    "costOfRevenue": 48151000,
    "grossProfit": 73624000,
    "grossProfitRatio": 0.6045904332,
    "researchAndDevelopmentExpenses": 20141000,
    "generalAndAdministrativeExpenses": 0,
    "sellingAndMarketingExpenses": 0,
    "sellingGeneralAndAdministrativeExpenses": 51436000,
    "otherExpenses": 0,
    "operatingExpenses": 71577000,
    "costAndExpenses": 119728000,
    "interestIncome": 0,
    "interestExpense": 4709000,
    "depreciationAndAmortization": 3826000,
    "ebitda": 6429000,
    "ebitdaratio": 0.0527940875,
    "operatingIncome": 2047000,
    "operatingIncomeRatio": 0.01680969,
    "totalOtherIncomeExpensesNet": -4153000,
    "incomeBeforeTax": -2106000,
    "incomeBeforeTaxRatio": -0.0172941901,
    "incomeTaxExpense": 121000,
    "netIncome": -2227000,
    "netIncomeRatio": -0.0182878259,
    "eps": -0.04,
    "epsdiluted": -0.0383,
    "weightedAverageShsOut": 55675000,
    "weightedAverageShsOutDil": 58099593,
    "link": "https://www.sec.gov/Archives/edgar/data/1145197/000114519717000017/0001145197-17-000017-index.htm",
    "finalLink": "https://www.sec.gov/Archives/edgar/data/1145197/000114519717000017/podd-2017x09x30_10q.htm"
  },
  {
    "date": "2017-06-30",
    "symbol": "PODD",
    "reportedCurrency": "USD",
    "cik": "0001145197",
    "fillingDate": "2017-08-04",
    "acceptedDate": "2017-08-03 18:20:37",
    "calendarYear": "2017",
    "period": "Q2",
    "revenue": 109756000,
    "costOfRevenue": 45117000,
    "grossProfit": 64639000,
    "grossProfitRatio": 0.5889336346,
    "researchAndDevelopmentExpenses": 18029000,
    "generalAndAdministrativeExpenses": 0,
    "sellingAndMarketingExpenses": 0,
    "sellingGeneralAndAdministrativeExpenses": 49968000,
    "otherExpenses": 0,
    "operatingExpenses": 67997000,
    "costAndExpenses": 113114000,
    "interestIncome": 0,
    "interestExpense": 4796000,
    "depreciationAndAmortization": 3384000,
    "ebitda": 514000,
    "ebitdaratio": 0.0046831153,
    "operatingIncome": -3358000,
    "operatingIncomeRatio": -0.0305951383,
    "totalOtherIncomeExpensesNet": -4308000,
    "incomeBeforeTax": -7666000,
    "incomeBeforeTaxRatio": -0.0698458399,
    "incomeTaxExpense": 101000,
    "netIncome": -7767000,
    "netIncomeRatio": -0.0707660629,
    "eps": -0.13,
    "epsdiluted": -0.13,
    "weightedAverageShsOut": 57977000,
    "weightedAverageShsOutDil": 57977000,
    "link": "https://www.sec.gov/Archives/edgar/data/1145197/000114519717000013/0001145197-17-000013-index.htm",
    "finalLink": "https://www.sec.gov/Archives/edgar/data/1145197/000114519717000013/podd-2017x06x30_10q.htm"
  },
  {
    "date": "2017-03-31",
    "symbol": "PODD",
    "reportedCurrency": "USD",
    "cik": "0001145197",
    "fillingDate": "2017-05-09",
    "acceptedDate": "2017-05-08 17:32:49",
    "calendarYear": "2017",
    "period": "Q1",
    "revenue": 101713000,
    "costOfRevenue": 42315000,
    "grossProfit": 59398000,
    "grossProfitRatio": 0.5839764828,
    "researchAndDevelopmentExpenses": 17500000,
    "generalAndAdministrativeExpenses": 0,
    "sellingAndMarketingExpenses": 0,
    "sellingGeneralAndAdministrativeExpenses": 47206000,
    "otherExpenses": 0,
    "operatingExpenses": 64706000,
    "costAndExpenses": 107021000,
    "interestIncome": 0,
    "interestExpense": 5007000,
    "depreciationAndAmortization": 3323000,
    "ebitda": -1551000,
    "ebitdaratio": -0.0152487883,
    "operatingIncome": -5308000,
    "operatingIncomeRatio": -0.0521860529,
    "totalOtherIncomeExpensesNet": -4573000,
    "incomeBeforeTax": -9881000,
    "incomeBeforeTaxRatio": -0.0971458909,
    "incomeTaxExpense": 96000,
    "netIncome": -9977000,
    "netIncomeRatio": -0.098089723,
    "eps": -0.17,
    "epsdiluted": -0.17,
    "weightedAverageShsOut": 57693930,
    "weightedAverageShsOutDil": 57693930,
    "link": "https://www.sec.gov/Archives/edgar/data/1145197/000114519717000009/0001145197-17-000009-index.htm",
    "finalLink": "https://www.sec.gov/Archives/edgar/data/1145197/000114519717000009/podd-2017x03x31_10q.htm"
  },
  {
    "date": "2016-12-31",
    "symbol": "PODD",
    "reportedCurrency": "USD",
    "cik": "0001145197",
    "fillingDate": "2017-02-28",
    "acceptedDate": "2017-02-27 18:03:39",
    "calendarYear": "2016",
    "period": "Q4",
    "revenue": 103575000,
    "costOfRevenue": 42638000,
    "grossProfit": 60937000,
    "grossProfitRatio": 0.5883369539,
    "researchAndDevelopmentExpenses": 16034000,
    "generalAndAdministrativeExpenses": 0,
    "sellingAndMarketingExpenses": 0,
    "sellingGeneralAndAdministrativeExpenses": 49038000,
    "otherExpenses": 0,
    "operatingExpenses": 65072000,
    "costAndExpenses": 107710000,
    "interestIncome": 0,
    "interestExpense": 5136000,
    "depreciationAndAmortization": 3359000,
    "ebitda": -461000,
    "ebitdaratio": -0.004450881,
    "operatingIncome": -4135000,
    "operatingIncomeRatio": -0.0399227613,
    "totalOtherIncomeExpensesNet": -4821000,
    "incomeBeforeTax": -8956000,
    "incomeBeforeTaxRatio": -0.0864687425,
    "incomeTaxExpense": 197000,
    "netIncome": -9119000,
    "netIncomeRatio": -0.0880424813,
    "eps": -0.16,
    "epsdiluted": -0.16,
    "weightedAverageShsOut": 55723313,
    "weightedAverageShsOutDil": 57435894,
    "link": "https://www.sec.gov/Archives/edgar/data/1145197/000114519717000005/0001145197-17-000005-index.htm",
    "finalLink": "https://www.sec.gov/Archives/edgar/data/1145197/000114519717000005/podd-2016x12x31_10xk.htm"
  },
  {
    "date": "2016-09-30",
    "symbol": "PODD",
    "reportedCurrency": "USD",
    "cik": "0001145197",
    "fillingDate": "2016-11-04",
    "acceptedDate": "2016-11-04 09:09:07",
    "calendarYear": "2016",
    "period": "Q3",
    "revenue": 94871000,
    "costOfRevenue": 39230000,
    "grossProfit": 55641000,
    "grossProfitRatio": 0.5864911301,
    "researchAndDevelopmentExpenses": 13734000,
    "generalAndAdministrativeExpenses": 0,
    "sellingAndMarketingExpenses": 0,
    "sellingGeneralAndAdministrativeExpenses": 39489000,
    "otherExpenses": 0,
    "operatingExpenses": 53223000,
    "costAndExpenses": 92453000,
    "interestIncome": 0,
    "interestExpense": 3029000,
    "depreciationAndAmortization": 3629000,
    "ebitda": 3707000,
    "ebitdaratio": 0.0390741112,
    "operatingIncome": 2418000,
    "operatingIncomeRatio": 0.0254872406,
    "totalOtherIncomeExpensesNet": -5369000,
    "incomeBeforeTax": -2951000,
    "incomeBeforeTaxRatio": -0.0311053957,
    "incomeTaxExpense": 66000,
    "netIncome": -3081000,
    "netIncomeRatio": -0.0324756775,
    "eps": -0.0537,
    "epsdiluted": -0.0537,
    "weightedAverageShsOut": 57341000,
    "weightedAverageShsOutDil": 57341000,
    "link": "https://www.sec.gov/Archives/edgar/data/1145197/000114519716000100/0001145197-16-000100-index.htm",
    "finalLink": "https://www.sec.gov/Archives/edgar/data/1145197/000114519716000100/podd-2016x09x30_10q.htm"
  },
  {
    "date": "2016-06-30",
    "symbol": "PODD",
    "reportedCurrency": "USD",
    "cik": "0001145197",
    "fillingDate": "2016-08-04",
    "acceptedDate": "2016-08-04 14:17:14",
    "calendarYear": "2016",
    "period": "Q2",
    "revenue": 87330000,
    "costOfRevenue": 36873000,
    "grossProfit": 50457000,
    "grossProfitRatio": 0.5777739608,
    "researchAndDevelopmentExpenses": 12953000,
    "generalAndAdministrativeExpenses": 15842000,
    "sellingAndMarketingExpenses": 22950000,
    "sellingGeneralAndAdministrativeExpenses": 38792000,
    "otherExpenses": 0,
    "operatingExpenses": 51745000,
    "costAndExpenses": 88618000,
    "interestIncome": 0,
    "interestExpense": 3127000,
    "depreciationAndAmortization": 3423000,
    "ebitda": 2264000,
    "ebitdaratio": 0.0259246536,
    "operatingIncome": -1288000,
    "operatingIncomeRatio": -0.0147486545,
    "totalOtherIncomeExpensesNet": -2998000,
    "incomeBeforeTax": -4286000,
    "incomeBeforeTaxRatio": -0.0490782091,
    "incomeTaxExpense": 65000,
    "netIncome": -4198000,
    "netIncomeRatio": -0.048070537,
    "eps": -0.0734,
    "epsdiluted": -0.0734,
    "weightedAverageShsOut": 57196000,
    "weightedAverageShsOutDil": 57196000,
    "link": "https://www.sec.gov/Archives/edgar/data/1145197/000114519716000094/0001145197-16-000094-index.htm",
    "finalLink": "https://www.sec.gov/Archives/edgar/data/1145197/000114519716000094/podd-2016x06x30_10q.htm"
  },
  {
    "date": "2016-03-31",
    "symbol": "PODD",
    "reportedCurrency": "USD",
    "cik": "0001145197",
    "fillingDate": "2016-04-29",
    "acceptedDate": "2016-04-29 14:18:28",
    "calendarYear": "2016",
    "period": "Q1",
    "revenue": 81213000,
    "costOfRevenue": 37162000,
    "grossProfit": 44051000,
    "grossProfitRatio": 0.5424131605,
    "researchAndDevelopmentExpenses": 12989000,
    "generalAndAdministrativeExpenses": 14739000,
    "sellingAndMarketingExpenses": 24022000,
    "sellingGeneralAndAdministrativeExpenses": 38761000,
    "otherExpenses": 0,
    "operatingExpenses": 51750000,
    "costAndExpenses": 88912000,
    "interestIncome": 0,
    "interestExpense": 3096000,
    "depreciationAndAmortization": 3422000,
    "ebitda": -4107000,
    "ebitdaratio": -0.0505707214,
    "operatingIncome": -7699000,
    "operatingIncomeRatio": -0.0948000936,
    "totalOtherIncomeExpensesNet": -2926000,
    "incomeBeforeTax": -10625000,
    "incomeBeforeTaxRatio": -0.1308288082,
    "incomeTaxExpense": 64000,
    "netIncome": -12481000,
    "netIncomeRatio": -0.1536822922,
    "eps": -0.22,
    "epsdiluted": -0.22,
    "weightedAverageShsOut": 57030000,
    "weightedAverageShsOutDil": 57030000,
    "link": "https://www.sec.gov/Archives/edgar/data/1145197/000114519716000088/0001145197-16-000088-index.htm",
    "finalLink": "https://www.sec.gov/Archives/edgar/data/1145197/000114519716000088/podd-2016x03x31_10q.htm"
  },
  {
    "date": "2015-12-31",
    "symbol": "PODD",
    "reportedCurrency": "USD",
    "cik": "0001145197",
    "fillingDate": "2016-02-29",
    "acceptedDate": "2016-02-29 07:38:30",
    "calendarYear": "2015",
    "period": "Q4",
    "revenue": 100119000,
    "costOfRevenue": 54798000,
    "grossProfit": 45321000,
    "grossProfitRatio": 0.4526713211,
    "researchAndDevelopmentExpenses": 12897000,
    "generalAndAdministrativeExpenses": 31518000,
    "sellingAndMarketingExpenses": 24946000,
    "sellingGeneralAndAdministrativeExpenses": 56464000,
    "otherExpenses": 0,
    "operatingExpenses": 69361000,
    "costAndExpenses": 124159000,
    "interestIncome": 3087000,
    "interestExpense": 0,
    "depreciationAndAmortization": 4432000,
    "ebitda": -19610000,
    "ebitdaratio": -0.1958669184,
    "operatingIncome": -24040000,
    "operatingIncomeRatio": -0.240114264,
    "totalOtherIncomeExpensesNet": -3147000,
    "incomeBeforeTax": -27187000,
    "incomeBeforeTaxRatio": -0.2715468592,
    "incomeTaxExpense": 140000,
    "netIncome": -27327000,
    "netIncomeRatio": -0.2729451952,
    "eps": -0.48,
    "epsdiluted": -0.48,
    "weightedAverageShsOut": 56928956,
    "weightedAverageShsOutDil": 56933133,
    "link": "https://www.sec.gov/Archives/edgar/data/1145197/000114519716000083/0001145197-16-000083-index.htm",
    "finalLink": "https://www.sec.gov/Archives/edgar/data/1145197/000114519716000083/podd-2015x12x31_10xk.htm"
  },
  {
    "date": "2015-09-30",
    "symbol": "PODD",
    "reportedCurrency": "USD",
    "cik": "0001145197",
    "fillingDate": "2015-11-06",
    "acceptedDate": "2015-11-06 16:48:14",
    "calendarYear": "2015",
    "period": "Q3",
    "revenue": 87303000,
    "costOfRevenue": 51652000,
    "grossProfit": 35651000,
    "grossProfitRatio": 0.408359392,
    "researchAndDevelopmentExpenses": 10035000,
    "generalAndAdministrativeExpenses": 15023000,
    "sellingAndMarketingExpenses": 21307000,
    "sellingGeneralAndAdministrativeExpenses": 36330000,
    "otherExpenses": 0,
    "operatingExpenses": 46365000,
    "costAndExpenses": 86188000,
    "interestIncome": 46000,
    "interestExpense": 3167000,
    "depreciationAndAmortization": 4292000,
    "ebitda": -10482000,
    "ebitdaratio": -0.1200646026,
    "operatingIncome": -14795000,
    "operatingIncomeRatio": -0.1694672577,
    "totalOtherIncomeExpensesNet": -3146000,
    "incomeBeforeTax": -17941000,
    "incomeBeforeTaxRatio": -0.2055026746,
    "incomeTaxExpense": 44000,
    "netIncome": -18927000,
    "netIncomeRatio": -0.2167966737,
    "eps": -0.33,
    "epsdiluted": -0.33,
    "weightedAverageShsOut": 56898281,
    "weightedAverageShsOutDil": 56898281,
    "link": "https://www.sec.gov/Archives/edgar/data/1145197/000114519715000066/0001145197-15-000066-index.htm",
    "finalLink": "https://www.sec.gov/Archives/edgar/data/1145197/000114519715000066/podd-2015x09x30_10xq.htm"
  },
  {
    "date": "2015-06-30",
    "symbol": "PODD",
    "reportedCurrency": "USD",
    "cik": "0001145197",
    "fillingDate": "2015-08-12",
    "acceptedDate": "2015-08-12 17:05:02",
    "calendarYear": "2015",
    "period": "Q2",
    "revenue": 75588000,
    "costOfRevenue": 41213000,
    "grossProfit": 34375000,
    "grossProfitRatio": 0.4547679526,
    "researchAndDevelopmentExpenses": 12069000,
    "generalAndAdministrativeExpenses": 13497000,
    "sellingAndMarketingExpenses": 19008000,
    "sellingGeneralAndAdministrativeExpenses": 32505000,
    "otherExpenses": 0,
    "operatingExpenses": 44574000,
    "costAndExpenses": 74610000,
    "interestIncome": 41000,
    "interestExpense": 3075000,
    "depreciationAndAmortization": 3681000,
    "ebitda": -10350000,
    "ebitdaratio": -0.1369264963,
    "operatingIncome": -14059000,
    "operatingIncomeRatio": -0.1859951315,
    "totalOtherIncomeExpensesNet": -3193000,
    "incomeBeforeTax": -17252000,
    "incomeBeforeTaxRatio": -0.2282372863,
    "incomeTaxExpense": 15000,
    "netIncome": -15432000,
    "netIncomeRatio": -0.2041593904,
    "eps": -0.27,
    "epsdiluted": -0.27,
    "weightedAverageShsOut": 56808489,
    "weightedAverageShsOutDil": 56808489,
    "link": "https://www.sec.gov/Archives/edgar/data/1145197/000114519715000059/0001145197-15-000059-index.htm",
    "finalLink": "https://www.sec.gov/Archives/edgar/data/1145197/000114519715000059/podd-2015x06x30_10xq.htm"
  },
  {
    "date": "2015-03-31",
    "symbol": "PODD",
    "reportedCurrency": "USD",
    "cik": "0001145197",
    "fillingDate": "2015-04-30",
    "acceptedDate": "2015-04-30 16:38:32",
    "calendarYear": "2015",
    "period": "Q1",
    "revenue": 61215000,
    "costOfRevenue": 28408000,
    "grossProfit": 32807000,
    "grossProfitRatio": 0.5359307359,
    "researchAndDevelopmentExpenses": 8207000,
    "generalAndAdministrativeExpenses": 13542000,
    "sellingAndMarketingExpenses": 14710000,
    "sellingGeneralAndAdministrativeExpenses": 28252000,
    "otherExpenses": 0,
    "operatingExpenses": 36459000,
    "costAndExpenses": 55414000,
    "interestIncome": 36000,
    "interestExpense": 3193000,
    "depreciationAndAmortization": 3433000,
    "ebitda": -3806000,
    "ebitdaratio": -0.0621743037,
    "operatingIncome": -7266000,
    "operatingIncomeRatio": -0.1186963979,
    "totalOtherIncomeExpensesNet": -3152000,
    "incomeBeforeTax": -10418000,
    "incomeBeforeTaxRatio": -0.1701870457,
    "incomeTaxExpense": 24000,
    "netIncome": -11834000,
    "netIncomeRatio": -0.1933186311,
    "eps": -0.21,
    "epsdiluted": -0.21,
    "weightedAverageShsOut": 56496648,
    "weightedAverageShsOutDil": 56496648,
    "link": "https://www.sec.gov/Archives/edgar/data/1145197/000114519715000032/0001145197-15-000032-index.htm",
    "finalLink": "https://www.sec.gov/Archives/edgar/data/1145197/000114519715000032/podd-2015x03x31_10xq.htm"
  },
  {
    "date": "2014-12-31",
    "symbol": "PODD",
    "reportedCurrency": "USD",
    "cik": "0001145197",
    "fillingDate": "2015-02-26",
    "acceptedDate": "2015-02-26 16:43:59",
    "calendarYear": "2014",
    "period": "Q4",
    "revenue": 72561000,
    "costOfRevenue": 35888000,
    "grossProfit": 36673000,
    "grossProfitRatio": 0.5054092419,
    "researchAndDevelopmentExpenses": 7286000,
    "generalAndAdministrativeExpenses": 14180000,
    "sellingAndMarketingExpenses": 17462000,
    "sellingGeneralAndAdministrativeExpenses": 31642000,
    "otherExpenses": 0,
    "operatingExpenses": 38928000,
    "costAndExpenses": 74816000,
    "interestIncome": 37000,
    "interestExpense": 3180000,
    "depreciationAndAmortization": 3055000,
    "ebitda": 839000,
    "ebitdaratio": 0.0115626852,
    "operatingIncome": -2255000,
    "operatingIncomeRatio": -0.0310773005,
    "totalOtherIncomeExpensesNet": -3141000,
    "incomeBeforeTax": -5396000,
    "incomeBeforeTaxRatio": -0.074365017,
    "incomeTaxExpense": 4000,
    "netIncome": -5400000,
    "netIncomeRatio": -0.0744201431,
    "eps": -0.0961,
    "epsdiluted": -0.0961,
    "weightedAverageShsOut": 56166017,
    "weightedAverageShsOutDil": 56166017,
    "link": "https://www.sec.gov/Archives/edgar/data/1145197/000114519715000020/0001145197-15-000020-index.htm",
    "finalLink": "https://www.sec.gov/Archives/edgar/data/1145197/000114519715000020/podd_2014123110k.htm"
  },
  {
    "date": "2014-09-30",
    "symbol": "PODD",
    "reportedCurrency": "USD",
    "cik": "0001145197",
    "fillingDate": "2014-11-05",
    "acceptedDate": "2014-11-05 17:21:15",
    "calendarYear": "2014",
    "period": "Q3",
    "revenue": 74985000,
    "costOfRevenue": 36943000,
    "grossProfit": 38042000,
    "grossProfitRatio": 0.5073281323,
    "researchAndDevelopmentExpenses": 7158000,
    "generalAndAdministrativeExpenses": 18890000,
    "sellingAndMarketingExpenses": 14870000,
    "sellingGeneralAndAdministrativeExpenses": 33760000,
    "otherExpenses": 0,
    "operatingExpenses": 40918000,
    "costAndExpenses": 77861000,
    "interestIncome": 32000,
    "interestExpense": 3043000,
    "depreciationAndAmortization": 3068000,
    "ebitda": -4713000,
    "ebitdaratio": -0.0628525705,
    "operatingIncome": -2876000,
    "operatingIncomeRatio": -0.0383543375,
    "totalOtherIncomeExpensesNet": -7948000,
    "incomeBeforeTax": -10824000,
    "incomeBeforeTaxRatio": -0.1443488698,
    "incomeTaxExpense": 21000,
    "netIncome": -10845000,
    "netIncomeRatio": -0.1446289258,
    "eps": -0.19,
    "epsdiluted": -0.19,
    "weightedAverageShsOut": 55819242,
    "weightedAverageShsOutDil": 55819242,
    "link": "https://www.sec.gov/Archives/edgar/data/1145197/000114519714000055/0001145197-14-000055-index.htm",
    "finalLink": "https://www.sec.gov/Archives/edgar/data/1145197/000114519714000055/podd-2014x09x30_10xq.htm"
  },
  {
    "date": "2014-06-30",
    "symbol": "PODD",
    "reportedCurrency": "USD",
    "cik": "0001145197",
    "fillingDate": "2014-08-07",
    "acceptedDate": "2014-08-07 17:18:36",
    "calendarYear": "2014",
    "period": "Q2",
    "revenue": 72013000,
    "costOfRevenue": 36248000,
    "grossProfit": 35765000,
    "grossProfitRatio": 0.4966464388,
    "researchAndDevelopmentExpenses": 6677000,
    "generalAndAdministrativeExpenses": 19512000,
    "sellingAndMarketingExpenses": 14856000,
    "sellingGeneralAndAdministrativeExpenses": 34368000,
    "otherExpenses": 0,
    "operatingExpenses": 41045000,
    "costAndExpenses": 77293000,
    "interestIncome": 29000,
    "interestExpense": 3975000,
    "depreciationAndAmortization": 3030000,
    "ebitda": -22054000,
    "ebitdaratio": -0.3062502604,
    "operatingIncome": -5280000,
    "operatingIncomeRatio": -0.073320095,
    "totalOtherIncomeExpensesNet": -23779000,
    "incomeBeforeTax": -29059000,
    "incomeBeforeTaxRatio": -0.4035243637,
    "incomeTaxExpense": 52000,
    "netIncome": -29111000,
    "netIncomeRatio": -0.4042464555,
    "eps": -0.53,
    "epsdiluted": -0.53,
    "weightedAverageShsOut": 55425949,
    "weightedAverageShsOutDil": 55425949,
    "link": "https://www.sec.gov/Archives/edgar/data/1145197/000114519714000042/0001145197-14-000042-index.htm",
    "finalLink": "https://www.sec.gov/Archives/edgar/data/1145197/000114519714000042/podd-2014x06x30_10xq.htm"
  },
  {
    "date": "2014-03-31",
    "symbol": "PODD",
    "reportedCurrency": "USD",
    "cik": "0001145197",
    "fillingDate": "2014-05-07",
    "acceptedDate": "2014-05-07 17:16:43",
    "calendarYear": "2014",
    "period": "Q1",
    "revenue": 69161000,
    "costOfRevenue": 36353000,
    "grossProfit": 32808000,
    "grossProfitRatio": 0.4743713943,
    "researchAndDevelopmentExpenses": 6779000,
    "generalAndAdministrativeExpenses": 14259000,
    "sellingAndMarketingExpenses": 13656000,
    "sellingGeneralAndAdministrativeExpenses": 27915000,
    "otherExpenses": 0,
    "operatingExpenses": 34694000,
    "costAndExpenses": 71047000,
    "interestIncome": 31000,
    "interestExpense": 4489000,
    "depreciationAndAmortization": 3070000,
    "ebitda": 1480000,
    "ebitdaratio": 0.0213993436,
    "operatingIncome": -1886000,
    "operatingIncomeRatio": -0.027269704,
    "totalOtherIncomeExpensesNet": -4193000,
    "incomeBeforeTax": -6079000,
    "incomeBeforeTaxRatio": -0.0878963578,
    "incomeTaxExpense": 65000,
    "netIncome": -6144000,
    "netIncomeRatio": -0.0888361938,
    "eps": -0.11,
    "epsdiluted": -0.11,
    "weightedAverageShsOut": 55089028,
    "weightedAverageShsOutDil": 55089028,
    "link": "https://www.sec.gov/Archives/edgar/data/1145197/000114519714000025/0001145197-14-000025-index.htm",
    "finalLink": "https://www.sec.gov/Archives/edgar/data/1145197/000114519714000025/podd-2014x03x31_10xq.htm"
  },
  {
    "date": "2013-12-31",
    "symbol": "PODD",
    "reportedCurrency": "USD",
    "cik": "0001145197",
    "fillingDate": "2014-02-28",
    "acceptedDate": "2014-02-27 17:44:34",
    "calendarYear": "2013",
    "period": "Q4",
    "revenue": 68533000,
    "costOfRevenue": 35515000,
    "grossProfit": 33018000,
    "grossProfitRatio": 0.4817824989,
    "researchAndDevelopmentExpenses": 6424000,
    "generalAndAdministrativeExpenses": 13552000,
    "sellingAndMarketingExpenses": 12836000,
    "sellingGeneralAndAdministrativeExpenses": 26388000,
    "otherExpenses": 0,
    "operatingExpenses": 32812000,
    "costAndExpenses": 68327000,
    "interestIncome": 33000,
    "interestExpense": 4244000,
    "depreciationAndAmortization": 2947000,
    "ebitda": 4537000,
    "ebitdaratio": 0.0662016839,
    "operatingIncome": 206000,
    "operatingIncomeRatio": 0.0030058512,
    "totalOtherIncomeExpensesNet": -2860000,
    "incomeBeforeTax": -2654000,
    "incomeBeforeTaxRatio": -0.0387258693,
    "incomeTaxExpense": -154000,
    "netIncome": -2500000,
    "netIncomeRatio": -0.0364787766,
    "eps": -0.0457,
    "epsdiluted": -0.0457,
    "weightedAverageShsOut": 54675327,
    "weightedAverageShsOutDil": 54675327,
    "link": "https://www.sec.gov/Archives/edgar/data/1145197/000114519714000013/0001145197-14-000013-index.htm",
    "finalLink": "https://www.sec.gov/Archives/edgar/data/1145197/000114519714000013/podd_20131231x10k.htm"
  },
  {
    "date": "2013-09-30",
    "symbol": "PODD",
    "reportedCurrency": "USD",
    "cik": "0001145197",
    "fillingDate": "2013-11-07",
    "acceptedDate": "2013-11-07 17:16:04",
    "calendarYear": "2013",
    "period": "Q3",
    "revenue": 61103000,
    "costOfRevenue": 33708000,
    "grossProfit": 27395000,
    "grossProfitRatio": 0.4483413253,
    "researchAndDevelopmentExpenses": 5771000,
    "generalAndAdministrativeExpenses": 23530000,
    "sellingAndMarketingExpenses": 15407000,
    "sellingGeneralAndAdministrativeExpenses": 38937000,
    "otherExpenses": 0,
    "operatingExpenses": 44708000,
    "costAndExpenses": 78416000,
    "interestIncome": 27000,
    "interestExpense": 3999000,
    "depreciationAndAmortization": 3096000,
    "ebitda": -14190000,
    "ebitdaratio": -0.2322308234,
    "operatingIncome": -17313000,
    "operatingIncomeRatio": -0.2833412435,
    "totalOtherIncomeExpensesNet": -3972000,
    "incomeBeforeTax": -21285000,
    "incomeBeforeTaxRatio": -0.348346235,
    "incomeTaxExpense": 5000,
    "netIncome": -21290000,
    "netIncomeRatio": -0.3484280641,
    "eps": -0.39,
    "epsdiluted": -0.39,
    "weightedAverageShsOut": 54458364,
    "weightedAverageShsOutDil": 54458364,
    "link": "https://www.sec.gov/Archives/edgar/data/1145197/000114519713000035/0001145197-13-000035-index.htm",
    "finalLink": "https://www.sec.gov/Archives/edgar/data/1145197/000114519713000035/podd-2013x09x30x10xq.htm"
  },
  {
    "date": "2013-06-30",
    "symbol": "PODD",
    "reportedCurrency": "USD",
    "cik": "0001145197",
    "fillingDate": "2013-08-08",
    "acceptedDate": "2013-08-07 17:41:11",
    "calendarYear": "2013",
    "period": "Q2",
    "revenue": 60092000,
    "costOfRevenue": 33259000,
    "grossProfit": 26833000,
    "grossProfitRatio": 0.4465319843,
    "researchAndDevelopmentExpenses": 5174000,
    "generalAndAdministrativeExpenses": 13901000,
    "sellingAndMarketingExpenses": 13580000,
    "sellingGeneralAndAdministrativeExpenses": 27481000,
    "otherExpenses": 0,
    "operatingExpenses": 32655000,
    "costAndExpenses": 65914000,
    "interestIncome": 37000,
    "interestExpense": 4616000,
    "depreciationAndAmortization": 2859000,
    "ebitda": -3251000,
    "ebitdaratio": -0.0541003794,
    "operatingIncome": -5822000,
    "operatingIncomeRatio": -0.0968847767,
    "totalOtherIncomeExpensesNet": -4579000,
    "incomeBeforeTax": -10401000,
    "incomeBeforeTaxRatio": -0.1730846036,
    "incomeTaxExpense": 118000,
    "netIncome": -10519000,
    "netIncomeRatio": -0.1750482593,
    "eps": -0.2,
    "epsdiluted": -0.2,
    "weightedAverageShsOut": 53834707,
    "weightedAverageShsOutDil": 53834707,
    "link": "https://www.sec.gov/Archives/edgar/data/1145197/000114519713000025/0001145197-13-000025-index.htm",
    "finalLink": "https://www.sec.gov/Archives/edgar/data/1145197/000114519713000025/podd-2013x06x30x10xq.htm"
  },
  {
    "date": "2013-03-31",
    "symbol": "PODD",
    "reportedCurrency": "USD",
    "cik": "0001145197",
    "fillingDate": "2013-05-08",
    "acceptedDate": "2013-05-08 16:23:12",
    "calendarYear": "2013",
    "period": "Q1",
    "revenue": 57356000,
    "costOfRevenue": 32201000,
    "grossProfit": 25155000,
    "grossProfitRatio": 0.4385766092,
    "researchAndDevelopmentExpenses": 4396000,
    "generalAndAdministrativeExpenses": 13094000,
    "sellingAndMarketingExpenses": 13871000,
    "sellingGeneralAndAdministrativeExpenses": 26965000,
    "otherExpenses": 0,
    "operatingExpenses": 31361000,
    "costAndExpenses": 63562000,
    "interestIncome": 27000,
    "interestExpense": 4355000,
    "depreciationAndAmortization": 2904000,
    "ebitda": -3275000,
    "ebitdaratio": -0.0570995188,
    "operatingIncome": -6206000,
    "operatingIncomeRatio": -0.1082014087,
    "totalOtherIncomeExpensesNet": -4328000,
    "incomeBeforeTax": -10534000,
    "incomeBeforeTaxRatio": -0.1836599484,
    "incomeTaxExpense": 131000,
    "netIncome": -10665000,
    "netIncomeRatio": -0.1859439291,
    "eps": -0.2,
    "epsdiluted": -0.2,
    "weightedAverageShsOut": 53052400,
    "weightedAverageShsOutDil": 53052400,
    "link": "https://www.sec.gov/Archives/edgar/data/1145197/000114519713000009/0001145197-13-000009-index.htm",
    "finalLink": "https://www.sec.gov/Archives/edgar/data/1145197/000114519713000009/podd-2013x0331x10xq.htm"
  },
  {
    "date": "2012-12-31",
    "symbol": "PODD",
    "reportedCurrency": "USD",
    "cik": "0001145197",
    "fillingDate": "2013-02-28",
    "acceptedDate": "2013-02-28 14:49:55",
    "calendarYear": "2012",
    "period": "Q4",
    "revenue": 57829000,
    "costOfRevenue": 32510000,
    "grossProfit": 25319000,
    "grossProfitRatio": 0.4378253126,
    "researchAndDevelopmentExpenses": 5847000,
    "generalAndAdministrativeExpenses": 12824000,
    "sellingAndMarketingExpenses": 12734000,
    "sellingGeneralAndAdministrativeExpenses": 25558000,
    "otherExpenses": 0,
    "operatingExpenses": 31405000,
    "costAndExpenses": 63914000,
    "interestIncome": 27000,
    "interestExpense": 4066000,
    "depreciationAndAmortization": 2938000,
    "ebitda": -3121000,
    "ebitdaratio": -0.0539694617,
    "operatingIncome": -6086000,
    "operatingIncomeRatio": -0.1052413149,
    "totalOtherIncomeExpensesNet": -4039000,
    "incomeBeforeTax": -10125000,
    "incomeBeforeTaxRatio": -0.1750851649,
    "incomeTaxExpense": 69000,
    "netIncome": -10194000,
    "netIncomeRatio": -0.1762783379,
    "eps": -0.21,
    "epsdiluted": -0.21,
    "weightedAverageShsOut": 48219735,
    "weightedAverageShsOutDil": 48219735,
    "link": "https://www.sec.gov/Archives/edgar/data/1145197/000119312513083670/0001193125-13-083670-index.htm",
    "finalLink": "https://www.sec.gov/Archives/edgar/data/1145197/000119312513083670/d454863d10k.htm"
  },
  {
    "date": "2012-09-30",
    "symbol": "PODD",
    "reportedCurrency": "USD",
    "cik": "0001145197",
    "fillingDate": "2012-11-08",
    "acceptedDate": "2012-11-08 17:16:57",
    "calendarYear": "2012",
    "period": "Q3",
    "revenue": 54752000,
    "costOfRevenue": 30362000,
    "grossProfit": 24390000,
    "grossProfitRatio": 0.4454631794,
    "researchAndDevelopmentExpenses": 6559000,
    "generalAndAdministrativeExpenses": 12731000,
    "sellingAndMarketingExpenses": 13571000,
    "sellingGeneralAndAdministrativeExpenses": 26302000,
    "otherExpenses": 0,
    "operatingExpenses": 32861000,
    "costAndExpenses": 63223000,
    "interestIncome": 31000,
    "interestExpense": 3949000,
    "depreciationAndAmortization": 2594000,
    "ebitda": -5846000,
    "ebitdaratio": -0.1067723553,
    "operatingIncome": -8471000,
    "operatingIncomeRatio": -0.1547158095,
    "totalOtherIncomeExpensesNet": -3918000,
    "incomeBeforeTax": -12389000,
    "incomeBeforeTaxRatio": -0.2262748393,
    "incomeTaxExpense": 28000,
    "netIncome": -12417000,
    "netIncomeRatio": -0.2267862361,
    "eps": -0.26,
    "epsdiluted": -0.26,
    "weightedAverageShsOut": 48041392,
    "weightedAverageShsOutDil": 48041392,
    "link": "https://www.sec.gov/Archives/edgar/data/1145197/000119312512460797/0001193125-12-460797-index.htm",
    "finalLink": "https://www.sec.gov/Archives/edgar/data/1145197/000119312512460797/d415092d10q.htm"
  },
  {
    "date": "2012-06-30",
    "symbol": "PODD",
    "reportedCurrency": "USD",
    "cik": "0001145197",
    "fillingDate": "2012-08-08",
    "acceptedDate": "2012-08-08 17:05:56",
    "calendarYear": "2012",
    "period": "Q2",
    "revenue": 51035000,
    "costOfRevenue": 28704000,
    "grossProfit": 22331000,
    "grossProfitRatio": 0.4375624571,
    "researchAndDevelopmentExpenses": 6521000,
    "generalAndAdministrativeExpenses": 12665000,
    "sellingAndMarketingExpenses": 13664000,
    "sellingGeneralAndAdministrativeExpenses": 26329000,
    "otherExpenses": 0,
    "operatingExpenses": 32850000,
    "costAndExpenses": 61554000,
    "interestIncome": 24000,
    "interestExpense": 3912000,
    "depreciationAndAmortization": 2654000,
    "ebitda": -7841000,
    "ebitdaratio": -0.1536396591,
    "operatingIncome": -10519000,
    "operatingIncomeRatio": -0.2061134516,
    "totalOtherIncomeExpensesNet": -3888000,
    "incomeBeforeTax": -14407000,
    "incomeBeforeTaxRatio": -0.2822964632,
    "incomeTaxExpense": 69000,
    "netIncome": -14476000,
    "netIncomeRatio": -0.2836484765,
    "eps": -0.3,
    "epsdiluted": -0.3,
    "weightedAverageShsOut": 47824190,
    "weightedAverageShsOutDil": 47824190,
    "link": "https://www.sec.gov/Archives/edgar/data/1145197/000119312512344298/0001193125-12-344298-index.htm",
    "finalLink": "https://www.sec.gov/Archives/edgar/data/1145197/000119312512344298/d360015d10q.htm"
  },
  {
    "date": "2012-03-31",
    "symbol": "PODD",
    "reportedCurrency": "USD",
    "cik": "0001145197",
    "fillingDate": "2012-05-09",
    "acceptedDate": "2012-05-09 16:56:04",
    "calendarYear": "2012",
    "period": "Q1",
    "revenue": 47754000,
    "costOfRevenue": 27458000,
    "grossProfit": 20296000,
    "grossProfitRatio": 0.4250115174,
    "researchAndDevelopmentExpenses": 5432000,
    "generalAndAdministrativeExpenses": 13020000,
    "sellingAndMarketingExpenses": 12739000,
    "sellingGeneralAndAdministrativeExpenses": 25759000,
    "otherExpenses": 0,
    "operatingExpenses": 31191000,
    "costAndExpenses": 58649000,
    "interestIncome": 28000,
    "interestExpense": 3867000,
    "depreciationAndAmortization": 2844000,
    "ebitda": -8023000,
    "ebitdaratio": -0.1680068685,
    "operatingIncome": -10895000,
    "operatingIncomeRatio": -0.2281484274,
    "totalOtherIncomeExpensesNet": -3839000,
    "incomeBeforeTax": -14734000,
    "incomeBeforeTaxRatio": -0.3085395988,
    "incomeTaxExpense": 46000,
    "netIncome": -14780000,
    "netIncomeRatio": -0.3095028689,
    "eps": -0.31,
    "epsdiluted": -0.31,
    "weightedAverageShsOut": 47607449,
    "weightedAverageShsOutDil": 47607449,
    "link": "https://www.sec.gov/Archives/edgar/data/1145197/000119312512222324/0001193125-12-222324-index.htm",
    "finalLink": "https://www.sec.gov/Archives/edgar/data/1145197/000119312512222324/d328525d10q.htm"
  },
  {
    "date": "2011-12-31",
    "symbol": "PODD",
    "reportedCurrency": "USD",
    "cik": "0001145197",
    "fillingDate": "2012-02-28",
    "acceptedDate": "2012-02-28 16:16:41",
    "calendarYear": "2011",
    "period": "Q4",
    "revenue": 47192000,
    "costOfRevenue": 27112000,
    "grossProfit": 20080000,
    "grossProfitRatio": 0.4254958468,
    "researchAndDevelopmentExpenses": 5804000,
    "generalAndAdministrativeExpenses": 12498000,
    "sellingAndMarketingExpenses": 12290000,
    "sellingGeneralAndAdministrativeExpenses": 24788000,
    "otherExpenses": 0,
    "operatingExpenses": 30592000,
    "costAndExpenses": 57704000,
    "interestIncome": 32000,
    "interestExpense": 3732000,
    "depreciationAndAmortization": 2820000,
    "ebitda": -7553000,
    "ebitdaratio": -0.1600483133,
    "operatingIncome": -10512000,
    "operatingIncomeRatio": -0.2227496186,
    "totalOtherIncomeExpensesNet": 10512000,
    "incomeBeforeTax": 0,
    "incomeBeforeTaxRatio": 0,
    "incomeTaxExpense": 0,
    "netIncome": -14337000,
    "netIncomeRatio": -0.3038014918,
    "eps": -0.3,
    "epsdiluted": -0.3,
    "weightedAverageShsOut": 47424738,
    "weightedAverageShsOutDil": 47424738,
    "link": "https://www.sec.gov/Archives/edgar/data/1145197/000119312512085240/0001193125-12-085240-index.htm",
    "finalLink": "https://www.sec.gov/Archives/edgar/data/1145197/000119312512085240/d240030d10k.htm"
  },
  {
    "date": "2011-09-30",
    "symbol": "PODD",
    "reportedCurrency": "USD",
    "cik": "0001145197",
    "fillingDate": "2011-11-08",
    "acceptedDate": "2011-11-08 16:05:20",
    "calendarYear": "2011",
    "period": "Q3",
    "revenue": 44594000,
    "costOfRevenue": 26033000,
    "grossProfit": 18561000,
    "grossProfitRatio": 0.4162219133,
    "researchAndDevelopmentExpenses": 4638000,
    "generalAndAdministrativeExpenses": 11379000,
    "sellingAndMarketingExpenses": 12312000,
    "sellingGeneralAndAdministrativeExpenses": 23691000,
    "otherExpenses": 0,
    "operatingExpenses": 28329000,
    "costAndExpenses": 54362000,
    "interestIncome": 31000,
    "interestExpense": 3825000,
    "depreciationAndAmortization": 2836000,
    "ebitda": -6901000,
    "ebitdaratio": -0.1547517603,
    "operatingIncome": -9768000,
    "operatingIncomeRatio": -0.2190429206,
    "totalOtherIncomeExpensesNet": -3794000,
    "incomeBeforeTax": -13562000,
    "incomeBeforeTaxRatio": -0.3041216307,
    "incomeTaxExpense": 0,
    "netIncome": -13562000,
    "netIncomeRatio": -0.3041216307,
    "eps": -0.29,
    "epsdiluted": -0.29,
    "weightedAverageShsOut": 47321989,
    "weightedAverageShsOutDil": 47321989,
    "link": "https://www.sec.gov/Archives/edgar/data/1145197/000095012311096474/0000950123-11-096474-index.htm",
    "finalLink": "https://www.sec.gov/Archives/edgar/data/1145197/000095012311096474/b87826e10vq.htm"
  },
  {
    "date": "2011-06-30",
    "symbol": "PODD",
    "reportedCurrency": "USD",
    "cik": "0001145197",
    "fillingDate": "2011-08-09",
    "acceptedDate": "2011-08-09 16:26:19",
    "calendarYear": "2011",
    "period": "Q2",
    "revenue": 32211000,
    "costOfRevenue": 17673000,
    "grossProfit": 14538000,
    "grossProfitRatio": 0.4513365,
    "researchAndDevelopmentExpenses": 6832000,
    "generalAndAdministrativeExpenses": 12996000,
    "sellingAndMarketingExpenses": 9625000,
    "sellingGeneralAndAdministrativeExpenses": 22621000,
    "otherExpenses": 0,
    "operatingExpenses": 29453000,
    "costAndExpenses": 47126000,
    "interestIncome": 39000,
    "interestExpense": 4547000,
    "depreciationAndAmortization": 1684000,
    "ebitda": -13192000,
    "ebitdaratio": -0.4095495328,
    "operatingIncome": -14915000,
    "operatingIncomeRatio": -0.4630405762,
    "totalOtherIncomeExpensesNet": -4508000,
    "incomeBeforeTax": -19423000,
    "incomeBeforeTaxRatio": -0.6029927664,
    "incomeTaxExpense": -11339000,
    "netIncome": -19423000,
    "netIncomeRatio": -0.6029927664,
    "eps": -0.42,
    "epsdiluted": -0.42,
    "weightedAverageShsOut": 46377843,
    "weightedAverageShsOutDil": 46377843,
    "link": "https://www.sec.gov/Archives/edgar/data/1145197/000095012311075115/0000950123-11-075115-index.htm",
    "finalLink": "https://www.sec.gov/Archives/edgar/data/1145197/000095012311075115/b82749e10vq.htm"
  },
  {
    "date": "2011-03-31",
    "symbol": "PODD",
    "reportedCurrency": "USD",
    "cik": "0001145197",
    "fillingDate": "2011-05-10",
    "acceptedDate": "2011-05-10 16:05:29",
    "calendarYear": "2011",
    "period": "Q1",
    "revenue": 28258000,
    "costOfRevenue": 14725000,
    "grossProfit": 13533000,
    "grossProfitRatio": 0.4789086276,
    "researchAndDevelopmentExpenses": 4589000,
    "generalAndAdministrativeExpenses": 7211000,
    "sellingAndMarketingExpenses": 9006000,
    "sellingGeneralAndAdministrativeExpenses": 16217000,
    "otherExpenses": 0,
    "operatingExpenses": 20806000,
    "costAndExpenses": 35531000,
    "interestIncome": 37000,
    "interestExpense": 2612000,
    "depreciationAndAmortization": 1163000,
    "ebitda": -6073000,
    "ebitdaratio": -0.2149125911,
    "operatingIncome": -7273000,
    "operatingIncomeRatio": -0.2573784415,
    "totalOtherIncomeExpensesNet": -2575000,
    "incomeBeforeTax": -9848000,
    "incomeBeforeTaxRatio": -0.3485030788,
    "incomeTaxExpense": 0,
    "netIncome": -9848000,
    "netIncomeRatio": -0.3485030788,
    "eps": -0.22,
    "epsdiluted": -0.22,
    "weightedAverageShsOut": 45583242,
    "weightedAverageShsOutDil": 45583242,
    "link": "https://www.sec.gov/Archives/edgar/data/1145197/000095012311048300/0000950123-11-048300-index.htm",
    "finalLink": "https://www.sec.gov/Archives/edgar/data/1145197/000095012311048300/b86108e10vq.htm"
  },
  {
    "date": "2010-12-31",
    "symbol": "PODD",
    "reportedCurrency": "USD",
    "cik": "0001145197",
    "fillingDate": "2011-03-10",
    "acceptedDate": "2011-03-10 16:59:23",
    "calendarYear": "2010",
    "period": "Q4",
    "revenue": 27767000,
    "costOfRevenue": 13941000,
    "grossProfit": 13826000,
    "grossProfitRatio": 0.4979291965,
    "researchAndDevelopmentExpenses": 4438000,
    "generalAndAdministrativeExpenses": 6288000,
    "sellingAndMarketingExpenses": 8394000,
    "sellingGeneralAndAdministrativeExpenses": 14682000,
    "otherExpenses": 4431000,
    "operatingExpenses": 23551000,
    "costAndExpenses": 37492000,
    "interestIncome": 59000,
    "interestExpense": 11192000,
    "depreciationAndAmortization": 1131000,
    "ebitda": -4163000,
    "ebitdaratio": -0.1499261714,
    "operatingIncome": -9725000,
    "operatingIncomeRatio": -0.3502358915,
    "totalOtherIncomeExpensesNet": 9725000,
    "incomeBeforeTax": 0,
    "incomeBeforeTaxRatio": 0,
    "incomeTaxExpense": 0,
    "netIncome": -20858000,
    "netIncomeRatio": -0.7511794576,
    "eps": -0.46,
    "epsdiluted": -0.46,
    "weightedAverageShsOut": 45583242,
    "weightedAverageShsOutDil": 45583242,
    "link": "https://www.sec.gov/Archives/edgar/data/1145197/000095012311024185/0000950123-11-024185-index.htm",
    "finalLink": "https://www.sec.gov/Archives/edgar/data/1145197/000095012311024185/b84120e10vk.htm"
  },
  {
    "date": "2010-09-30",
    "symbol": "PODD",
    "reportedCurrency": "USD",
    "cik": "0001145197",
    "fillingDate": "2010-11-09",
    "acceptedDate": "2010-11-09 16:30:30",
    "calendarYear": "2010",
    "period": "Q3",
    "revenue": 25455000,
    "costOfRevenue": 13826000,
    "grossProfit": 11629000,
    "grossProfitRatio": 0.4568454135,
    "researchAndDevelopmentExpenses": 3698000,
    "generalAndAdministrativeExpenses": 7230000,
    "sellingAndMarketingExpenses": 8979000,
    "sellingGeneralAndAdministrativeExpenses": 16209000,
    "otherExpenses": 0,
    "operatingExpenses": 19907000,
    "costAndExpenses": 33733000,
    "interestIncome": 49000,
    "interestExpense": 3871000,
    "depreciationAndAmortization": 1250000,
    "ebitda": -7028000,
    "ebitdaratio": -0.2760950697,
    "operatingIncome": -8278000,
    "operatingIncomeRatio": -0.3252013357,
    "totalOtherIncomeExpensesNet": 8278000,
    "incomeBeforeTax": 0,
    "incomeBeforeTaxRatio": 0,
    "incomeTaxExpense": 0,
    "netIncome": -12100000,
    "netIncomeRatio": -0.4753486545,
    "eps": -0.3,
    "epsdiluted": -0.3,
    "weightedAverageShsOut": 40155277,
    "weightedAverageShsOutDil": 40155277,
    "link": "https://www.sec.gov/Archives/edgar/data/1145197/000095012310103287/0000950123-10-103287-index.htm",
    "finalLink": "https://www.sec.gov/Archives/edgar/data/1145197/000095012310103287/b82920e10vq.htm"
  },
  {
    "date": "2010-06-30",
    "symbol": "PODD",
    "reportedCurrency": "USD",
    "cik": "0001145197",
    "fillingDate": "2010-08-09",
    "acceptedDate": "2010-08-09 16:39:54",
    "calendarYear": "2010",
    "period": "Q2",
    "revenue": 22937000,
    "costOfRevenue": 13051000,
    "grossProfit": 9886000,
    "grossProfitRatio": 0.4310066704,
    "researchAndDevelopmentExpenses": 4583000,
    "generalAndAdministrativeExpenses": 6190000,
    "sellingAndMarketingExpenses": 9013000,
    "sellingGeneralAndAdministrativeExpenses": 15203000,
    "otherExpenses": 0,
    "operatingExpenses": 19786000,
    "costAndExpenses": 32837000,
    "interestIncome": 36000,
    "interestExpense": 3847000,
    "depreciationAndAmortization": 1258000,
    "ebitda": -8642000,
    "ebitdaratio": -0.3767711558,
    "operatingIncome": -9900000,
    "operatingIncomeRatio": -0.431617038,
    "totalOtherIncomeExpensesNet": 9900000,
    "incomeBeforeTax": 0,
    "incomeBeforeTaxRatio": 0,
    "incomeTaxExpense": 0,
    "netIncome": -13711000,
    "netIncomeRatio": -0.5977677988,
    "eps": -0.36,
    "epsdiluted": -0.36,
    "weightedAverageShsOut": 38285628,
    "weightedAverageShsOutDil": 38285628,
    "link": "https://www.sec.gov/Archives/edgar/data/1145197/000095012310075088/0000950123-10-075088-index.htm",
    "finalLink": "https://www.sec.gov/Archives/edgar/data/1145197/000095012310075088/b81991e10vq.htm"
  },
  {
    "date": "2010-03-31",
    "symbol": "PODD",
    "reportedCurrency": "USD",
    "cik": "0001145197",
    "fillingDate": "2010-05-07",
    "acceptedDate": "2010-05-07 15:33:05",
    "calendarYear": "2010",
    "period": "Q1",
    "revenue": 20807000,
    "costOfRevenue": 12422000,
    "grossProfit": 8385000,
    "grossProfitRatio": 0.4029893786,
    "researchAndDevelopmentExpenses": 3847000,
    "generalAndAdministrativeExpenses": 6959000,
    "sellingAndMarketingExpenses": 8309000,
    "sellingGeneralAndAdministrativeExpenses": 15268000,
    "otherExpenses": 0,
    "operatingExpenses": 19115000,
    "costAndExpenses": 31537000,
    "interestIncome": 24000,
    "interestExpense": 3149000,
    "depreciationAndAmortization": 1438000,
    "ebitda": -9292000,
    "ebitdaratio": -0.4465804777,
    "operatingIncome": -10730000,
    "operatingIncomeRatio": -0.5156918345,
    "totalOtherIncomeExpensesNet": 10730000,
    "incomeBeforeTax": 0,
    "incomeBeforeTaxRatio": 0,
    "incomeTaxExpense": 0,
    "netIncome": -13855000,
    "netIncomeRatio": -0.6658816744,
    "eps": -0.37,
    "epsdiluted": -0.37,
    "weightedAverageShsOut": 37888258,
    "weightedAverageShsOutDil": 37888258,
    "link": "https://www.sec.gov/Archives/edgar/data/1145197/000114420410025363/0001144204-10-025363-index.htm",
    "finalLink": "https://www.sec.gov/Archives/edgar/data/1145197/000114420410025363/v183373_10q.htm"
  },
  {
    "date": "2009-12-31",
    "symbol": "PODD",
    "reportedCurrency": "USD",
    "cik": "0001145197",
    "fillingDate": "2010-03-09",
    "acceptedDate": "2010-03-09 16:33:47",
    "calendarYear": "2009",
    "period": "Q4",
    "revenue": 20211000,
    "costOfRevenue": 12877000,
    "grossProfit": 7334000,
    "grossProfitRatio": 0.3628717035,
    "researchAndDevelopmentExpenses": 3351000,
    "generalAndAdministrativeExpenses": 7267000,
    "sellingAndMarketingExpenses": 8678000,
    "sellingGeneralAndAdministrativeExpenses": 15945000,
    "otherExpenses": 0,
    "operatingExpenses": 19296000,
    "costAndExpenses": 32173000,
    "interestIncome": 37000,
    "interestExpense": 3007000,
    "depreciationAndAmortization": 1221000,
    "ebitda": -10741000,
    "ebitdaratio": -0.5314432735,
    "operatingIncome": -11962000,
    "operatingIncomeRatio": -0.59185592,
    "totalOtherIncomeExpensesNet": 11962000,
    "incomeBeforeTax": 0,
    "incomeBeforeTaxRatio": 0,
    "incomeTaxExpense": 0,
    "netIncome": -14932000,
    "netIncomeRatio": -0.7388056009,
    "eps": -0.39,
    "epsdiluted": -0.39,
    "weightedAverageShsOut": 37888258,
    "weightedAverageShsOutDil": 37888258,
    "link": "https://www.sec.gov/Archives/edgar/data/1145197/000095012310022584/0000950123-10-022584-index.htm",
    "finalLink": "https://www.sec.gov/Archives/edgar/data/1145197/000095012310022584/b78704e10vk.htm"
  },
  {
    "date": "2009-09-30",
    "symbol": "PODD",
    "reportedCurrency": "USD",
    "cik": "0001145197",
    "fillingDate": "2009-10-26",
    "acceptedDate": "2009-10-26 17:05:50",
    "calendarYear": "2009",
    "period": "Q3",
    "revenue": 18735000,
    "costOfRevenue": 12936000,
    "grossProfit": 5799000,
    "grossProfitRatio": 0.3095276221,
    "researchAndDevelopmentExpenses": 3404000,
    "generalAndAdministrativeExpenses": 6246000,
    "sellingAndMarketingExpenses": 9629000,
    "sellingGeneralAndAdministrativeExpenses": 15875000,
    "otherExpenses": 0,
    "operatingExpenses": 19279000,
    "costAndExpenses": 32215000,
    "interestIncome": 22000,
    "interestExpense": 11267000,
    "depreciationAndAmortization": 1370000,
    "ebitda": -12110000,
    "ebitdaratio": -0.6463837737,
    "operatingIncome": -13480000,
    "operatingIncomeRatio": -0.7195089405,
    "totalOtherIncomeExpensesNet": 13480000,
    "incomeBeforeTax": 0,
    "incomeBeforeTaxRatio": 0,
    "incomeTaxExpense": 0,
    "netIncome": -24725000,
    "netIncomeRatio": -1.3197224446,
    "eps": -0.88,
    "epsdiluted": -0.88,
    "weightedAverageShsOut": 28008699,
    "weightedAverageShsOutDil": 28008699,
    "link": "https://www.sec.gov/Archives/edgar/data/1145197/000095012309053202/0000950123-09-053202-index.htm",
    "finalLink": "https://www.sec.gov/Archives/edgar/data/1145197/000095012309053202/b77451e10vq.htm"
  },
  {
    "date": "2009-06-30",
    "symbol": "PODD",
    "reportedCurrency": "USD",
    "cik": "0001145197",
    "fillingDate": "2009-08-05",
    "acceptedDate": "2009-08-05 15:07:58",
    "calendarYear": "2009",
    "period": "Q2",
    "revenue": 14617000,
    "costOfRevenue": 11448000,
    "grossProfit": 3169000,
    "grossProfitRatio": 0.2168023534,
    "researchAndDevelopmentExpenses": 3272000,
    "generalAndAdministrativeExpenses": 5838000,
    "sellingAndMarketingExpenses": 10504000,
    "sellingGeneralAndAdministrativeExpenses": 16342000,
    "otherExpenses": 0,
    "operatingExpenses": 19614000,
    "costAndExpenses": 31062000,
    "interestIncome": 81000,
    "interestExpense": 3875000,
    "depreciationAndAmortization": 1325000,
    "ebitda": -15120000,
    "ebitdaratio": -1.034411986,
    "operatingIncome": -16445000,
    "operatingIncomeRatio": -1.1250598618,
    "totalOtherIncomeExpensesNet": 16445000,
    "incomeBeforeTax": 0,
    "incomeBeforeTaxRatio": 0,
    "incomeTaxExpense": 0,
    "netIncome": -20239000,
    "netIncomeRatio": -1.3846206472,
    "eps": -0.73,
    "epsdiluted": -0.73,
    "weightedAverageShsOut": 27869159,
    "weightedAverageShsOutDil": 27869159,
    "link": "https://www.sec.gov/Archives/edgar/data/1145197/000095012309030230/0000950123-09-030230-index.htm",
    "finalLink": "https://www.sec.gov/Archives/edgar/data/1145197/000095012309030230/b76206e10vq.htm"
  },
  {
    "date": "2009-03-31",
    "symbol": "PODD",
    "reportedCurrency": "USD",
    "cik": "0001145197",
    "fillingDate": "2009-05-08",
    "acceptedDate": "2009-05-08 09:51:18",
    "calendarYear": "2009",
    "period": "Q1",
    "revenue": 12469000,
    "costOfRevenue": 10474000,
    "grossProfit": 1995000,
    "grossProfitRatio": 0.159996792,
    "researchAndDevelopmentExpenses": 3204000,
    "generalAndAdministrativeExpenses": 7491000,
    "sellingAndMarketingExpenses": 8772000,
    "sellingGeneralAndAdministrativeExpenses": 16263000,
    "otherExpenses": 0,
    "operatingExpenses": 19467000,
    "costAndExpenses": 29941000,
    "interestIncome": 101000,
    "interestExpense": 2274000,
    "depreciationAndAmortization": 1306000,
    "ebitda": -16166000,
    "ebitdaratio": -1.2964953084,
    "operatingIncome": -17472000,
    "operatingIncomeRatio": -1.401235063,
    "totalOtherIncomeExpensesNet": 17472000,
    "incomeBeforeTax": 0,
    "incomeBeforeTaxRatio": 0,
    "incomeTaxExpense": 0,
    "netIncome": -19645000,
    "netIncomeRatio": -1.575507258,
    "eps": -0.71,
    "epsdiluted": -0.71,
    "weightedAverageShsOut": 27804603,
    "weightedAverageShsOutDil": 27804603,
    "link": "https://www.sec.gov/Archives/edgar/data/1145197/000095013509003759/0000950135-09-003759-index.htm",
    "finalLink": "https://www.sec.gov/Archives/edgar/data/1145197/000095013509003759/b75194ice10vq.htm"
  },
  {
    "date": "2008-12-31",
    "symbol": "PODD",
    "reportedCurrency": "USD",
    "cik": "0001145197",
    "fillingDate": "2009-03-16",
    "acceptedDate": "2009-03-16 15:28:36",
    "calendarYear": "2008",
    "period": "Q4",
    "revenue": 11861000,
    "costOfRevenue": 10663000,
    "grossProfit": 1198000,
    "grossProfitRatio": 0.1010032881,
    "researchAndDevelopmentExpenses": 3535000,
    "generalAndAdministrativeExpenses": 0,
    "sellingAndMarketingExpenses": 0,
    "sellingGeneralAndAdministrativeExpenses": 16849000,
    "otherExpenses": 8170000,
    "operatingExpenses": 28554000,
    "costAndExpenses": 39217000,
    "interestIncome": 0,
    "interestExpense": 0,
    "depreciationAndAmortization": 1710000,
    "ebitda": -25646000,
    "ebitdaratio": -2.1622122924,
    "operatingIncome": -27356000,
    "operatingIncomeRatio": -2.3063822612,
    "totalOtherIncomeExpensesNet": 27356000,
    "incomeBeforeTax": 0,
    "incomeBeforeTaxRatio": 0,
    "incomeTaxExpense": 0,
    "netIncome": -28283000,
    "netIncomeRatio": -2.3845375601,
    "eps": -1.02,
    "epsdiluted": -1.02,
    "weightedAverageShsOut": 27763238,
    "weightedAverageShsOutDil": 27804603,
    "link": "https://www.sec.gov/Archives/edgar/data/1145197/000095013509001769/0000950135-09-001769-index.htm",
    "finalLink": "https://www.sec.gov/Archives/edgar/data/1145197/000095013509001769/b73483ice10vk.htm"
  },
  {
    "date": "2008-09-30",
    "symbol": "PODD",
    "reportedCurrency": "USD",
    "cik": "0001145197",
    "fillingDate": "2008-11-13",
    "acceptedDate": "2008-11-13 15:50:56",
    "calendarYear": "2008",
    "period": "Q3",
    "revenue": 10110000,
    "costOfRevenue": 10197000,
    "grossProfit": -87000,
    "grossProfitRatio": -0.0086053412,
    "researchAndDevelopmentExpenses": 3263000,
    "generalAndAdministrativeExpenses": 0,
    "sellingAndMarketingExpenses": 0,
    "sellingGeneralAndAdministrativeExpenses": 16484000,
    "otherExpenses": 0,
    "operatingExpenses": 19747000,
    "costAndExpenses": 29944000,
    "interestIncome": 0,
    "interestExpense": 0,
    "depreciationAndAmortization": 1781000,
    "ebitda": -18053000,
    "ebitdaratio": -1.7856577646,
    "operatingIncome": -19834000,
    "operatingIncomeRatio": -1.9618199802,
    "totalOtherIncomeExpensesNet": 19834000,
    "incomeBeforeTax": 0,
    "incomeBeforeTaxRatio": 0,
    "incomeTaxExpense": 0,
    "netIncome": -20752000,
    "netIncomeRatio": -2.0526211672,
    "eps": -0.75,
    "epsdiluted": -0.75,
    "weightedAverageShsOut": 27716473,
    "weightedAverageShsOutDil": 27716473,
    "link": "https://www.sec.gov/Archives/edgar/data/1145197/000095013508007249/0000950135-08-007249-index.htm",
    "finalLink": "https://www.sec.gov/Archives/edgar/data/1145197/000095013508007249/b72676ice10vq.htm"
  },
  {
    "date": "2008-06-30",
    "symbol": "PODD",
    "reportedCurrency": "USD",
    "cik": "0001145197",
    "fillingDate": "2008-08-13",
    "acceptedDate": "2008-08-13 15:47:38",
    "calendarYear": "2008",
    "period": "Q2",
    "revenue": 7417000,
    "costOfRevenue": 9785000,
    "grossProfit": -2368000,
    "grossProfitRatio": -0.3192665498,
    "researchAndDevelopmentExpenses": 3382000,
    "generalAndAdministrativeExpenses": 0,
    "sellingAndMarketingExpenses": 0,
    "sellingGeneralAndAdministrativeExpenses": 16389000,
    "otherExpenses": 0,
    "operatingExpenses": 19771000,
    "costAndExpenses": 29556000,
    "interestIncome": 0,
    "interestExpense": 0,
    "depreciationAndAmortization": 2064000,
    "ebitda": -20075000,
    "ebitdaratio": -2.7066199272,
    "operatingIncome": -22139000,
    "operatingIncomeRatio": -2.9848995551,
    "totalOtherIncomeExpensesNet": 22139000,
    "incomeBeforeTax": 0,
    "incomeBeforeTaxRatio": 0,
    "incomeTaxExpense": 0,
    "netIncome": -23882000,
    "netIncomeRatio": -3.2199002292,
    "eps": -0.87,
    "epsdiluted": -0.87,
    "weightedAverageShsOut": 27568296,
    "weightedAverageShsOutDil": 27568296,
    "link": "https://www.sec.gov/Archives/edgar/data/1145197/000095013508005574/0000950135-08-005574-index.htm",
    "finalLink": "https://www.sec.gov/Archives/edgar/data/1145197/000095013508005574/b71158ice10vq.htm"
  },
  {
    "date": "2008-03-31",
    "symbol": "PODD",
    "reportedCurrency": "USD",
    "cik": "0001145197",
    "fillingDate": "2008-05-15",
    "acceptedDate": "2008-05-14 18:45:43",
    "calendarYear": "2008",
    "period": "Q1",
    "revenue": 6671000,
    "costOfRevenue": 9998000,
    "grossProfit": -3327000,
    "grossProfitRatio": -0.4987258282,
    "researchAndDevelopmentExpenses": 2923000,
    "generalAndAdministrativeExpenses": 0,
    "sellingAndMarketingExpenses": 0,
    "sellingGeneralAndAdministrativeExpenses": 13762000,
    "otherExpenses": 0,
    "operatingExpenses": 16685000,
    "costAndExpenses": 26683000,
    "interestIncome": 0,
    "interestExpense": 0,
    "depreciationAndAmortization": 1416000,
    "ebitda": -18596000,
    "ebitdaratio": -2.7875880678,
    "operatingIncome": -20012000,
    "operatingIncomeRatio": -2.9998500974,
    "totalOtherIncomeExpensesNet": 20012000,
    "incomeBeforeTax": 0,
    "incomeBeforeTaxRatio": 0,
    "incomeTaxExpense": 0,
    "netIncome": -19874000,
    "netIncomeRatio": -2.9791635437,
    "eps": -0.73,
    "epsdiluted": -0.73,
    "weightedAverageShsOut": 27394322,
    "weightedAverageShsOutDil": 27394322,
    "link": "https://www.sec.gov/Archives/edgar/data/1145197/000095013508003693/0000950135-08-003693-index.htm",
    "finalLink": "https://www.sec.gov/Archives/edgar/data/1145197/000095013508003693/b69727ice10vq.htm"
  },
  {
    "date": "2007-12-31",
    "symbol": "PODD",
    "reportedCurrency": "USD",
    "cik": "0001145197",
    "fillingDate": "2008-03-20",
    "acceptedDate": "2008-03-20 15:59:00",
    "calendarYear": "2007",
    "period": "Q4",
    "revenue": 4361000,
    "costOfRevenue": 6679000,
    "grossProfit": -2318000,
    "grossProfitRatio": -0.5315294657,
    "researchAndDevelopmentExpenses": 3170000,
    "generalAndAdministrativeExpenses": 0,
    "sellingAndMarketingExpenses": 0,
    "sellingGeneralAndAdministrativeExpenses": 10566000,
    "otherExpenses": 0,
    "operatingExpenses": 13736000,
    "costAndExpenses": 20415000,
    "interestIncome": 0,
    "interestExpense": 0,
    "depreciationAndAmortization": 1389000,
    "ebitda": -14665000,
    "ebitdaratio": -3.3627608347,
    "operatingIncome": -16054000,
    "operatingIncomeRatio": -3.6812657647,
    "totalOtherIncomeExpensesNet": 16054000,
    "incomeBeforeTax": 0,
    "incomeBeforeTaxRatio": 0,
    "incomeTaxExpense": 0,
    "netIncome": -15668000,
    "netIncomeRatio": -3.5927539555,
    "eps": -0.58,
    "epsdiluted": -0.57,
    "weightedAverageShsOut": 27223820,
    "weightedAverageShsOutDil": 27394322,
    "link": "https://www.sec.gov/Archives/edgar/data/1145197/000095013508001892/0000950135-08-001892-index.htm",
    "finalLink": "https://www.sec.gov/Archives/edgar/data/1145197/000095013508001892/b68660ice10vk.htm"
  },
  {
    "date": "2007-09-30",
    "symbol": "PODD",
    "reportedCurrency": "USD",
    "cik": "0001145197",
    "fillingDate": "2007-11-14",
    "acceptedDate": "2007-11-14 17:03:07",
    "calendarYear": "2007",
    "period": "Q3",
    "revenue": 3791000,
    "costOfRevenue": 7583000,
    "grossProfit": -3792000,
    "grossProfitRatio": -1.0002637826,
    "researchAndDevelopmentExpenses": 2231000,
    "generalAndAdministrativeExpenses": 0,
    "sellingAndMarketingExpenses": 0,
    "sellingGeneralAndAdministrativeExpenses": 7532000,
    "otherExpenses": 1027000,
    "operatingExpenses": 10790000,
    "costAndExpenses": 18373000,
    "interestIncome": 0,
    "interestExpense": 0,
    "depreciationAndAmortization": 1393000,
    "ebitda": -13189000,
    "ebitdaratio": -3.4790292799,
    "operatingIncome": -14582000,
    "operatingIncomeRatio": -3.8464785017,
    "totalOtherIncomeExpensesNet": 14582000,
    "incomeBeforeTax": 0,
    "incomeBeforeTaxRatio": 0,
    "incomeTaxExpense": 0,
    "netIncome": -13639000,
    "netIncomeRatio": -3.5977314693,
    "eps": -0.52,
    "epsdiluted": -0.52,
    "weightedAverageShsOut": 26322763,
    "weightedAverageShsOutDil": 26322763,
    "link": "https://www.sec.gov/Archives/edgar/data/1145197/000095013507007003/0000950135-07-007003-index.htm",
    "finalLink": "https://www.sec.gov/Archives/edgar/data/1145197/000095013507007003/b67199ice10vq.htm"
  },
  {
    "date": "2007-06-30",
    "symbol": "PODD",
    "reportedCurrency": "USD",
    "cik": "0001145197",
    "fillingDate": "2007-08-14",
    "acceptedDate": "2007-08-14 17:14:04",
    "calendarYear": "2007",
    "period": "Q2",
    "revenue": 3212000,
    "costOfRevenue": 6899000,
    "grossProfit": -3687000,
    "grossProfitRatio": -1.147882939,
    "researchAndDevelopmentExpenses": 2520000,
    "generalAndAdministrativeExpenses": 0,
    "sellingAndMarketingExpenses": 0,
    "sellingGeneralAndAdministrativeExpenses": 6202000,
    "otherExpenses": 0,
    "operatingExpenses": 8722000,
    "costAndExpenses": 15621000,
    "interestIncome": 0,
    "interestExpense": 0,
    "depreciationAndAmortization": 1232000,
    "ebitda": -11177000,
    "ebitdaratio": -3.4797633873,
    "operatingIncome": -12409000,
    "operatingIncomeRatio": -3.8633250311,
    "totalOtherIncomeExpensesNet": 12409000,
    "incomeBeforeTax": 0,
    "incomeBeforeTaxRatio": 0,
    "incomeTaxExpense": 0,
    "netIncome": -12672000,
    "netIncomeRatio": -3.9452054795,
    "eps": -0.99,
    "epsdiluted": -0.99,
    "weightedAverageShsOut": 12791190,
    "weightedAverageShsOutDil": 12791190,
    "link": "https://www.sec.gov/Archives/edgar/data/1145197/000095013507005060/0000950135-07-005060-index.htm",
    "finalLink": "https://www.sec.gov/Archives/edgar/data/1145197/000095013507005060/b66039ice10vq.htm"
  },
  {
    "date": "2007-03-31",
    "symbol": "PODD",
    "reportedCurrency": "USD",
    "cik": "0001145197",
    "fillingDate": "2007-06-28",
    "acceptedDate": "2007-06-27 18:00:45",
    "calendarYear": "2007",
    "period": "Q1",
    "revenue": 2008000,
    "costOfRevenue": 4572000,
    "grossProfit": -2564000,
    "grossProfitRatio": -1.2768924303,
    "researchAndDevelopmentExpenses": 2470000,
    "generalAndAdministrativeExpenses": 0,
    "sellingAndMarketingExpenses": 0,
    "sellingGeneralAndAdministrativeExpenses": 5764000,
    "otherExpenses": 0,
    "operatingExpenses": 8234000,
    "costAndExpenses": 12806000,
    "interestIncome": 0,
    "interestExpense": 0,
    "depreciationAndAmortization": 906000,
    "ebitda": -9892000,
    "ebitdaratio": -4.9262948207,
    "operatingIncome": -10798000,
    "operatingIncomeRatio": -5.3774900398,
    "totalOtherIncomeExpensesNet": 10798000,
    "incomeBeforeTax": 0,
    "incomeBeforeTaxRatio": 0,
    "incomeTaxExpense": 0,
    "netIncome": -11560000,
    "netIncomeRatio": -5.7569721116,
    "eps": -23.86,
    "epsdiluted": -23.86,
    "weightedAverageShsOut": 484431,
    "weightedAverageShsOutDil": 484431,
    "link": "https://www.sec.gov/Archives/edgar/data/1145197/000095013507003946/0000950135-07-003946-index.htm",
    "finalLink": "https://www.sec.gov/Archives/edgar/data/1145197/000095013507003946/b65826ice10vq.htm"
  },
  {
    "date": "2006-12-31",
    "symbol": "PODD",
    "reportedCurrency": "USD",
    "cik": "0001145197",
    "fillingDate": "2006-12-31",
    "acceptedDate": "2006-12-30 19:00:00",
    "calendarYear": "2006",
    "period": "Q4",
    "revenue": 1641000,
    "costOfRevenue": 3942000,
    "grossProfit": -2301000,
    "grossProfitRatio": -1.4021937843,
    "researchAndDevelopmentExpenses": 2203000,
    "generalAndAdministrativeExpenses": 0,
    "sellingAndMarketingExpenses": 0,
    "sellingGeneralAndAdministrativeExpenses": 4694000,
    "otherExpenses": 0,
    "operatingExpenses": 6897000,
    "costAndExpenses": 10839000,
    "interestIncome": 0,
    "interestExpense": 0,
    "depreciationAndAmortization": 762000,
    "ebitda": -8436000,
    "ebitdaratio": -5.1407678245,
    "operatingIncome": -9198000,
    "operatingIncomeRatio": -5.60511883,
    "totalOtherIncomeExpensesNet": 9198000,
    "incomeBeforeTax": 0,
    "incomeBeforeTaxRatio": 0,
    "incomeTaxExpense": 0,
    "netIncome": -10880000,
    "netIncomeRatio": -6.6301035954,
    "eps": -11.86,
    "epsdiluted": -11.86,
    "weightedAverageShsOut": 917276,
    "weightedAverageShsOutDil": 917276,
    "link": "",
    "finalLink": ""
  },
  {
    "date": "2006-09-30",
    "symbol": "PODD",
    "reportedCurrency": "USD",
    "cik": "0001145197",
    "fillingDate": "2006-09-30",
    "acceptedDate": "2006-09-29 20:00:00",
    "calendarYear": "2006",
    "period": "Q3",
    "revenue": 674000,
    "costOfRevenue": 3906000,
    "grossProfit": -3232000,
    "grossProfitRatio": -4.7952522255,
    "researchAndDevelopmentExpenses": 1964000,
    "generalAndAdministrativeExpenses": 0,
    "sellingAndMarketingExpenses": 0,
    "sellingGeneralAndAdministrativeExpenses": 3991000,
    "otherExpenses": 0,
    "operatingExpenses": 6074000,
    "costAndExpenses": 10453000,
    "interestIncome": 0,
    "interestExpense": 0,
    "depreciationAndAmortization": 0,
    "ebitda": -9533000,
    "ebitdaratio": -14.1439169139,
    "operatingIncome": -9533000,
    "operatingIncomeRatio": -14.1439169139,
    "totalOtherIncomeExpensesNet": 9533000,
    "incomeBeforeTax": 0,
    "incomeBeforeTaxRatio": 0,
    "incomeTaxExpense": 0,
    "netIncome": -8357000,
    "netIncomeRatio": -12.3991097923,
    "eps": -23.5,
    "epsdiluted": -23.5,
    "weightedAverageShsOut": 355574,
    "weightedAverageShsOutDil": 355574,
    "link": "",
    "finalLink": ""
  },
  {
    "date": "2006-06-30",
    "symbol": "PODD",
    "reportedCurrency": "USD",
    "cik": "0001145197",
    "fillingDate": "2006-06-30",
    "acceptedDate": "2006-06-29 20:00:00",
    "calendarYear": "2006",
    "period": "Q2",
    "revenue": 674000,
    "costOfRevenue": 0,
    "grossProfit": 674000,
    "grossProfitRatio": 1,
    "researchAndDevelopmentExpenses": 0,
    "generalAndAdministrativeExpenses": 0,
    "sellingAndMarketingExpenses": 0,
    "sellingGeneralAndAdministrativeExpenses": 0,
    "otherExpenses": 674000,
    "operatingExpenses": 674000,
    "costAndExpenses": 674000,
    "interestIncome": 0,
    "interestExpense": 0,
    "depreciationAndAmortization": 0,
    "ebitda": 674000,
    "ebitdaratio": 1,
    "operatingIncome": 674000,
    "operatingIncomeRatio": 1,
    "totalOtherIncomeExpensesNet": -674000,
    "incomeBeforeTax": 0,
    "incomeBeforeTaxRatio": 0,
    "incomeTaxExpense": 0,
    "netIncome": -8357000,
    "netIncomeRatio": -12.3991097923,
    "eps": -9.11,
    "epsdiluted": -9.11,
    "weightedAverageShsOut": 917276,
    "weightedAverageShsOutDil": 917276,
    "link": "",
    "finalLink": ""
  },
  {
    "date": "2006-03-31",
    "symbol": "PODD",
    "reportedCurrency": "USD",
    "cik": "0001145197",
    "fillingDate": "2006-03-31",
    "acceptedDate": "2006-03-30 19:00:00",
    "calendarYear": "2006",
    "period": "Q1",
    "revenue": 674000,
    "costOfRevenue": 0,
    "grossProfit": 674000,
    "grossProfitRatio": 1,
    "researchAndDevelopmentExpenses": 0,
    "generalAndAdministrativeExpenses": 0,
    "sellingAndMarketingExpenses": 0,
    "sellingGeneralAndAdministrativeExpenses": 0,
    "otherExpenses": 674000,
    "operatingExpenses": 674000,
    "costAndExpenses": 674000,
    "interestIncome": 0,
    "interestExpense": 0,
    "depreciationAndAmortization": 0,
    "ebitda": 674000,
    "ebitdaratio": 1,
    "operatingIncome": 674000,
    "operatingIncomeRatio": 1,
    "totalOtherIncomeExpensesNet": -674000,
    "incomeBeforeTax": 0,
    "incomeBeforeTaxRatio": 0,
    "incomeTaxExpense": 0,
    "netIncome": -8357000,
    "netIncomeRatio": -12.3991097923,
    "eps": -9.11,
    "epsdiluted": -9.11,
    "weightedAverageShsOut": 917276,
    "weightedAverageShsOutDil": 917276,
    "link": "",
    "finalLink": ""
  },
  {
    "date": "2005-12-31",
    "symbol": "PODD",
    "reportedCurrency": "USD",
    "cik": "0001145197",
    "fillingDate": "2005-12-31",
    "acceptedDate": "2005-12-30 19:00:00",
    "calendarYear": "2005",
    "period": "Q4",
    "revenue": 0,
    "costOfRevenue": 0,
    "grossProfit": 0,
    "grossProfitRatio": 0,
    "researchAndDevelopmentExpenses": 0,
    "generalAndAdministrativeExpenses": 0,
    "sellingAndMarketingExpenses": 0,
    "sellingGeneralAndAdministrativeExpenses": 0,
    "otherExpenses": 0,
    "operatingExpenses": 0,
    "costAndExpenses": 0,
    "interestIncome": 0,
    "interestExpense": 0,
    "depreciationAndAmortization": 0,
    "ebitda": 0,
    "ebitdaratio": 0,
    "operatingIncome": 0,
    "operatingIncomeRatio": 0,
    "totalOtherIncomeExpensesNet": 0,
    "incomeBeforeTax": 0,
    "incomeBeforeTaxRatio": 0,
    "incomeTaxExpense": 0,
    "netIncome": -6514000,
    "netIncomeRatio": 0,
    "eps": -8.19,
    "epsdiluted": -8.19,
    "weightedAverageShsOut": 795267,
    "weightedAverageShsOutDil": 795267,
    "link": "",
    "finalLink": ""
  },
  {
    "date": "2005-09-30",
    "symbol": "PODD",
    "reportedCurrency": "USD",
    "cik": "0001145197",
    "fillingDate": "2005-09-30",
    "acceptedDate": "2005-09-29 20:00:00",
    "calendarYear": "2005",
    "period": "Q3",
    "revenue": 0,
    "costOfRevenue": 0,
    "grossProfit": 0,
    "grossProfitRatio": 0,
    "researchAndDevelopmentExpenses": 0,
    "generalAndAdministrativeExpenses": 0,
    "sellingAndMarketingExpenses": 0,
    "sellingGeneralAndAdministrativeExpenses": 0,
    "otherExpenses": 0,
    "operatingExpenses": 0,
    "costAndExpenses": 0,
    "interestIncome": 0,
    "interestExpense": 0,
    "depreciationAndAmortization": 0,
    "ebitda": 0,
    "ebitdaratio": 0,
    "operatingIncome": 0,
    "operatingIncomeRatio": 0,
    "totalOtherIncomeExpensesNet": 0,
    "incomeBeforeTax": 0,
    "incomeBeforeTaxRatio": 0,
    "incomeTaxExpense": 0,
    "netIncome": -5041000,
    "netIncomeRatio": 0,
    "eps": -6.34,
    "epsdiluted": -6.34,
    "weightedAverageShsOut": 795267,
    "weightedAverageShsOutDil": 795267,
    "link": "",
    "finalLink": ""
  },
  {
    "date": "2005-06-30",
    "symbol": "PODD",
    "reportedCurrency": "USD",
    "cik": "0001145197",
    "fillingDate": "2005-06-30",
    "acceptedDate": "2005-06-29 20:00:00",
    "calendarYear": "2005",
    "period": "Q2",
    "revenue": 0,
    "costOfRevenue": 0,
    "grossProfit": 0,
    "grossProfitRatio": 0,
    "researchAndDevelopmentExpenses": 0,
    "generalAndAdministrativeExpenses": 0,
    "sellingAndMarketingExpenses": 0,
    "sellingGeneralAndAdministrativeExpenses": 0,
    "otherExpenses": 0,
    "operatingExpenses": 0,
    "costAndExpenses": 0,
    "interestIncome": 0,
    "interestExpense": 0,
    "depreciationAndAmortization": 0,
    "ebitda": 0,
    "ebitdaratio": 0,
    "operatingIncome": 0,
    "operatingIncomeRatio": 0,
    "totalOtherIncomeExpensesNet": 0,
    "incomeBeforeTax": 0,
    "incomeBeforeTaxRatio": 0,
    "incomeTaxExpense": 0,
    "netIncome": -5041000,
    "netIncomeRatio": 0,
    "eps": -6.34,
    "epsdiluted": -6.34,
    "weightedAverageShsOut": 795267,
    "weightedAverageShsOutDil": 795267,
    "link": "",
    "finalLink": ""
  },
  {
    "date": "2005-03-31",
    "symbol": "PODD",
    "reportedCurrency": "USD",
    "cik": "0001145197",
    "fillingDate": "2005-03-31",
    "acceptedDate": "2005-03-30 19:00:00",
    "calendarYear": "2005",
    "period": "Q1",
    "revenue": 0,
    "costOfRevenue": 0,
    "grossProfit": 0,
    "grossProfitRatio": 0,
    "researchAndDevelopmentExpenses": 0,
    "generalAndAdministrativeExpenses": 0,
    "sellingAndMarketingExpenses": 0,
    "sellingGeneralAndAdministrativeExpenses": 0,
    "otherExpenses": 0,
    "operatingExpenses": 0,
    "costAndExpenses": 0,
    "interestIncome": 0,
    "interestExpense": 0,
    "depreciationAndAmortization": 0,
    "ebitda": 0,
    "ebitdaratio": 0,
    "operatingIncome": 0,
    "operatingIncomeRatio": 0,
    "totalOtherIncomeExpensesNet": 0,
    "incomeBeforeTax": 0,
    "incomeBeforeTaxRatio": 0,
    "incomeTaxExpense": 0,
    "netIncome": -5041000,
    "netIncomeRatio": 0,
    "eps": -6.34,
    "epsdiluted": -6.34,
    "weightedAverageShsOut": 795267,
    "weightedAverageShsOutDil": 795267,
    "link": "",
    "finalLink": ""
  }
]