[
  {
    "date": "2025-06-30",
    "symbol": "PPG",
    "reportedCurrency": "USD",
    "cik": "0000079879",
    "fillingDate": "2025-07-30",
    "acceptedDate": "2025-07-30 15:27:58",
    "calendarYear": "2025",
    "period": "Q2",
    "revenue": 4195000000,
    "costOfRevenue": 2432000000,
    "grossProfit": 1763000000,
    "grossProfitRatio": 0.4202622169,
    "researchAndDevelopmentExpenses": 106000000,
    "generalAndAdministrativeExpenses": 872000000,
    "sellingAndMarketingExpenses": 0,
    "sellingGeneralAndAdministrativeExpenses": 872000000,
    "otherExpenses": 135000000,
    "operatingExpenses": 1113000000,
    "costAndExpenses": 3545000000,
    "interestIncome": 44000000,
    "interestExpense": 62000000,
    "depreciationAndAmortization": 135000000,
    "ebitda": 795000000,
    "ebitdaratio": 0.189511323,
    "operatingIncome": 650000000,
    "operatingIncomeRatio": 0.1549463647,
    "totalOtherIncomeExpensesNet": -52000000,
    "incomeBeforeTax": 598000000,
    "incomeBeforeTaxRatio": 0.1425506555,
    "incomeTaxExpense": 140000000,
    "netIncome": 450000000,
    "netIncomeRatio": 0.1072705602,
    "eps": 1.98,
    "epsdiluted": 1.98,
    "weightedAverageShsOut": 226800000,
    "weightedAverageShsOutDil": 227700000,
    "link": "https://www.sec.gov/Archives/edgar/data/79879/000007987925000223/0000079879-25-000223-index.htm",
    "finalLink": "https://www.sec.gov/Archives/edgar/data/79879/000007987925000223/ppg-20250630.htm"
  },
  {
    "date": "2025-03-31",
    "symbol": "PPG",
    "reportedCurrency": "USD",
    "cik": "0000079879",
    "fillingDate": "2025-04-30",
    "acceptedDate": "2025-04-30 14:13:40",
    "calendarYear": "2025",
    "period": "Q1",
    "revenue": 3684000000,
    "costOfRevenue": 2142000000,
    "grossProfit": 1542000000,
    "grossProfitRatio": 0.4185667752,
    "researchAndDevelopmentExpenses": 102000000,
    "generalAndAdministrativeExpenses": 838000000,
    "sellingAndMarketingExpenses": 0,
    "sellingGeneralAndAdministrativeExpenses": 838000000,
    "otherExpenses": 121000000,
    "operatingExpenses": 1061000000,
    "costAndExpenses": 3203000000,
    "interestIncome": 43000000,
    "interestExpense": 56000000,
    "depreciationAndAmortization": 121000000,
    "ebitda": 679000000,
    "ebitdaratio": 0.184310532,
    "operatingIncome": 481000000,
    "operatingIncomeRatio": 0.1305646037,
    "totalOtherIncomeExpensesNet": 21000000,
    "incomeBeforeTax": 502000000,
    "incomeBeforeTaxRatio": 0.1362649294,
    "incomeTaxExpense": 122000000,
    "netIncome": 373000000,
    "netIncomeRatio": 0.1012486428,
    "eps": 1.64,
    "epsdiluted": 1.63,
    "weightedAverageShsOut": 228000000,
    "weightedAverageShsOutDil": 228900000,
    "link": "https://www.sec.gov/Archives/edgar/data/79879/000007987925000133/0000079879-25-000133-index.htm",
    "finalLink": "https://www.sec.gov/Archives/edgar/data/79879/000007987925000133/ppg-20250331.htm"
  },
  {
    "date": "2024-12-31",
    "symbol": "PPG",
    "reportedCurrency": "USD",
    "cik": "0000079879",
    "fillingDate": "2025-02-20",
    "acceptedDate": "2025-02-20 14:40:48",
    "calendarYear": "2024",
    "period": "Q4",
    "revenue": 2165000000,
    "costOfRevenue": 1410000000,
    "grossProfit": 755000000,
    "grossProfitRatio": 0.3487297921,
    "researchAndDevelopmentExpenses": 98000000,
    "generalAndAdministrativeExpenses": 188000000,
    "sellingAndMarketingExpenses": 0,
    "sellingGeneralAndAdministrativeExpenses": 188000000,
    "otherExpenses": 88000000,
    "operatingExpenses": 374000000,
    "costAndExpenses": 1784000000,
    "interestIncome": 42000000,
    "interestExpense": 57000000,
    "depreciationAndAmortization": 88000000,
    "ebitda": 155000000,
    "ebitdaratio": 0.0715935335,
    "operatingIncome": 381000000,
    "operatingIncomeRatio": 0.1759815242,
    "totalOtherIncomeExpensesNet": -371000000,
    "incomeBeforeTax": 10000000,
    "incomeBeforeTaxRatio": 0.0046189376,
    "incomeTaxExpense": 53000000,
    "netIncome": -280000000,
    "netIncomeRatio": -0.129330254,
    "eps": -1.2,
    "epsdiluted": -1.2,
    "weightedAverageShsOut": 233300000,
    "weightedAverageShsOutDil": 234300000,
    "link": "https://www.sec.gov/Archives/edgar/data/79879/000007987925000034/0000079879-25-000034-index.htm",
    "finalLink": "https://www.sec.gov/Archives/edgar/data/79879/000007987925000034/ppg-20241231.htm"
  },
  {
    "date": "2024-09-30",
    "symbol": "PPG",
    "reportedCurrency": "USD",
    "cik": "0000079879",
    "fillingDate": "2024-10-17",
    "acceptedDate": "2024-10-17 16:02:18",
    "calendarYear": "2024",
    "period": "Q3",
    "revenue": 4575000000,
    "costOfRevenue": 2663000000,
    "grossProfit": 1912000000,
    "grossProfitRatio": 0.4179234973,
    "researchAndDevelopmentExpenses": 105000000,
    "generalAndAdministrativeExpenses": 1062000000,
    "sellingAndMarketingExpenses": 0,
    "sellingGeneralAndAdministrativeExpenses": 1062000000,
    "otherExpenses": 129000000,
    "operatingExpenses": 1296000000,
    "costAndExpenses": 3959000000,
    "interestIncome": 48000000,
    "interestExpense": 67000000,
    "depreciationAndAmortization": 150000000,
    "ebitda": 828000000,
    "ebitdaratio": 0.1809836066,
    "operatingIncome": 616000000,
    "operatingIncomeRatio": 0.1346448087,
    "totalOtherIncomeExpensesNet": -5000000,
    "incomeBeforeTax": 611000000,
    "incomeBeforeTaxRatio": 0.1335519126,
    "incomeTaxExpense": 137000000,
    "netIncome": 468000000,
    "netIncomeRatio": 0.102295082,
    "eps": 2.01,
    "epsdiluted": 2,
    "weightedAverageShsOut": 233300000,
    "weightedAverageShsOutDil": 234300000,
    "link": "https://www.sec.gov/Archives/edgar/data/79879/000007987924000217/0000079879-24-000217-index.htm",
    "finalLink": "https://www.sec.gov/Archives/edgar/data/79879/000007987924000217/ppg-20240930.htm"
  },
  {
    "date": "2024-06-30",
    "symbol": "PPG",
    "reportedCurrency": "USD",
    "cik": "0000079879",
    "fillingDate": "2024-07-19",
    "acceptedDate": "2024-07-19 14:08:38",
    "calendarYear": "2024",
    "period": "Q2",
    "revenue": 4235000000,
    "costOfRevenue": 2450000000,
    "grossProfit": 1785000000,
    "grossProfitRatio": 0.4214876033,
    "researchAndDevelopmentExpenses": 108000000,
    "generalAndAdministrativeExpenses": 858000000,
    "sellingAndMarketingExpenses": 0,
    "sellingGeneralAndAdministrativeExpenses": 858000000,
    "otherExpenses": 124000000,
    "operatingExpenses": 1090000000,
    "costAndExpenses": 3540000000,
    "interestIncome": 45000000,
    "interestExpense": 62000000,
    "depreciationAndAmortization": 124000000,
    "ebitda": 837000000,
    "ebitdaratio": 0.1976387249,
    "operatingIncome": 695000000,
    "operatingIncomeRatio": 0.1641086187,
    "totalOtherIncomeExpensesNet": -44000000,
    "incomeBeforeTax": 651000000,
    "incomeBeforeTaxRatio": 0.1537190083,
    "incomeTaxExpense": 149000000,
    "netIncome": 528000000,
    "netIncomeRatio": 0.1246753247,
    "eps": 2.25,
    "epsdiluted": 2.24,
    "weightedAverageShsOut": 234500000,
    "weightedAverageShsOutDil": 235700000,
    "link": "https://www.sec.gov/Archives/edgar/data/79879/000007987924000167/0000079879-24-000167-index.htm",
    "finalLink": "https://www.sec.gov/Archives/edgar/data/79879/000007987924000167/ppg-20240630.htm"
  },
  {
    "date": "2024-03-31",
    "symbol": "PPG",
    "reportedCurrency": "USD",
    "cik": "0000079879",
    "fillingDate": "2024-04-19",
    "acceptedDate": "2024-04-19 14:34:36",
    "calendarYear": "2024",
    "period": "Q1",
    "revenue": 4311000000,
    "costOfRevenue": 2445000000,
    "grossProfit": 1866000000,
    "grossProfitRatio": 0.4328462074,
    "researchAndDevelopmentExpenses": 109000000,
    "generalAndAdministrativeExpenses": 1064000000,
    "sellingAndMarketingExpenses": 0,
    "sellingGeneralAndAdministrativeExpenses": 1064000000,
    "otherExpenses": 141000000,
    "operatingExpenses": 1314000000,
    "costAndExpenses": 3759000000,
    "interestIncome": 42000000,
    "interestExpense": 55000000,
    "depreciationAndAmortization": 141000000,
    "ebitda": 734000000,
    "ebitdaratio": 0.1702621202,
    "operatingIncome": 552000000,
    "operatingIncomeRatio": 0.1280445372,
    "totalOtherIncomeExpensesNet": -14000000,
    "incomeBeforeTax": 538000000,
    "incomeBeforeTaxRatio": 0.1247970309,
    "incomeTaxExpense": 129000000,
    "netIncome": 400000000,
    "netIncomeRatio": 0.0927858965,
    "eps": 1.7,
    "epsdiluted": 1.69,
    "weightedAverageShsOut": 235600000,
    "weightedAverageShsOutDil": 236900000,
    "link": "https://www.sec.gov/Archives/edgar/data/79879/000007987924000107/0000079879-24-000107-index.htm",
    "finalLink": "https://www.sec.gov/Archives/edgar/data/79879/000007987924000107/ppg-20240331.htm"
  },
  {
    "date": "2023-12-31",
    "symbol": "PPG",
    "reportedCurrency": "USD",
    "cik": "0000079879",
    "fillingDate": "2024-02-15",
    "acceptedDate": "2024-02-15 13:10:22",
    "calendarYear": "2023",
    "period": "Q4",
    "revenue": 4350000000,
    "costOfRevenue": 2531000000,
    "grossProfit": 1819000000,
    "grossProfitRatio": 0.4181609195,
    "researchAndDevelopmentExpenses": 111000000,
    "generalAndAdministrativeExpenses": 1114000000,
    "sellingAndMarketingExpenses": 0,
    "sellingGeneralAndAdministrativeExpenses": 1114000000,
    "otherExpenses": 150000000,
    "operatingExpenses": 1375000000,
    "costAndExpenses": 3906000000,
    "interestIncome": 44000000,
    "interestExpense": 57000000,
    "depreciationAndAmortization": 150000000,
    "ebitda": 399000000,
    "ebitdaratio": 0.0917241379,
    "operatingIncome": 444000000,
    "operatingIncomeRatio": 0.1020689655,
    "totalOtherIncomeExpensesNet": -252000000,
    "incomeBeforeTax": 192000000,
    "incomeBeforeTaxRatio": 0.044137931,
    "incomeTaxExpense": 89000000,
    "netIncome": 90000000,
    "netIncomeRatio": 0.0206896552,
    "eps": 0.38,
    "epsdiluted": 0.38,
    "weightedAverageShsOut": 236200000,
    "weightedAverageShsOutDil": 237300000,
    "link": "https://www.sec.gov/Archives/edgar/data/79879/000007987924000040/0000079879-24-000040-index.htm",
    "finalLink": "https://www.sec.gov/Archives/edgar/data/79879/000007987924000040/ppg-20231231.htm"
  },
  {
    "date": "2023-09-30",
    "symbol": "PPG",
    "reportedCurrency": "USD",
    "cik": "0000079879",
    "fillingDate": "2023-10-19",
    "acceptedDate": "2023-10-19 15:49:42",
    "calendarYear": "2023",
    "period": "Q3",
    "revenue": 4644000000,
    "costOfRevenue": 2752000000,
    "grossProfit": 1892000000,
    "grossProfitRatio": 0.4074074074,
    "researchAndDevelopmentExpenses": 108000000,
    "generalAndAdministrativeExpenses": 1047000000,
    "sellingAndMarketingExpenses": 0,
    "sellingGeneralAndAdministrativeExpenses": 1047000000,
    "otherExpenses": 142000000,
    "operatingExpenses": 1297000000,
    "costAndExpenses": 4049000000,
    "interestIncome": 39000000,
    "interestExpense": 64000000,
    "depreciationAndAmortization": 142000000,
    "ebitda": 763000000,
    "ebitdaratio": 0.1642980189,
    "operatingIncome": 595000000,
    "operatingIncomeRatio": 0.1281223084,
    "totalOtherIncomeExpensesNet": -38000000,
    "incomeBeforeTax": 557000000,
    "incomeBeforeTaxRatio": 0.1199397071,
    "incomeTaxExpense": 121000000,
    "netIncome": 426000000,
    "netIncomeRatio": 0.0917312661,
    "eps": 1.8,
    "epsdiluted": 1.79,
    "weightedAverageShsOut": 236200000,
    "weightedAverageShsOutDil": 237500000,
    "link": "https://www.sec.gov/Archives/edgar/data/79879/000007987923000065/0000079879-23-000065-index.htm",
    "finalLink": "https://www.sec.gov/Archives/edgar/data/79879/000007987923000065/ppg-20230930.htm"
  },
  {
    "date": "2023-06-30",
    "symbol": "PPG",
    "reportedCurrency": "USD",
    "cik": "0000079879",
    "fillingDate": "2023-07-21",
    "acceptedDate": "2023-07-21 15:41:30",
    "calendarYear": "2023",
    "period": "Q2",
    "revenue": 4872000000,
    "costOfRevenue": 2866000000,
    "grossProfit": 2006000000,
    "grossProfitRatio": 0.4117405583,
    "researchAndDevelopmentExpenses": 110000000,
    "generalAndAdministrativeExpenses": 1069000000,
    "sellingAndMarketingExpenses": 0,
    "sellingGeneralAndAdministrativeExpenses": 1069000000,
    "otherExpenses": 133000000,
    "operatingExpenses": 1312000000,
    "costAndExpenses": 4178000000,
    "interestIncome": 32000000,
    "interestExpense": 67000000,
    "depreciationAndAmortization": 133000000,
    "ebitda": 846000000,
    "ebitdaratio": 0.1736453202,
    "operatingIncome": 694000000,
    "operatingIncomeRatio": 0.1424466338,
    "totalOtherIncomeExpensesNet": -48000000,
    "incomeBeforeTax": 646000000,
    "incomeBeforeTaxRatio": 0.1325944171,
    "incomeTaxExpense": 149000000,
    "netIncome": 490000000,
    "netIncomeRatio": 0.1005747126,
    "eps": 2.08,
    "epsdiluted": 2.06,
    "weightedAverageShsOut": 236000000,
    "weightedAverageShsOutDil": 237300000,
    "link": "https://www.sec.gov/Archives/edgar/data/79879/000007987923000045/0000079879-23-000045-index.htm",
    "finalLink": "https://www.sec.gov/Archives/edgar/data/79879/000007987923000045/ppg-20230630.htm"
  },
  {
    "date": "2023-03-31",
    "symbol": "PPG",
    "reportedCurrency": "USD",
    "cik": "0000079879",
    "fillingDate": "2023-04-21",
    "acceptedDate": "2023-04-21 15:12:20",
    "calendarYear": "2023",
    "period": "Q1",
    "revenue": 4380000000,
    "costOfRevenue": 2596000000,
    "grossProfit": 1784000000,
    "grossProfitRatio": 0.4073059361,
    "researchAndDevelopmentExpenses": 104000000,
    "generalAndAdministrativeExpenses": 1182000000,
    "sellingAndMarketingExpenses": 0,
    "sellingGeneralAndAdministrativeExpenses": 1182000000,
    "otherExpenses": 133000000,
    "operatingExpenses": 1419000000,
    "costAndExpenses": 4015000000,
    "interestIncome": 25000000,
    "interestExpense": 59000000,
    "depreciationAndAmortization": 133000000,
    "ebitda": 545000000,
    "ebitdaratio": 0.1244292237,
    "operatingIncome": 365000000,
    "operatingIncomeRatio": 0.0833333333,
    "totalOtherIncomeExpensesNet": -12000000,
    "incomeBeforeTax": 353000000,
    "incomeBeforeTaxRatio": 0.0805936073,
    "incomeTaxExpense": 80000000,
    "netIncome": 264000000,
    "netIncomeRatio": 0.0602739726,
    "eps": 1.12,
    "epsdiluted": 1.11,
    "weightedAverageShsOut": 235800000,
    "weightedAverageShsOutDil": 236900000,
    "link": "https://www.sec.gov/Archives/edgar/data/79879/000007987923000026/0000079879-23-000026-index.htm",
    "finalLink": "https://www.sec.gov/Archives/edgar/data/79879/000007987923000026/ppg-20230331.htm"
  },
  {
    "date": "2022-12-31",
    "symbol": "PPG",
    "reportedCurrency": "USD",
    "cik": "0000079879",
    "fillingDate": "2023-02-16",
    "acceptedDate": "2023-02-16 15:02:36",
    "calendarYear": "2022",
    "period": "Q4",
    "revenue": 4185000000,
    "costOfRevenue": 2623000000,
    "grossProfit": 1562000000,
    "grossProfitRatio": 0.3732377539,
    "researchAndDevelopmentExpenses": 108000000,
    "generalAndAdministrativeExpenses": 955000000,
    "sellingAndMarketingExpenses": 0,
    "sellingGeneralAndAdministrativeExpenses": 955000000,
    "otherExpenses": 133000000,
    "operatingExpenses": 1196000000,
    "costAndExpenses": 3819000000,
    "interestIncome": 20000000,
    "interestExpense": 53000000,
    "depreciationAndAmortization": 133000000,
    "ebitda": 505000000,
    "ebitdaratio": 0.1206690562,
    "operatingIncome": 366000000,
    "operatingIncomeRatio": 0.0874551971,
    "totalOtherIncomeExpensesNet": -47000000,
    "incomeBeforeTax": 319000000,
    "incomeBeforeTaxRatio": 0.0762246117,
    "incomeTaxExpense": 73000000,
    "netIncome": 238000000,
    "netIncomeRatio": 0.056869773,
    "eps": 1.01,
    "epsdiluted": 1.01,
    "weightedAverageShsOut": 235500000,
    "weightedAverageShsOutDil": 236600000,
    "link": "https://www.sec.gov/Archives/edgar/data/79879/000007987923000007/0000079879-23-000007-index.htm",
    "finalLink": "https://www.sec.gov/Archives/edgar/data/79879/000007987923000007/ppg-20221231.htm"
  },
  {
    "date": "2022-09-30",
    "symbol": "PPG",
    "reportedCurrency": "USD",
    "cik": "0000079879",
    "fillingDate": "2022-10-20",
    "acceptedDate": "2022-10-20 16:05:51",
    "calendarYear": "2022",
    "period": "Q3",
    "revenue": 4468000000,
    "costOfRevenue": 2821000000,
    "grossProfit": 1647000000,
    "grossProfitRatio": 0.3686213071,
    "researchAndDevelopmentExpenses": 110000000,
    "generalAndAdministrativeExpenses": 931000000,
    "sellingAndMarketingExpenses": 0,
    "sellingGeneralAndAdministrativeExpenses": 931000000,
    "otherExpenses": 135000000,
    "operatingExpenses": 1176000000,
    "costAndExpenses": 3997000000,
    "interestIncome": 14000000,
    "interestExpense": 46000000,
    "depreciationAndAmortization": 135000000,
    "ebitda": 599000000,
    "ebitdaratio": 0.1340644584,
    "operatingIncome": 471000000,
    "operatingIncomeRatio": 0.1054162936,
    "totalOtherIncomeExpensesNet": -53000000,
    "incomeBeforeTax": 418000000,
    "incomeBeforeTaxRatio": 0.0935541629,
    "incomeTaxExpense": 79000000,
    "netIncome": 329000000,
    "netIncomeRatio": 0.0736347359,
    "eps": 1.4,
    "epsdiluted": 1.39,
    "weightedAverageShsOut": 235500000,
    "weightedAverageShsOutDil": 236600000,
    "link": "https://www.sec.gov/Archives/edgar/data/79879/000007987922000078/0000079879-22-000078-index.htm",
    "finalLink": "https://www.sec.gov/Archives/edgar/data/79879/000007987922000078/ppg-20220930.htm"
  },
  {
    "date": "2022-06-30",
    "symbol": "PPG",
    "reportedCurrency": "USD",
    "cik": "0000079879",
    "fillingDate": "2022-07-22",
    "acceptedDate": "2022-07-22 15:03:53",
    "calendarYear": "2022",
    "period": "Q2",
    "revenue": 4691000000,
    "costOfRevenue": 2954000000,
    "grossProfit": 1737000000,
    "grossProfitRatio": 0.3702835216,
    "researchAndDevelopmentExpenses": 115000000,
    "generalAndAdministrativeExpenses": 982000000,
    "sellingAndMarketingExpenses": 0,
    "sellingGeneralAndAdministrativeExpenses": 982000000,
    "otherExpenses": 141000000,
    "operatingExpenses": 1238000000,
    "costAndExpenses": 4192000000,
    "interestIncome": 11000000,
    "interestExpense": 38000000,
    "depreciationAndAmortization": 141000000,
    "ebitda": 745000000,
    "ebitdaratio": 0.1588147517,
    "operatingIncome": 499000000,
    "operatingIncomeRatio": 0.1063739075,
    "totalOtherIncomeExpensesNet": 67000000,
    "incomeBeforeTax": 566000000,
    "incomeBeforeTaxRatio": 0.1206565764,
    "incomeTaxExpense": 118000000,
    "netIncome": 441000000,
    "netIncomeRatio": 0.094009806,
    "eps": 1.86,
    "epsdiluted": 1.85,
    "weightedAverageShsOut": 236400000,
    "weightedAverageShsOutDil": 237600000,
    "link": "https://www.sec.gov/Archives/edgar/data/79879/000007987922000049/0000079879-22-000049-index.htm",
    "finalLink": "https://www.sec.gov/Archives/edgar/data/79879/000007987922000049/ppg-20220630.htm"
  },
  {
    "date": "2022-03-31",
    "symbol": "PPG",
    "reportedCurrency": "USD",
    "cik": "0000079879",
    "fillingDate": "2022-04-22",
    "acceptedDate": "2022-04-22 10:01:12",
    "calendarYear": "2022",
    "period": "Q1",
    "revenue": 4308000000,
    "costOfRevenue": 2698000000,
    "grossProfit": 1610000000,
    "grossProfitRatio": 0.3737233055,
    "researchAndDevelopmentExpenses": 115000000,
    "generalAndAdministrativeExpenses": 974000000,
    "sellingAndMarketingExpenses": 0,
    "sellingGeneralAndAdministrativeExpenses": 974000000,
    "otherExpenses": 145000000,
    "operatingExpenses": 1234000000,
    "costAndExpenses": 3932000000,
    "interestIncome": 9000000,
    "interestExpense": 30000000,
    "depreciationAndAmortization": 145000000,
    "ebitda": 253000000,
    "ebitdaratio": 0.058727948,
    "operatingIncome": 376000000,
    "operatingIncomeRatio": 0.08727948,
    "totalOtherIncomeExpensesNet": -298000000,
    "incomeBeforeTax": 78000000,
    "incomeBeforeTaxRatio": 0.0181058496,
    "incomeTaxExpense": 55000000,
    "netIncome": 18000000,
    "netIncomeRatio": 0.004178273,
    "eps": 0.0761,
    "epsdiluted": 0.0756,
    "weightedAverageShsOut": 236600000,
    "weightedAverageShsOutDil": 238200000,
    "link": "https://www.sec.gov/Archives/edgar/data/79879/000007987922000025/0000079879-22-000025-index.htm",
    "finalLink": "https://www.sec.gov/Archives/edgar/data/79879/000007987922000025/ppg-20220331.htm"
  },
  {
    "date": "2021-12-31",
    "symbol": "PPG",
    "reportedCurrency": "USD",
    "cik": "0000079879",
    "fillingDate": "2022-02-17",
    "acceptedDate": "2022-02-17 11:55:46",
    "calendarYear": "2021",
    "period": "Q4",
    "revenue": 4190000000,
    "costOfRevenue": 2692000000,
    "grossProfit": 1498000000,
    "grossProfitRatio": 0.3575178998,
    "researchAndDevelopmentExpenses": 116000000,
    "generalAndAdministrativeExpenses": 1034000000,
    "sellingAndMarketingExpenses": 0,
    "sellingGeneralAndAdministrativeExpenses": 1034000000,
    "otherExpenses": 149000000,
    "operatingExpenses": 1299000000,
    "costAndExpenses": 3991000000,
    "interestIncome": 7000000,
    "interestExpense": 30000000,
    "depreciationAndAmortization": 149000000,
    "ebitda": 461000000,
    "ebitdaratio": 0.1100238663,
    "operatingIncome": 199000000,
    "operatingIncomeRatio": 0.0474940334,
    "totalOtherIncomeExpensesNet": 83000000,
    "incomeBeforeTax": 282000000,
    "incomeBeforeTaxRatio": 0.0673031026,
    "incomeTaxExpense": 4000000,
    "netIncome": 286000000,
    "netIncomeRatio": 0.0682577566,
    "eps": 1.2,
    "epsdiluted": 1.2,
    "weightedAverageShsOut": 237400000,
    "weightedAverageShsOutDil": 239200000,
    "link": "https://www.sec.gov/Archives/edgar/data/79879/000007987922000009/0000079879-22-000009-index.htm",
    "finalLink": "https://www.sec.gov/Archives/edgar/data/79879/000007987922000009/ppg-20211231.htm"
  },
  {
    "date": "2021-09-30",
    "symbol": "PPG",
    "reportedCurrency": "USD",
    "cik": "0000079879",
    "fillingDate": "2021-10-21",
    "acceptedDate": "2021-10-21 17:11:52",
    "calendarYear": "2021",
    "period": "Q3",
    "revenue": 4372000000,
    "costOfRevenue": 2733000000,
    "grossProfit": 1639000000,
    "grossProfitRatio": 0.3748856359,
    "researchAndDevelopmentExpenses": 114000000,
    "generalAndAdministrativeExpenses": 950000000,
    "sellingAndMarketingExpenses": 0,
    "sellingGeneralAndAdministrativeExpenses": 950000000,
    "otherExpenses": 146000000,
    "operatingExpenses": 1210000000,
    "costAndExpenses": 3943000000,
    "interestIncome": 7000000,
    "interestExpense": 30000000,
    "depreciationAndAmortization": 146000000,
    "ebitda": 617000000,
    "ebitdaratio": 0.1411253431,
    "operatingIncome": 429000000,
    "operatingIncomeRatio": 0.0981244282,
    "totalOtherIncomeExpensesNet": 12000000,
    "incomeBeforeTax": 441000000,
    "incomeBeforeTaxRatio": 0.1008691674,
    "incomeTaxExpense": 96000000,
    "netIncome": 344000000,
    "netIncomeRatio": 0.0786825252,
    "eps": 1.45,
    "epsdiluted": 1.43,
    "weightedAverageShsOut": 237900000,
    "weightedAverageShsOutDil": 239800000,
    "link": "https://www.sec.gov/Archives/edgar/data/79879/000007987921000078/0000079879-21-000078-index.htm",
    "finalLink": "https://www.sec.gov/Archives/edgar/data/79879/000007987921000078/ppg-20210930.htm"
  },
  {
    "date": "2021-06-30",
    "symbol": "PPG",
    "reportedCurrency": "USD",
    "cik": "0000079879",
    "fillingDate": "2021-07-20",
    "acceptedDate": "2021-07-20 13:42:02",
    "calendarYear": "2021",
    "period": "Q2",
    "revenue": 4359000000,
    "costOfRevenue": 2629000000,
    "grossProfit": 1730000000,
    "grossProfitRatio": 0.3968800184,
    "researchAndDevelopmentExpenses": 107000000,
    "generalAndAdministrativeExpenses": 955000000,
    "sellingAndMarketingExpenses": 0,
    "sellingGeneralAndAdministrativeExpenses": 955000000,
    "otherExpenses": 137000000,
    "operatingExpenses": 1199000000,
    "costAndExpenses": 3828000000,
    "interestIncome": 6000000,
    "interestExpense": 31000000,
    "depreciationAndAmortization": 137000000,
    "ebitda": 761000000,
    "ebitdaratio": 0.174581326,
    "operatingIncome": 531000000,
    "operatingIncomeRatio": 0.1218169305,
    "totalOtherIncomeExpensesNet": 62000000,
    "incomeBeforeTax": 593000000,
    "incomeBeforeTaxRatio": 0.1360403762,
    "incomeTaxExpense": 160000000,
    "netIncome": 431000000,
    "netIncomeRatio": 0.098875889,
    "eps": 1.81,
    "epsdiluted": 1.8,
    "weightedAverageShsOut": 237800000,
    "weightedAverageShsOutDil": 239800000,
    "link": "https://www.sec.gov/Archives/edgar/data/79879/000007987921000044/0000079879-21-000044-index.htm",
    "finalLink": "https://www.sec.gov/Archives/edgar/data/79879/000007987921000044/ppg-20210630.htm"
  },
  {
    "date": "2021-03-31",
    "symbol": "PPG",
    "reportedCurrency": "USD",
    "cik": "0000079879",
    "fillingDate": "2021-04-16",
    "acceptedDate": "2021-04-16 13:33:34",
    "calendarYear": "2021",
    "period": "Q1",
    "revenue": 3881000000,
    "costOfRevenue": 2232000000,
    "grossProfit": 1649000000,
    "grossProfitRatio": 0.4248904921,
    "researchAndDevelopmentExpenses": 102000000,
    "generalAndAdministrativeExpenses": 891000000,
    "sellingAndMarketingExpenses": 0,
    "sellingGeneralAndAdministrativeExpenses": 891000000,
    "otherExpenses": 129000000,
    "operatingExpenses": 1122000000,
    "costAndExpenses": 3354000000,
    "interestIncome": 6000000,
    "interestExpense": 30000000,
    "depreciationAndAmortization": 129000000,
    "ebitda": 658000000,
    "ebitdaratio": 0.169543932,
    "operatingIncome": 527000000,
    "operatingIncomeRatio": 0.1357897449,
    "totalOtherIncomeExpensesNet": -28000000,
    "incomeBeforeTax": 499000000,
    "incomeBeforeTaxRatio": 0.1285751095,
    "incomeTaxExpense": 114000000,
    "netIncome": 378000000,
    "netIncomeRatio": 0.0973975779,
    "eps": 1.59,
    "epsdiluted": 1.58,
    "weightedAverageShsOut": 237400000,
    "weightedAverageShsOutDil": 239000000,
    "link": "https://www.sec.gov/Archives/edgar/data/79879/000007987921000023/0000079879-21-000023-index.htm",
    "finalLink": "https://www.sec.gov/Archives/edgar/data/79879/000007987921000023/ppg-20210331.htm"
  },
  {
    "date": "2020-12-31",
    "symbol": "PPG",
    "reportedCurrency": "USD",
    "cik": "0000079879",
    "fillingDate": "2021-02-18",
    "acceptedDate": "2021-02-18 13:00:12",
    "calendarYear": "2020",
    "period": "Q4",
    "revenue": 3757000000,
    "costOfRevenue": 2140000000,
    "grossProfit": 1617000000,
    "grossProfitRatio": 0.430396593,
    "researchAndDevelopmentExpenses": 100000000,
    "generalAndAdministrativeExpenses": 882000000,
    "sellingAndMarketingExpenses": 0,
    "sellingGeneralAndAdministrativeExpenses": 882000000,
    "otherExpenses": 125000000,
    "operatingExpenses": 1107000000,
    "costAndExpenses": 3247000000,
    "interestIncome": 5000000,
    "interestExpense": 31000000,
    "depreciationAndAmortization": 125000000,
    "ebitda": 501000000,
    "ebitdaratio": 0.133351078,
    "operatingIncome": 510000000,
    "operatingIncomeRatio": 0.1357466063,
    "totalOtherIncomeExpensesNet": -165000000,
    "incomeBeforeTax": 345000000,
    "incomeBeforeTaxRatio": 0.0918285866,
    "incomeTaxExpense": 67000000,
    "netIncome": 272000000,
    "netIncomeRatio": 0.07239819,
    "eps": 1.15,
    "epsdiluted": 1.14,
    "weightedAverageShsOut": 237200000,
    "weightedAverageShsOutDil": 238600000,
    "link": "https://www.sec.gov/Archives/edgar/data/79879/000007987921000008/0000079879-21-000008-index.htm",
    "finalLink": "https://www.sec.gov/Archives/edgar/data/79879/000007987921000008/ppg-20201231.htm"
  },
  {
    "date": "2020-09-30",
    "symbol": "PPG",
    "reportedCurrency": "USD",
    "cik": "0000079879",
    "fillingDate": "2020-10-20",
    "acceptedDate": "2020-10-20 12:20:13",
    "calendarYear": "2020",
    "period": "Q3",
    "revenue": 3685000000,
    "costOfRevenue": 2026000000,
    "grossProfit": 1659000000,
    "grossProfitRatio": 0.4502035278,
    "researchAndDevelopmentExpenses": 92000000,
    "generalAndAdministrativeExpenses": 836000000,
    "sellingAndMarketingExpenses": 0,
    "sellingGeneralAndAdministrativeExpenses": 836000000,
    "otherExpenses": 132000000,
    "operatingExpenses": 1060000000,
    "costAndExpenses": 3086000000,
    "interestIncome": 4000000,
    "interestExpense": 34000000,
    "depreciationAndAmortization": 132000000,
    "ebitda": 738000000,
    "ebitdaratio": 0.2002713704,
    "operatingIncome": 599000000,
    "operatingIncomeRatio": 0.162550882,
    "totalOtherIncomeExpensesNet": -27000000,
    "incomeBeforeTax": 572000000,
    "incomeBeforeTaxRatio": 0.1552238806,
    "incomeTaxExpense": 124000000,
    "netIncome": 442000000,
    "netIncomeRatio": 0.1199457259,
    "eps": 1.87,
    "epsdiluted": 1.86,
    "weightedAverageShsOut": 236800000,
    "weightedAverageShsOutDil": 237900000,
    "link": "https://www.sec.gov/Archives/edgar/data/79879/000007987920000056/0000079879-20-000056-index.htm",
    "finalLink": "https://www.sec.gov/Archives/edgar/data/79879/000007987920000056/ppg-20200930.htm"
  },
  {
    "date": "2020-06-30",
    "symbol": "PPG",
    "reportedCurrency": "USD",
    "cik": "0000079879",
    "fillingDate": "2020-07-17",
    "acceptedDate": "2020-07-17 13:33:17",
    "calendarYear": "2020",
    "period": "Q2",
    "revenue": 3015000000,
    "costOfRevenue": 1703000000,
    "grossProfit": 1312000000,
    "grossProfitRatio": 0.4351575456,
    "researchAndDevelopmentExpenses": 86000000,
    "generalAndAdministrativeExpenses": 766000000,
    "sellingAndMarketingExpenses": 0,
    "sellingGeneralAndAdministrativeExpenses": 766000000,
    "otherExpenses": 123000000,
    "operatingExpenses": 975000000,
    "costAndExpenses": 2678000000,
    "interestIncome": 5000000,
    "interestExpense": 41000000,
    "depreciationAndAmortization": 123000000,
    "ebitda": 290000000,
    "ebitdaratio": 0.096185738,
    "operatingIncome": 337000000,
    "operatingIncomeRatio": 0.111774461,
    "totalOtherIncomeExpensesNet": -211000000,
    "incomeBeforeTax": 126000000,
    "incomeBeforeTaxRatio": 0.0417910448,
    "incomeTaxExpense": 29000000,
    "netIncome": 102000000,
    "netIncomeRatio": 0.0338308458,
    "eps": 0.43,
    "epsdiluted": 0.43,
    "weightedAverageShsOut": 236600000,
    "weightedAverageShsOutDil": 237600000,
    "link": "https://www.sec.gov/Archives/edgar/data/79879/000007987920000044/0000079879-20-000044-index.htm",
    "finalLink": "https://www.sec.gov/Archives/edgar/data/79879/000007987920000044/ppg-20200630.htm"
  },
  {
    "date": "2020-03-31",
    "symbol": "PPG",
    "reportedCurrency": "USD",
    "cik": "0000079879",
    "fillingDate": "2020-04-28",
    "acceptedDate": "2020-04-28 15:53:01",
    "calendarYear": "2020",
    "period": "Q1",
    "revenue": 3377000000,
    "costOfRevenue": 1908000000,
    "grossProfit": 1469000000,
    "grossProfitRatio": 0.4350014806,
    "researchAndDevelopmentExpenses": 101000000,
    "generalAndAdministrativeExpenses": 905000000,
    "sellingAndMarketingExpenses": 0,
    "sellingGeneralAndAdministrativeExpenses": 905000000,
    "otherExpenses": 129000000,
    "operatingExpenses": 1135000000,
    "costAndExpenses": 3043000000,
    "interestIncome": 9000000,
    "interestExpense": 32000000,
    "depreciationAndAmortization": 129000000,
    "ebitda": 480000000,
    "ebitdaratio": 0.1421379923,
    "operatingIncome": 334000000,
    "operatingIncomeRatio": 0.098904353,
    "totalOtherIncomeExpensesNet": -15000000,
    "incomeBeforeTax": 319000000,
    "incomeBeforeTaxRatio": 0.0944625407,
    "incomeTaxExpense": 71000000,
    "netIncome": 243000000,
    "netIncomeRatio": 0.0719573586,
    "eps": 1.03,
    "epsdiluted": 1.02,
    "weightedAverageShsOut": 236500000,
    "weightedAverageShsOutDil": 237700000,
    "link": "https://www.sec.gov/Archives/edgar/data/79879/000007987920000028/0000079879-20-000028-index.htm",
    "finalLink": "https://www.sec.gov/Archives/edgar/data/79879/000007987920000028/ppg-20200331.htm"
  },
  {
    "date": "2019-12-31",
    "symbol": "PPG",
    "reportedCurrency": "USD",
    "cik": "0000079879",
    "fillingDate": "2020-02-20",
    "acceptedDate": "2020-02-20 11:43:37",
    "calendarYear": "2019",
    "period": "Q4",
    "revenue": 3672000000,
    "costOfRevenue": 2111000000,
    "grossProfit": 1561000000,
    "grossProfitRatio": 0.4251089325,
    "researchAndDevelopmentExpenses": 109000000,
    "generalAndAdministrativeExpenses": 894000000,
    "sellingAndMarketingExpenses": 0,
    "sellingGeneralAndAdministrativeExpenses": 894000000,
    "otherExpenses": 134000000,
    "operatingExpenses": 1137000000,
    "costAndExpenses": 3248000000,
    "interestIncome": 9000000,
    "interestExpense": 33000000,
    "depreciationAndAmortization": 134000000,
    "ebitda": 565000000,
    "ebitdaratio": 0.1538671024,
    "operatingIncome": 424000000,
    "operatingIncomeRatio": 0.1154684096,
    "totalOtherIncomeExpensesNet": -26000000,
    "incomeBeforeTax": 398000000,
    "incomeBeforeTaxRatio": 0.1083877996,
    "incomeTaxExpense": 95000000,
    "netIncome": 292000000,
    "netIncomeRatio": 0.0795206972,
    "eps": 1.23,
    "epsdiluted": 1.22,
    "weightedAverageShsOut": 237000000,
    "weightedAverageShsOutDil": 238600000,
    "link": "https://www.sec.gov/Archives/edgar/data/79879/000007987920000008/0000079879-20-000008-index.htm",
    "finalLink": "https://www.sec.gov/Archives/edgar/data/79879/000007987920000008/ppg201910k.htm"
  },
  {
    "date": "2019-09-30",
    "symbol": "PPG",
    "reportedCurrency": "USD",
    "cik": "0000079879",
    "fillingDate": "2019-10-18",
    "acceptedDate": "2019-10-18 12:07:39",
    "calendarYear": "2019",
    "period": "Q3",
    "revenue": 3826000000,
    "costOfRevenue": 2181000000,
    "grossProfit": 1645000000,
    "grossProfitRatio": 0.4299529535,
    "researchAndDevelopmentExpenses": 107000000,
    "generalAndAdministrativeExpenses": 887000000,
    "sellingAndMarketingExpenses": 0,
    "sellingGeneralAndAdministrativeExpenses": 887000000,
    "otherExpenses": 133000000,
    "operatingExpenses": 1127000000,
    "costAndExpenses": 3308000000,
    "interestIncome": 10000000,
    "interestExpense": 33000000,
    "depreciationAndAmortization": 133000000,
    "ebitda": 647000000,
    "ebitdaratio": 0.169106116,
    "operatingIncome": 518000000,
    "operatingIncomeRatio": 0.1353894407,
    "totalOtherIncomeExpensesNet": -37000000,
    "incomeBeforeTax": 481000000,
    "incomeBeforeTaxRatio": 0.1257187663,
    "incomeTaxExpense": 109000000,
    "netIncome": 367000000,
    "netIncomeRatio": 0.0959226346,
    "eps": 1.55,
    "epsdiluted": 1.54,
    "weightedAverageShsOut": 237100000,
    "weightedAverageShsOutDil": 238500000,
    "link": "https://www.sec.gov/Archives/edgar/data/79879/000007987919000043/0000079879-19-000043-index.htm",
    "finalLink": "https://www.sec.gov/Archives/edgar/data/79879/000007987919000043/ppgq3201910q.htm"
  },
  {
    "date": "2019-06-30",
    "symbol": "PPG",
    "reportedCurrency": "USD",
    "cik": "0000079879",
    "fillingDate": "2019-07-19",
    "acceptedDate": "2019-07-19 10:44:51",
    "calendarYear": "2019",
    "period": "Q2",
    "revenue": 4024000000,
    "costOfRevenue": 2288000000,
    "grossProfit": 1736000000,
    "grossProfitRatio": 0.4314115308,
    "researchAndDevelopmentExpenses": 111000000,
    "generalAndAdministrativeExpenses": 934000000,
    "sellingAndMarketingExpenses": 0,
    "sellingGeneralAndAdministrativeExpenses": 934000000,
    "otherExpenses": 126000000,
    "operatingExpenses": 1171000000,
    "costAndExpenses": 3459000000,
    "interestIncome": 7000000,
    "interestExpense": 35000000,
    "depreciationAndAmortization": 126000000,
    "ebitda": 524000000,
    "ebitdaratio": 0.1302186879,
    "operatingIncome": 565000000,
    "operatingIncomeRatio": 0.1404075547,
    "totalOtherIncomeExpensesNet": -202000000,
    "incomeBeforeTax": 363000000,
    "incomeBeforeTaxRatio": 0.0902087475,
    "incomeTaxExpense": 86000000,
    "netIncome": 272000000,
    "netIncomeRatio": 0.0675944334,
    "eps": 1.15,
    "epsdiluted": 1.14,
    "weightedAverageShsOut": 236900000,
    "weightedAverageShsOutDil": 238300000,
    "link": "https://www.sec.gov/Archives/edgar/data/79879/000007987919000032/0000079879-19-000032-index.htm",
    "finalLink": "https://www.sec.gov/Archives/edgar/data/79879/000007987919000032/ppgq2201910q.htm"
  },
  {
    "date": "2019-03-31",
    "symbol": "PPG",
    "reportedCurrency": "USD",
    "cik": "0000079879",
    "fillingDate": "2019-04-19",
    "acceptedDate": "2019-04-19 09:18:58",
    "calendarYear": "2019",
    "period": "Q1",
    "revenue": 3624000000,
    "costOfRevenue": 2073000000,
    "grossProfit": 1551000000,
    "grossProfitRatio": 0.4279801325,
    "researchAndDevelopmentExpenses": 105000000,
    "generalAndAdministrativeExpenses": 889000000,
    "sellingAndMarketingExpenses": 0,
    "sellingGeneralAndAdministrativeExpenses": 889000000,
    "otherExpenses": 118000000,
    "operatingExpenses": 1112000000,
    "costAndExpenses": 3185000000,
    "interestIncome": 6000000,
    "interestExpense": 31000000,
    "depreciationAndAmortization": 118000000,
    "ebitda": 568000000,
    "ebitdaratio": 0.1567328918,
    "operatingIncome": 439000000,
    "operatingIncomeRatio": 0.1211368653,
    "totalOtherIncomeExpensesNet": -20000000,
    "incomeBeforeTax": 419000000,
    "incomeBeforeTaxRatio": 0.1156181015,
    "incomeTaxExpense": 102000000,
    "netIncome": 312000000,
    "netIncomeRatio": 0.0860927152,
    "eps": 1.32,
    "epsdiluted": 1.31,
    "weightedAverageShsOut": 236700000,
    "weightedAverageShsOutDil": 238000000,
    "link": "https://www.sec.gov/Archives/edgar/data/79879/000007987919000017/0000079879-19-000017-index.htm",
    "finalLink": "https://www.sec.gov/Archives/edgar/data/79879/000007987919000017/ppgq1201910q.htm"
  },
  {
    "date": "2018-12-31",
    "symbol": "PPG",
    "reportedCurrency": "USD",
    "cik": "0000079879",
    "fillingDate": "2019-02-21",
    "acceptedDate": "2019-02-21 11:53:01",
    "calendarYear": "2018",
    "period": "Q4",
    "revenue": 3645000000,
    "costOfRevenue": 2188000000,
    "grossProfit": 1457000000,
    "grossProfitRatio": 0.3997256516,
    "researchAndDevelopmentExpenses": 105000000,
    "generalAndAdministrativeExpenses": 855000000,
    "sellingAndMarketingExpenses": 0,
    "sellingGeneralAndAdministrativeExpenses": 855000000,
    "otherExpenses": 127000000,
    "operatingExpenses": 1087000000,
    "costAndExpenses": 3275000000,
    "interestIncome": 5000000,
    "interestExpense": 30000000,
    "depreciationAndAmortization": 127000000,
    "ebitda": 499000000,
    "ebitdaratio": 0.1368998628,
    "operatingIncome": 370000000,
    "operatingIncomeRatio": 0.1015089163,
    "totalOtherIncomeExpensesNet": -28000000,
    "incomeBeforeTax": 342000000,
    "incomeBeforeTaxRatio": 0.0938271605,
    "incomeTaxExpense": 83000000,
    "netIncome": 258000000,
    "netIncomeRatio": 0.070781893,
    "eps": 1.08,
    "epsdiluted": 1.08,
    "weightedAverageShsOut": 238500000,
    "weightedAverageShsOutDil": 239800000,
    "link": "https://www.sec.gov/Archives/edgar/data/79879/000007987919000008/0000079879-19-000008-index.htm",
    "finalLink": "https://www.sec.gov/Archives/edgar/data/79879/000007987919000008/ppg201810k.htm"
  },
  {
    "date": "2018-09-30",
    "symbol": "PPG",
    "reportedCurrency": "USD",
    "cik": "0000079879",
    "fillingDate": "2018-10-19",
    "acceptedDate": "2018-10-19 16:32:19",
    "calendarYear": "2018",
    "period": "Q3",
    "revenue": 3817000000,
    "costOfRevenue": 2253000000,
    "grossProfit": 1564000000,
    "grossProfitRatio": 0.4097458737,
    "researchAndDevelopmentExpenses": 110000000,
    "generalAndAdministrativeExpenses": 867000000,
    "sellingAndMarketingExpenses": 0,
    "sellingGeneralAndAdministrativeExpenses": 867000000,
    "otherExpenses": 122000000,
    "operatingExpenses": 1099000000,
    "costAndExpenses": 3352000000,
    "interestIncome": 6000000,
    "interestExpense": 31000000,
    "depreciationAndAmortization": 122000000,
    "ebitda": 604000000,
    "ebitdaratio": 0.1582394551,
    "operatingIncome": 465000000,
    "operatingIncomeRatio": 0.1218234215,
    "totalOtherIncomeExpensesNet": -14000000,
    "incomeBeforeTax": 451000000,
    "incomeBeforeTaxRatio": 0.1181556196,
    "incomeTaxExpense": 79000000,
    "netIncome": 378000000,
    "netIncomeRatio": 0.0990306523,
    "eps": 1.56,
    "epsdiluted": 1.55,
    "weightedAverageShsOut": 242200000,
    "weightedAverageShsOutDil": 243600000,
    "link": "https://www.sec.gov/Archives/edgar/data/79879/000007987918000058/0000079879-18-000058-index.htm",
    "finalLink": "https://www.sec.gov/Archives/edgar/data/79879/000007987918000058/ppgq3201810q.htm"
  },
  {
    "date": "2018-06-30",
    "symbol": "PPG",
    "reportedCurrency": "USD",
    "cik": "0000079879",
    "fillingDate": "2018-07-20",
    "acceptedDate": "2018-07-20 08:26:44",
    "calendarYear": "2018",
    "period": "Q2",
    "revenue": 4131000000,
    "costOfRevenue": 2379000000,
    "grossProfit": 1752000000,
    "grossProfitRatio": 0.4241103849,
    "researchAndDevelopmentExpenses": 114000000,
    "generalAndAdministrativeExpenses": 945000000,
    "sellingAndMarketingExpenses": 0,
    "sellingGeneralAndAdministrativeExpenses": 945000000,
    "otherExpenses": 125000000,
    "operatingExpenses": 1184000000,
    "costAndExpenses": 3563000000,
    "interestIncome": 7000000,
    "interestExpense": 31000000,
    "depreciationAndAmortization": 125000000,
    "ebitda": 635000000,
    "ebitdaratio": 0.1537158073,
    "operatingIncome": 568000000,
    "operatingIncomeRatio": 0.1374969741,
    "totalOtherIncomeExpensesNet": -89000000,
    "incomeBeforeTax": 479000000,
    "incomeBeforeTaxRatio": 0.1159525539,
    "incomeTaxExpense": 104000000,
    "netIncome": 371000000,
    "netIncomeRatio": 0.089808763,
    "eps": 1.51,
    "epsdiluted": 1.51,
    "weightedAverageShsOut": 244900000,
    "weightedAverageShsOutDil": 246400000,
    "link": "https://www.sec.gov/Archives/edgar/data/79879/000007987918000045/0000079879-18-000045-index.htm",
    "finalLink": "https://www.sec.gov/Archives/edgar/data/79879/000007987918000045/ppgq2201810q.htm"
  },
  {
    "date": "2018-03-31",
    "symbol": "PPG",
    "reportedCurrency": "USD",
    "cik": "0000079879",
    "fillingDate": "2018-06-28",
    "acceptedDate": "2018-06-28 07:18:09",
    "calendarYear": "2018",
    "period": "Q1",
    "revenue": 3781000000,
    "costOfRevenue": 2181000000,
    "grossProfit": 1600000000,
    "grossProfitRatio": 0.4231684739,
    "researchAndDevelopmentExpenses": 112000000,
    "generalAndAdministrativeExpenses": 906000000,
    "sellingAndMarketingExpenses": 0,
    "sellingGeneralAndAdministrativeExpenses": 906000000,
    "otherExpenses": 123000000,
    "operatingExpenses": 1141000000,
    "costAndExpenses": 3322000000,
    "interestIncome": 5000000,
    "interestExpense": 26000000,
    "depreciationAndAmortization": 123000000,
    "ebitda": 570000000,
    "ebitdaratio": 0.1507537688,
    "operatingIncome": 459000000,
    "operatingIncomeRatio": 0.121396456,
    "totalOtherIncomeExpensesNet": -38000000,
    "incomeBeforeTax": 421000000,
    "incomeBeforeTaxRatio": 0.1113462047,
    "incomeTaxExpense": 87000000,
    "netIncome": 334000000,
    "netIncomeRatio": 0.0883364189,
    "eps": 1.41,
    "epsdiluted": 1.4,
    "weightedAverageShsOut": 249800000,
    "weightedAverageShsOutDil": 251400000,
    "link": "https://www.sec.gov/Archives/edgar/data/79879/000007987918000040/0000079879-18-000040-index.htm",
    "finalLink": "https://www.sec.gov/Archives/edgar/data/79879/000007987918000040/ppgq1201810q.htm"
  },
  {
    "date": "2017-12-31",
    "symbol": "PPG",
    "reportedCurrency": "USD",
    "cik": "0000079879",
    "fillingDate": "2018-02-15",
    "acceptedDate": "2018-02-15 16:30:58",
    "calendarYear": "2017",
    "period": "Q4",
    "revenue": 3682000000,
    "costOfRevenue": 2119000000,
    "grossProfit": 1563000000,
    "grossProfitRatio": 0.4244975557,
    "researchAndDevelopmentExpenses": 116000000,
    "generalAndAdministrativeExpenses": 946000000,
    "sellingAndMarketingExpenses": 0,
    "sellingGeneralAndAdministrativeExpenses": 946000000,
    "otherExpenses": 120000000,
    "operatingExpenses": 1182000000,
    "costAndExpenses": 3301000000,
    "interestIncome": 7000000,
    "interestExpense": 27000000,
    "depreciationAndAmortization": 120000000,
    "ebitda": 524000000,
    "ebitdaratio": 0.1423139598,
    "operatingIncome": 381000000,
    "operatingIncomeRatio": 0.1034763715,
    "totalOtherIncomeExpensesNet": -4000000,
    "incomeBeforeTax": 377000000,
    "incomeBeforeTaxRatio": 0.1023900054,
    "incomeTaxExpense": 224000000,
    "netIncome": 151000000,
    "netIncomeRatio": 0.0410103205,
    "eps": 0.6,
    "epsdiluted": 0.59,
    "weightedAverageShsOut": 251666667,
    "weightedAverageShsOutDil": 255932203,
    "link": "https://www.sec.gov/Archives/edgar/data/79879/000007987918000010/0000079879-18-000010-index.htm",
    "finalLink": "https://www.sec.gov/Archives/edgar/data/79879/000007987918000010/ppg201710k.htm"
  },
  {
    "date": "2017-09-30",
    "symbol": "PPG",
    "reportedCurrency": "USD",
    "cik": "0000079879",
    "fillingDate": "2017-10-20",
    "acceptedDate": "2017-10-20 14:19:46",
    "calendarYear": "2017",
    "period": "Q3",
    "revenue": 3776000000,
    "costOfRevenue": 2104000000,
    "grossProfit": 1672000000,
    "grossProfitRatio": 0.4427966102,
    "researchAndDevelopmentExpenses": 114000000,
    "generalAndAdministrativeExpenses": 894000000,
    "sellingAndMarketingExpenses": 0,
    "sellingGeneralAndAdministrativeExpenses": 894000000,
    "otherExpenses": 117000000,
    "operatingExpenses": 1125000000,
    "costAndExpenses": 3229000000,
    "interestIncome": 5000000,
    "interestExpense": 27000000,
    "depreciationAndAmortization": 117000000,
    "ebitda": 667000000,
    "ebitdaratio": 0.1766419492,
    "operatingIncome": 547000000,
    "operatingIncomeRatio": 0.1448622881,
    "totalOtherIncomeExpensesNet": -24000000,
    "incomeBeforeTax": 523000000,
    "incomeBeforeTaxRatio": 0.1385063559,
    "incomeTaxExpense": 124000000,
    "netIncome": 610000000,
    "netIncomeRatio": 0.1615466102,
    "eps": 2.38,
    "epsdiluted": 2.36,
    "weightedAverageShsOut": 256400000,
    "weightedAverageShsOutDil": 258200000,
    "link": "https://www.sec.gov/Archives/edgar/data/79879/000007987917000088/0000079879-17-000088-index.htm",
    "finalLink": "https://www.sec.gov/Archives/edgar/data/79879/000007987917000088/ppgq3201710q.htm"
  },
  {
    "date": "2017-06-30",
    "symbol": "PPG",
    "reportedCurrency": "USD",
    "cik": "0000079879",
    "fillingDate": "2017-07-21",
    "acceptedDate": "2017-07-21 16:35:56",
    "calendarYear": "2017",
    "period": "Q2",
    "revenue": 3804000000,
    "costOfRevenue": 2083000000,
    "grossProfit": 1721000000,
    "grossProfitRatio": 0.4524185068,
    "researchAndDevelopmentExpenses": 112000000,
    "generalAndAdministrativeExpenses": 876000000,
    "sellingAndMarketingExpenses": 0,
    "sellingGeneralAndAdministrativeExpenses": 876000000,
    "otherExpenses": 113000000,
    "operatingExpenses": 1101000000,
    "costAndExpenses": 3184000000,
    "interestIncome": 4000000,
    "interestExpense": 26000000,
    "depreciationAndAmortization": 113000000,
    "ebitda": 798000000,
    "ebitdaratio": 0.2097791798,
    "operatingIncome": 620000000,
    "operatingIncomeRatio": 0.1629863302,
    "totalOtherIncomeExpensesNet": 39000000,
    "incomeBeforeTax": 659000000,
    "incomeBeforeTaxRatio": 0.1732386961,
    "incomeTaxExpense": 157000000,
    "netIncome": 496000000,
    "netIncomeRatio": 0.1303890641,
    "eps": 1.93,
    "epsdiluted": 1.92,
    "weightedAverageShsOut": 257100000,
    "weightedAverageShsOutDil": 259000000,
    "link": "https://www.sec.gov/Archives/edgar/data/79879/000007987917000078/0000079879-17-000078-index.htm",
    "finalLink": "https://www.sec.gov/Archives/edgar/data/79879/000007987917000078/ppgq2201710q.htm"
  },
  {
    "date": "2017-03-31",
    "symbol": "PPG",
    "reportedCurrency": "USD",
    "cik": "0000079879",
    "fillingDate": "2017-04-24",
    "acceptedDate": "2017-04-24 13:43:19",
    "calendarYear": "2017",
    "period": "Q1",
    "revenue": 3486000000,
    "costOfRevenue": 1905000000,
    "grossProfit": 1581000000,
    "grossProfitRatio": 0.4535283993,
    "researchAndDevelopmentExpenses": 110000000,
    "generalAndAdministrativeExpenses": 904000000,
    "sellingAndMarketingExpenses": 0,
    "sellingGeneralAndAdministrativeExpenses": 904000000,
    "otherExpenses": 110000000,
    "operatingExpenses": 1124000000,
    "costAndExpenses": 3029000000,
    "interestIncome": 4000000,
    "interestExpense": 25000000,
    "depreciationAndAmortization": 110000000,
    "ebitda": 581000000,
    "ebitdaratio": 0.1666666667,
    "operatingIncome": 457000000,
    "operatingIncomeRatio": 0.1310958118,
    "totalOtherIncomeExpensesNet": -11000000,
    "incomeBeforeTax": 446000000,
    "incomeBeforeTaxRatio": 0.1279403328,
    "incomeTaxExpense": 110000000,
    "netIncome": 337000000,
    "netIncomeRatio": 0.0966724039,
    "eps": 1.31,
    "epsdiluted": 1.3,
    "weightedAverageShsOut": 257251908,
    "weightedAverageShsOutDil": 259230769,
    "link": "https://www.sec.gov/Archives/edgar/data/79879/000007987917000035/0000079879-17-000035-index.htm",
    "finalLink": "https://www.sec.gov/Archives/edgar/data/79879/000007987917000035/ppgq1201710q.htm"
  },
  {
    "date": "2016-12-31",
    "symbol": "PPG",
    "reportedCurrency": "USD",
    "cik": "0000079879",
    "fillingDate": "2017-02-16",
    "acceptedDate": "2017-02-16 16:25:25",
    "calendarYear": "2016",
    "period": "Q4",
    "revenue": 3417000000,
    "costOfRevenue": 1910000000,
    "grossProfit": 1507000000,
    "grossProfitRatio": 0.4410301434,
    "researchAndDevelopmentExpenses": 115000000,
    "generalAndAdministrativeExpenses": 868000000,
    "sellingAndMarketingExpenses": 0,
    "sellingGeneralAndAdministrativeExpenses": 868000000,
    "otherExpenses": 109000000,
    "operatingExpenses": 1092000000,
    "costAndExpenses": 3002000000,
    "interestIncome": 6000000,
    "interestExpense": 29000000,
    "depreciationAndAmortization": 109000000,
    "ebitda": 269000000,
    "ebitdaratio": 0.0787240269,
    "operatingIncome": 415000000,
    "operatingIncomeRatio": 0.1214515657,
    "totalOtherIncomeExpensesNet": -284000000,
    "incomeBeforeTax": 131000000,
    "incomeBeforeTaxRatio": 0.0383377231,
    "incomeTaxExpense": 40000000,
    "netIncome": 340000000,
    "netIncomeRatio": 0.0995024876,
    "eps": 1.31,
    "epsdiluted": 1.3,
    "weightedAverageShsOut": 262000000,
    "weightedAverageShsOutDil": 263700000,
    "link": "https://www.sec.gov/Archives/edgar/data/79879/000007987917000009/0000079879-17-000009-index.htm",
    "finalLink": "https://www.sec.gov/Archives/edgar/data/79879/000007987917000009/ppg201610k.htm"
  },
  {
    "date": "2016-09-30",
    "symbol": "PPG",
    "reportedCurrency": "USD",
    "cik": "0000079879",
    "fillingDate": "2016-10-21",
    "acceptedDate": "2016-10-21 16:23:16",
    "calendarYear": "2016",
    "period": "Q3",
    "revenue": 3660000000,
    "costOfRevenue": 1978000000,
    "grossProfit": 1682000000,
    "grossProfitRatio": 0.4595628415,
    "researchAndDevelopmentExpenses": 115000000,
    "generalAndAdministrativeExpenses": 1861000000,
    "sellingAndMarketingExpenses": 0,
    "sellingGeneralAndAdministrativeExpenses": 1861000000,
    "otherExpenses": 113000000,
    "operatingExpenses": 2089000000,
    "costAndExpenses": 4067000000,
    "interestIncome": 6000000,
    "interestExpense": 34000000,
    "depreciationAndAmortization": 113000000,
    "ebitda": -279000000,
    "ebitdaratio": -0.0762295082,
    "operatingIncome": -407000000,
    "operatingIncomeRatio": -0.1112021858,
    "totalOtherIncomeExpensesNet": -19000000,
    "incomeBeforeTax": -426000000,
    "incomeBeforeTaxRatio": -0.1163934426,
    "incomeTaxExpense": -220000000,
    "netIncome": -184000000,
    "netIncomeRatio": -0.050273224,
    "eps": -0.69,
    "epsdiluted": -0.69,
    "weightedAverageShsOut": 266300000,
    "weightedAverageShsOutDil": 266300000,
    "link": "https://www.sec.gov/Archives/edgar/data/79879/000007987916000118/0000079879-16-000118-index.htm",
    "finalLink": "https://www.sec.gov/Archives/edgar/data/79879/000007987916000118/ppgq3201610q.htm"
  },
  {
    "date": "2016-06-30",
    "symbol": "PPG",
    "reportedCurrency": "USD",
    "cik": "0000079879",
    "fillingDate": "2016-07-22",
    "acceptedDate": "2016-07-22 16:17:07",
    "calendarYear": "2016",
    "period": "Q2",
    "revenue": 3782000000,
    "costOfRevenue": 1988000000,
    "grossProfit": 1794000000,
    "grossProfitRatio": 0.4743521946,
    "researchAndDevelopmentExpenses": 115000000,
    "generalAndAdministrativeExpenses": 930000000,
    "sellingAndMarketingExpenses": 0,
    "sellingGeneralAndAdministrativeExpenses": 930000000,
    "otherExpenses": 109000000,
    "operatingExpenses": 1154000000,
    "costAndExpenses": 3142000000,
    "interestIncome": 7000000,
    "interestExpense": 31000000,
    "depreciationAndAmortization": 103000000,
    "ebitda": 770000000,
    "ebitdaratio": 0.203595981,
    "operatingIncome": 640000000,
    "operatingIncomeRatio": 0.1692226335,
    "totalOtherIncomeExpensesNet": -10000000,
    "incomeBeforeTax": 630000000,
    "incomeBeforeTaxRatio": 0.1665785299,
    "incomeTaxExpense": 285000000,
    "netIncome": 370000000,
    "netIncomeRatio": 0.097831835,
    "eps": 1.38,
    "epsdiluted": 1.37,
    "weightedAverageShsOut": 267200000,
    "weightedAverageShsOutDil": 269100000,
    "link": "https://www.sec.gov/Archives/edgar/data/79879/000007987916000095/0000079879-16-000095-index.htm",
    "finalLink": "https://www.sec.gov/Archives/edgar/data/79879/000007987916000095/ppgq2201610q.htm"
  },
  {
    "date": "2016-03-31",
    "symbol": "PPG",
    "reportedCurrency": "USD",
    "cik": "0000079879",
    "fillingDate": "2016-04-21",
    "acceptedDate": "2016-04-21 16:21:02",
    "calendarYear": "2016",
    "period": "Q1",
    "revenue": 3411000000,
    "costOfRevenue": 1817000000,
    "grossProfit": 1594000000,
    "grossProfitRatio": 0.4673116388,
    "researchAndDevelopmentExpenses": 114000000,
    "generalAndAdministrativeExpenses": 897000000,
    "sellingAndMarketingExpenses": 0,
    "sellingGeneralAndAdministrativeExpenses": 897000000,
    "otherExpenses": 109000000,
    "operatingExpenses": 1120000000,
    "costAndExpenses": 2937000000,
    "interestIncome": 7000000,
    "interestExpense": 31000000,
    "depreciationAndAmortization": 115000000,
    "ebitda": 590000000,
    "ebitdaratio": 0.1729698036,
    "operatingIncome": 474000000,
    "operatingIncomeRatio": 0.1389621812,
    "totalOtherIncomeExpensesNet": -30000000,
    "incomeBeforeTax": 444000000,
    "incomeBeforeTaxRatio": 0.1301671064,
    "incomeTaxExpense": 109000000,
    "netIncome": 347000000,
    "netIncomeRatio": 0.101729698,
    "eps": 1.3,
    "epsdiluted": 1.29,
    "weightedAverageShsOut": 266923077,
    "weightedAverageShsOutDil": 268992248,
    "link": "https://www.sec.gov/Archives/edgar/data/79879/000007987916000071/0000079879-16-000071-index.htm",
    "finalLink": "https://www.sec.gov/Archives/edgar/data/79879/000007987916000071/ppgq1201610q.htm"
  },
  {
    "date": "2015-12-31",
    "symbol": "PPG",
    "reportedCurrency": "USD",
    "cik": "0000079879",
    "fillingDate": "2016-02-18",
    "acceptedDate": "2016-02-18 14:48:14",
    "calendarYear": "2015",
    "period": "Q4",
    "revenue": 3696000000,
    "costOfRevenue": 2093000000,
    "grossProfit": 1603000000,
    "grossProfitRatio": 0.4337121212,
    "researchAndDevelopmentExpenses": 125000000,
    "generalAndAdministrativeExpenses": 922000000,
    "sellingAndMarketingExpenses": 0,
    "sellingGeneralAndAdministrativeExpenses": 922000000,
    "otherExpenses": 125000000,
    "operatingExpenses": 1172000000,
    "costAndExpenses": 3265000000,
    "interestIncome": 9000000,
    "interestExpense": 32000000,
    "depreciationAndAmortization": 125000000,
    "ebitda": 576000000,
    "ebitdaratio": 0.1558441558,
    "operatingIncome": 431000000,
    "operatingIncomeRatio": 0.1166125541,
    "totalOtherIncomeExpensesNet": -12000000,
    "incomeBeforeTax": 419000000,
    "incomeBeforeTaxRatio": 0.1133658009,
    "incomeTaxExpense": 100000000,
    "netIncome": 314000000,
    "netIncomeRatio": 0.08495671,
    "eps": 1.17,
    "epsdiluted": 1.16,
    "weightedAverageShsOut": 269200000,
    "weightedAverageShsOutDil": 271200000,
    "link": "https://www.sec.gov/Archives/edgar/data/79879/000007987916000065/0000079879-16-000065-index.htm",
    "finalLink": "https://www.sec.gov/Archives/edgar/data/79879/000007987916000065/ppg-20151231x10k.htm"
  },
  {
    "date": "2015-09-30",
    "symbol": "PPG",
    "reportedCurrency": "USD",
    "cik": "0000079879",
    "fillingDate": "2015-10-26",
    "acceptedDate": "2015-10-26 17:09:02",
    "calendarYear": "2015",
    "period": "Q3",
    "revenue": 3725000000,
    "costOfRevenue": 2049000000,
    "grossProfit": 1676000000,
    "grossProfitRatio": 0.4499328859,
    "researchAndDevelopmentExpenses": 117000000,
    "generalAndAdministrativeExpenses": 875000000,
    "sellingAndMarketingExpenses": 0,
    "sellingGeneralAndAdministrativeExpenses": 875000000,
    "otherExpenses": 120000000,
    "operatingExpenses": 1112000000,
    "costAndExpenses": 3161000000,
    "interestIncome": 10000000,
    "interestExpense": 31000000,
    "depreciationAndAmortization": 107000000,
    "ebitda": 705000000,
    "ebitdaratio": 0.189261745,
    "operatingIncome": 564000000,
    "operatingIncomeRatio": 0.151409396,
    "totalOtherIncomeExpensesNet": -10000000,
    "incomeBeforeTax": 554000000,
    "incomeBeforeTaxRatio": 0.1487248322,
    "incomeTaxExpense": 133000000,
    "netIncome": 433000000,
    "netIncomeRatio": 0.1162416107,
    "eps": 1.6,
    "epsdiluted": 1.59,
    "weightedAverageShsOut": 271100000,
    "weightedAverageShsOutDil": 273100000,
    "link": "https://www.sec.gov/Archives/edgar/data/79879/000007987915000051/0000079879-15-000051-index.htm",
    "finalLink": "https://www.sec.gov/Archives/edgar/data/79879/000007987915000051/ppg930201510q.htm"
  },
  {
    "date": "2015-06-30",
    "symbol": "PPG",
    "reportedCurrency": "USD",
    "cik": "0000079879",
    "fillingDate": "2015-07-27",
    "acceptedDate": "2015-07-27 16:23:25",
    "calendarYear": "2015",
    "period": "Q2",
    "revenue": 4100000000,
    "costOfRevenue": 2283000000,
    "grossProfit": 1817000000,
    "grossProfitRatio": 0.4431707317,
    "researchAndDevelopmentExpenses": 123000000,
    "generalAndAdministrativeExpenses": 954000000,
    "sellingAndMarketingExpenses": 0,
    "sellingGeneralAndAdministrativeExpenses": 954000000,
    "otherExpenses": 125000000,
    "operatingExpenses": 1202000000,
    "costAndExpenses": 3485000000,
    "interestIncome": 10000000,
    "interestExpense": 34000000,
    "depreciationAndAmortization": 125000000,
    "ebitda": 611000000,
    "ebitdaratio": 0.1490243902,
    "operatingIncome": 615000000,
    "operatingIncomeRatio": 0.15,
    "totalOtherIncomeExpensesNet": -163000000,
    "incomeBeforeTax": 452000000,
    "incomeBeforeTaxRatio": 0.1102439024,
    "incomeTaxExpense": 110000000,
    "netIncome": 337000000,
    "netIncomeRatio": 0.082195122,
    "eps": 1.24,
    "epsdiluted": 1.23,
    "weightedAverageShsOut": 272500000,
    "weightedAverageShsOutDil": 274700000,
    "link": "https://www.sec.gov/Archives/edgar/data/79879/000007987915000043/0000079879-15-000043-index.htm",
    "finalLink": "https://www.sec.gov/Archives/edgar/data/79879/000007987915000043/ppg630201510q.htm"
  },
  {
    "date": "2015-03-31",
    "symbol": "PPG",
    "reportedCurrency": "USD",
    "cik": "0000079879",
    "fillingDate": "2015-04-27",
    "acceptedDate": "2015-04-27 17:26:15",
    "calendarYear": "2015",
    "period": "Q1",
    "revenue": 3662000000,
    "costOfRevenue": 2065000000,
    "grossProfit": 1597000000,
    "grossProfitRatio": 0.4361004915,
    "researchAndDevelopmentExpenses": 119000000,
    "generalAndAdministrativeExpenses": 914000000,
    "sellingAndMarketingExpenses": 0,
    "sellingGeneralAndAdministrativeExpenses": 914000000,
    "otherExpenses": 120000000,
    "operatingExpenses": 1153000000,
    "costAndExpenses": 3218000000,
    "interestIncome": 11000000,
    "interestExpense": 29000000,
    "depreciationAndAmortization": 120000000,
    "ebitda": 579000000,
    "ebitdaratio": 0.1581103222,
    "operatingIncome": 444000000,
    "operatingIncomeRatio": 0.1212452212,
    "totalOtherIncomeExpensesNet": -14000000,
    "incomeBeforeTax": 430000000,
    "incomeBeforeTaxRatio": 0.1174221737,
    "incomeTaxExpense": 104000000,
    "netIncome": 322000000,
    "netIncomeRatio": 0.0879300928,
    "eps": 1.18,
    "epsdiluted": 1.17,
    "weightedAverageShsOut": 273200000,
    "weightedAverageShsOutDil": 275600000,
    "link": "https://www.sec.gov/Archives/edgar/data/79879/000007987915000026/0000079879-15-000026-index.htm",
    "finalLink": "https://www.sec.gov/Archives/edgar/data/79879/000007987915000026/ppg331201510q.htm"
  },
  {
    "date": "2014-12-31",
    "symbol": "PPG",
    "reportedCurrency": "USD",
    "cik": "0000079879",
    "fillingDate": "2015-02-19",
    "acceptedDate": "2015-02-19 11:42:21",
    "calendarYear": "2014",
    "period": "Q4",
    "revenue": 3707000000,
    "costOfRevenue": 2165000000,
    "grossProfit": 1542000000,
    "grossProfitRatio": 0.4159697869,
    "researchAndDevelopmentExpenses": 126000000,
    "generalAndAdministrativeExpenses": 932000000,
    "sellingAndMarketingExpenses": 0,
    "sellingGeneralAndAdministrativeExpenses": 932000000,
    "otherExpenses": 123000000,
    "operatingExpenses": 1181000000,
    "costAndExpenses": 3346000000,
    "interestIncome": 12000000,
    "interestExpense": 45000000,
    "depreciationAndAmortization": 123000000,
    "ebitda": 189000000,
    "ebitdaratio": 0.0509846237,
    "operatingIncome": 361000000,
    "operatingIncomeRatio": 0.0973833288,
    "totalOtherIncomeExpensesNet": -340000000,
    "incomeBeforeTax": 21000000,
    "incomeBeforeTaxRatio": 0.0056649582,
    "incomeTaxExpense": -71000000,
    "netIncome": 83000000,
    "netIncomeRatio": 0.0223900728,
    "eps": 0.31,
    "epsdiluted": 0.3,
    "weightedAverageShsOut": 274600000,
    "weightedAverageShsOutDil": 277600000,
    "link": "https://www.sec.gov/Archives/edgar/data/79879/000007987915000009/0000079879-15-000009-index.htm",
    "finalLink": "https://www.sec.gov/Archives/edgar/data/79879/000007987915000009/ppg-20141231x10k.htm"
  },
  {
    "date": "2014-09-30",
    "symbol": "PPG",
    "reportedCurrency": "USD",
    "cik": "0000079879",
    "fillingDate": "2014-10-24",
    "acceptedDate": "2014-10-24 13:36:49",
    "calendarYear": "2014",
    "period": "Q3",
    "revenue": 3935000000,
    "costOfRevenue": 2229000000,
    "grossProfit": 1706000000,
    "grossProfitRatio": 0.433545108,
    "researchAndDevelopmentExpenses": 120000000,
    "generalAndAdministrativeExpenses": 941000000,
    "sellingAndMarketingExpenses": 0,
    "sellingGeneralAndAdministrativeExpenses": 941000000,
    "otherExpenses": 119000000,
    "operatingExpenses": 1180000000,
    "costAndExpenses": 3409000000,
    "interestIncome": 13000000,
    "interestExpense": 47000000,
    "depreciationAndAmortization": 119000000,
    "ebitda": 665000000,
    "ebitdaratio": 0.1689961881,
    "operatingIncome": 526000000,
    "operatingIncomeRatio": 0.1336721728,
    "totalOtherIncomeExpensesNet": -27000000,
    "incomeBeforeTax": 499000000,
    "incomeBeforeTaxRatio": 0.1268106734,
    "incomeTaxExpense": 116000000,
    "netIncome": 371000000,
    "netIncomeRatio": 0.0942820839,
    "eps": 1.35,
    "epsdiluted": 1.33,
    "weightedAverageShsOut": 276400000,
    "weightedAverageShsOutDil": 279400000,
    "link": "https://www.sec.gov/Archives/edgar/data/79879/000007987914000064/0000079879-14-000064-index.htm",
    "finalLink": "https://www.sec.gov/Archives/edgar/data/79879/000007987914000064/ppg930201410q.htm"
  },
  {
    "date": "2014-06-30",
    "symbol": "PPG",
    "reportedCurrency": "USD",
    "cik": "0000079879",
    "fillingDate": "2014-07-23",
    "acceptedDate": "2014-07-23 16:17:07",
    "calendarYear": "2014",
    "period": "Q2",
    "revenue": 4082000000,
    "costOfRevenue": 2306000000,
    "grossProfit": 1776000000,
    "grossProfitRatio": 0.4350808427,
    "researchAndDevelopmentExpenses": 126000000,
    "generalAndAdministrativeExpenses": 985000000,
    "sellingAndMarketingExpenses": 0,
    "sellingGeneralAndAdministrativeExpenses": 985000000,
    "otherExpenses": 115000000,
    "operatingExpenses": 1226000000,
    "costAndExpenses": 3532000000,
    "interestIncome": 13000000,
    "interestExpense": 48000000,
    "depreciationAndAmortization": 115000000,
    "ebitda": 687000000,
    "ebitdaratio": 0.168299853,
    "operatingIncome": 550000000,
    "operatingIncomeRatio": 0.1347378736,
    "totalOtherIncomeExpensesNet": -26000000,
    "incomeBeforeTax": 524000000,
    "incomeBeforeTaxRatio": 0.1283684468,
    "incomeTaxExpense": 125000000,
    "netIncome": 386000000,
    "netIncomeRatio": 0.0945614895,
    "eps": 1.39,
    "epsdiluted": 1.38,
    "weightedAverageShsOut": 277200000,
    "weightedAverageShsOutDil": 280200000,
    "link": "https://www.sec.gov/Archives/edgar/data/79879/000007987914000054/0000079879-14-000054-index.htm",
    "finalLink": "https://www.sec.gov/Archives/edgar/data/79879/000007987914000054/ppg630201410q.htm"
  },
  {
    "date": "2014-03-31",
    "symbol": "PPG",
    "reportedCurrency": "USD",
    "cik": "0000079879",
    "fillingDate": "2014-04-24",
    "acceptedDate": "2014-04-24 15:08:13",
    "calendarYear": "2014",
    "period": "Q1",
    "revenue": 3636000000,
    "costOfRevenue": 2091000000,
    "grossProfit": 1545000000,
    "grossProfitRatio": 0.4249174917,
    "researchAndDevelopmentExpenses": 120000000,
    "generalAndAdministrativeExpenses": 900000000,
    "sellingAndMarketingExpenses": 0,
    "sellingGeneralAndAdministrativeExpenses": 900000000,
    "otherExpenses": 119000000,
    "operatingExpenses": 1139000000,
    "costAndExpenses": 3230000000,
    "interestIncome": 12000000,
    "interestExpense": 47000000,
    "depreciationAndAmortization": 119000000,
    "ebitda": 538000000,
    "ebitdaratio": 0.1479647965,
    "operatingIncome": 406000000,
    "operatingIncomeRatio": 0.1116611661,
    "totalOtherIncomeExpensesNet": -34000000,
    "incomeBeforeTax": 372000000,
    "incomeBeforeTaxRatio": 0.102310231,
    "incomeTaxExpense": 89000000,
    "netIncome": 1262000000,
    "netIncomeRatio": 0.3470847085,
    "eps": 4.54,
    "epsdiluted": 4.49,
    "weightedAverageShsOut": 278200000,
    "weightedAverageShsOutDil": 281400000,
    "link": "https://www.sec.gov/Archives/edgar/data/79879/000007987914000032/0000079879-14-000032-index.htm",
    "finalLink": "https://www.sec.gov/Archives/edgar/data/79879/000007987914000032/ppg331201410q.htm"
  },
  {
    "date": "2013-12-31",
    "symbol": "PPG",
    "reportedCurrency": "USD",
    "cik": "0000079879",
    "fillingDate": "2014-02-20",
    "acceptedDate": "2014-02-20 11:41:47",
    "calendarYear": "2013",
    "period": "Q4",
    "revenue": 3702000000,
    "costOfRevenue": 2108000000,
    "grossProfit": 1594000000,
    "grossProfitRatio": 0.4305780659,
    "researchAndDevelopmentExpenses": 126000000,
    "generalAndAdministrativeExpenses": 957000000,
    "sellingAndMarketingExpenses": 0,
    "sellingGeneralAndAdministrativeExpenses": 957000000,
    "otherExpenses": 125000000,
    "operatingExpenses": 1208000000,
    "costAndExpenses": 3316000000,
    "interestIncome": 13000000,
    "interestExpense": 48000000,
    "depreciationAndAmortization": 125000000,
    "ebitda": 546000000,
    "ebitdaratio": 0.1474878444,
    "operatingIncome": 386000000,
    "operatingIncomeRatio": 0.1042679633,
    "totalOtherIncomeExpensesNet": -13000000,
    "incomeBeforeTax": 373000000,
    "incomeBeforeTaxRatio": 0.1007563479,
    "incomeTaxExpense": 91000000,
    "netIncome": 254000000,
    "netIncomeRatio": 0.0686115613,
    "eps": 0.9,
    "epsdiluted": 0.89,
    "weightedAverageShsOut": 281600000,
    "weightedAverageShsOutDil": 285200000,
    "link": "https://www.sec.gov/Archives/edgar/data/79879/000007987914000010/0000079879-14-000010-index.htm",
    "finalLink": "https://www.sec.gov/Archives/edgar/data/79879/000007987914000010/ppg-20131231x10k.htm"
  },
  {
    "date": "2013-09-30",
    "symbol": "PPG",
    "reportedCurrency": "USD",
    "cik": "0000079879",
    "fillingDate": "2013-10-28",
    "acceptedDate": "2013-10-28 13:32:34",
    "calendarYear": "2013",
    "period": "Q3",
    "revenue": 3774000000,
    "costOfRevenue": 2161000000,
    "grossProfit": 1613000000,
    "grossProfitRatio": 0.4273979862,
    "researchAndDevelopmentExpenses": 117000000,
    "generalAndAdministrativeExpenses": 910000000,
    "sellingAndMarketingExpenses": 0,
    "sellingGeneralAndAdministrativeExpenses": 910000000,
    "otherExpenses": 113000000,
    "operatingExpenses": 1140000000,
    "costAndExpenses": 3301000000,
    "interestIncome": 11000000,
    "interestExpense": 48000000,
    "depreciationAndAmortization": 113000000,
    "ebitda": 408000000,
    "ebitdaratio": 0.1081081081,
    "operatingIncome": 473000000,
    "operatingIncomeRatio": 0.1253312136,
    "totalOtherIncomeExpensesNet": -226000000,
    "incomeBeforeTax": 247000000,
    "incomeBeforeTaxRatio": 0.0654478007,
    "incomeTaxExpense": 40000000,
    "netIncome": 226000000,
    "netIncomeRatio": 0.0598834128,
    "eps": 0.79,
    "epsdiluted": 0.78,
    "weightedAverageShsOut": 286400000,
    "weightedAverageShsOutDil": 289800000,
    "link": "https://www.sec.gov/Archives/edgar/data/79879/000007987913000058/0000079879-13-000058-index.htm",
    "finalLink": "https://www.sec.gov/Archives/edgar/data/79879/000007987913000058/ppg930201310q.htm"
  },
  {
    "date": "2013-06-30",
    "symbol": "PPG",
    "reportedCurrency": "USD",
    "cik": "0000079879",
    "fillingDate": "2013-07-29",
    "acceptedDate": "2013-07-29 14:02:32",
    "calendarYear": "2013",
    "period": "Q2",
    "revenue": 3883000000,
    "costOfRevenue": 2263000000,
    "grossProfit": 1620000000,
    "grossProfitRatio": 0.4172031934,
    "researchAndDevelopmentExpenses": 118000000,
    "generalAndAdministrativeExpenses": 925000000,
    "sellingAndMarketingExpenses": 0,
    "sellingGeneralAndAdministrativeExpenses": 925000000,
    "otherExpenses": 119000000,
    "operatingExpenses": 1162000000,
    "costAndExpenses": 3425000000,
    "interestIncome": 9000000,
    "interestExpense": 47000000,
    "depreciationAndAmortization": 119000000,
    "ebitda": 588000000,
    "ebitdaratio": 0.1514293072,
    "operatingIncome": 458000000,
    "operatingIncomeRatio": 0.1179500386,
    "totalOtherIncomeExpensesNet": -36000000,
    "incomeBeforeTax": 422000000,
    "incomeBeforeTaxRatio": 0.1086788566,
    "incomeTaxExpense": 98000000,
    "netIncome": 341000000,
    "netIncomeRatio": 0.0878186969,
    "eps": 1.19,
    "epsdiluted": 1.18,
    "weightedAverageShsOut": 286800000,
    "weightedAverageShsOutDil": 290000000,
    "link": "https://www.sec.gov/Archives/edgar/data/79879/000007987913000047/0000079879-13-000047-index.htm",
    "finalLink": "https://www.sec.gov/Archives/edgar/data/79879/000007987913000047/ppg630201310q.htm"
  },
  {
    "date": "2013-03-31",
    "symbol": "PPG",
    "reportedCurrency": "USD",
    "cik": "0000079879",
    "fillingDate": "2013-04-29",
    "acceptedDate": "2013-04-29 13:52:51",
    "calendarYear": "2013",
    "period": "Q1",
    "revenue": 3108000000,
    "costOfRevenue": 1862000000,
    "grossProfit": 1246000000,
    "grossProfitRatio": 0.4009009009,
    "researchAndDevelopmentExpenses": 109000000,
    "generalAndAdministrativeExpenses": 746000000,
    "sellingAndMarketingExpenses": 0,
    "sellingGeneralAndAdministrativeExpenses": 746000000,
    "otherExpenses": 101000000,
    "operatingExpenses": 956000000,
    "costAndExpenses": 2818000000,
    "interestIncome": 10000000,
    "interestExpense": 53000000,
    "depreciationAndAmortization": 101000000,
    "ebitda": 395000000,
    "ebitdaratio": 0.1270913771,
    "operatingIncome": 290000000,
    "operatingIncomeRatio": 0.0933075933,
    "totalOtherIncomeExpensesNet": -49000000,
    "incomeBeforeTax": 241000000,
    "incomeBeforeTaxRatio": 0.0775418275,
    "incomeTaxExpense": 44000000,
    "netIncome": 2410000000,
    "netIncomeRatio": 0.7754182754,
    "eps": 8.24,
    "epsdiluted": 8.15,
    "weightedAverageShsOut": 292200000,
    "weightedAverageShsOutDil": 295400000,
    "link": "https://www.sec.gov/Archives/edgar/data/79879/000007987913000033/0000079879-13-000033-index.htm",
    "finalLink": "https://www.sec.gov/Archives/edgar/data/79879/000007987913000033/ppg331201310q.htm"
  },
  {
    "date": "2012-12-31",
    "symbol": "PPG",
    "reportedCurrency": "USD",
    "cik": "0000079879",
    "fillingDate": "2013-02-21",
    "acceptedDate": "2013-02-21 10:37:46",
    "calendarYear": "2012",
    "period": "Q4",
    "revenue": 3648000000,
    "costOfRevenue": 2200000000,
    "grossProfit": 1448000000,
    "grossProfitRatio": 0.3969298246,
    "researchAndDevelopmentExpenses": 118000000,
    "generalAndAdministrativeExpenses": 0,
    "sellingAndMarketingExpenses": 0,
    "sellingGeneralAndAdministrativeExpenses": 847000000,
    "otherExpenses": 117000000,
    "operatingExpenses": 1082000000,
    "costAndExpenses": 3282000000,
    "interestIncome": 10000000,
    "interestExpense": 55000000,
    "depreciationAndAmortization": 117000000,
    "ebitda": 510000000,
    "ebitdaratio": 0.1398026316,
    "operatingIncome": 366000000,
    "operatingIncomeRatio": 0.1003289474,
    "totalOtherIncomeExpensesNet": -28000000,
    "incomeBeforeTax": 338000000,
    "incomeBeforeTaxRatio": 0.0926535088,
    "incomeTaxExpense": 85000000,
    "netIncome": 227000000,
    "netIncomeRatio": 0.0622258772,
    "eps": 0.74,
    "epsdiluted": 0.73,
    "weightedAverageShsOut": 308200000,
    "weightedAverageShsOutDil": 312200000,
    "link": "https://www.sec.gov/Archives/edgar/data/79879/000007987913000016/0000079879-13-000016-index.htm",
    "finalLink": "https://www.sec.gov/Archives/edgar/data/79879/000007987913000016/ppg-20121231x10k.htm"
  },
  {
    "date": "2012-09-30",
    "symbol": "PPG",
    "reportedCurrency": "USD",
    "cik": "0000079879",
    "fillingDate": "2012-10-29",
    "acceptedDate": "2012-10-29 13:37:25",
    "calendarYear": "2012",
    "period": "Q3",
    "revenue": 3408000000,
    "costOfRevenue": 1983000000,
    "grossProfit": 1425000000,
    "grossProfitRatio": 0.4181338028,
    "researchAndDevelopmentExpenses": 112000000,
    "generalAndAdministrativeExpenses": 779000000,
    "sellingAndMarketingExpenses": 0,
    "sellingGeneralAndAdministrativeExpenses": 779000000,
    "otherExpenses": 105000000,
    "operatingExpenses": 996000000,
    "costAndExpenses": 2979000000,
    "interestIncome": 10000000,
    "interestExpense": 54000000,
    "depreciationAndAmortization": 104000000,
    "ebitda": 561000000,
    "ebitdaratio": 0.1646126761,
    "operatingIncome": 429000000,
    "operatingIncomeRatio": 0.1258802817,
    "totalOtherIncomeExpensesNet": -27000000,
    "incomeBeforeTax": 402000000,
    "incomeBeforeTaxRatio": 0.1179577465,
    "incomeTaxExpense": 92000000,
    "netIncome": 339000000,
    "netIncomeRatio": 0.099471831,
    "eps": 1.11,
    "epsdiluted": 1.09,
    "weightedAverageShsOut": 307400000,
    "weightedAverageShsOutDil": 311000000,
    "link": "https://www.sec.gov/Archives/edgar/data/79879/000007987912000018/0000079879-12-000018-index.htm",
    "finalLink": "https://www.sec.gov/Archives/edgar/data/79879/000007987912000018/ppg930201210q.htm"
  },
  {
    "date": "2012-06-30",
    "symbol": "PPG",
    "reportedCurrency": "USD",
    "cik": "0000079879",
    "fillingDate": "2012-07-30",
    "acceptedDate": "2012-07-30 14:47:23",
    "calendarYear": "2012",
    "period": "Q2",
    "revenue": 3528000000,
    "costOfRevenue": 2066000000,
    "grossProfit": 1462000000,
    "grossProfitRatio": 0.414399093,
    "researchAndDevelopmentExpenses": 113000000,
    "generalAndAdministrativeExpenses": 792000000,
    "sellingAndMarketingExpenses": 0,
    "sellingGeneralAndAdministrativeExpenses": 792000000,
    "otherExpenses": 102000000,
    "operatingExpenses": 1007000000,
    "costAndExpenses": 3073000000,
    "interestIncome": 9000000,
    "interestExpense": 50000000,
    "depreciationAndAmortization": 103000000,
    "ebitda": 579000000,
    "ebitdaratio": 0.1641156463,
    "operatingIncome": 455000000,
    "operatingIncomeRatio": 0.128968254,
    "totalOtherIncomeExpensesNet": -29000000,
    "incomeBeforeTax": 426000000,
    "incomeBeforeTaxRatio": 0.1207482993,
    "incomeTaxExpense": 98000000,
    "netIncome": 362000000,
    "netIncomeRatio": 0.1026077098,
    "eps": 1.19,
    "epsdiluted": 1.17,
    "weightedAverageShsOut": 306400000,
    "weightedAverageShsOutDil": 310000000,
    "link": "https://www.sec.gov/Archives/edgar/data/79879/000119312512322176/0001193125-12-322176-index.htm",
    "finalLink": "https://www.sec.gov/Archives/edgar/data/79879/000119312512322176/d361660d10q.htm"
  },
  {
    "date": "2012-03-31",
    "symbol": "PPG",
    "reportedCurrency": "USD",
    "cik": "0000079879",
    "fillingDate": "2012-04-30",
    "acceptedDate": "2012-04-30 13:40:09",
    "calendarYear": "2012",
    "period": "Q1",
    "revenue": 3333000000,
    "costOfRevenue": 1946000000,
    "grossProfit": 1387000000,
    "grossProfitRatio": 0.4161416142,
    "researchAndDevelopmentExpenses": 110000000,
    "generalAndAdministrativeExpenses": 823000000,
    "sellingAndMarketingExpenses": 0,
    "sellingGeneralAndAdministrativeExpenses": 823000000,
    "otherExpenses": 108000000,
    "operatingExpenses": 1041000000,
    "costAndExpenses": 2987000000,
    "interestIncome": 10000000,
    "interestExpense": 51000000,
    "depreciationAndAmortization": 108000000,
    "ebitda": 112000000,
    "ebitdaratio": 0.0336033603,
    "operatingIncome": 346000000,
    "operatingIncomeRatio": 0.103810381,
    "totalOtherIncomeExpensesNet": -393000000,
    "incomeBeforeTax": -47000000,
    "incomeBeforeTaxRatio": -0.0141014101,
    "incomeTaxExpense": -31000000,
    "netIncome": 13000000,
    "netIncomeRatio": 0.00390039,
    "eps": 0.04,
    "epsdiluted": 0.04,
    "weightedAverageShsOut": 305600000,
    "weightedAverageShsOutDil": 309000000,
    "link": "https://www.sec.gov/Archives/edgar/data/79879/000119312512194978/0001193125-12-194978-index.htm",
    "finalLink": "https://www.sec.gov/Archives/edgar/data/79879/000119312512194978/d323902d10q.htm"
  },
  {
    "date": "2011-12-31",
    "symbol": "PPG",
    "reportedCurrency": "USD",
    "cik": "0000079879",
    "fillingDate": "2012-02-16",
    "acceptedDate": "2012-02-16 11:47:39",
    "calendarYear": "2011",
    "period": "Q4",
    "revenue": 3517000000,
    "costOfRevenue": 2184000000,
    "grossProfit": 1333000000,
    "grossProfitRatio": 0.379016207,
    "researchAndDevelopmentExpenses": 109000000,
    "generalAndAdministrativeExpenses": 0,
    "sellingAndMarketingExpenses": 0,
    "sellingGeneralAndAdministrativeExpenses": 802000000,
    "otherExpenses": 115000000,
    "operatingExpenses": 1026000000,
    "costAndExpenses": 3210000000,
    "interestIncome": 10000000,
    "interestExpense": 51000000,
    "depreciationAndAmortization": 115000000,
    "ebitda": 450000000,
    "ebitdaratio": 0.1279499574,
    "operatingIncome": 307000000,
    "operatingIncomeRatio": 0.0872903042,
    "totalOtherIncomeExpensesNet": -23000000,
    "incomeBeforeTax": 284000000,
    "incomeBeforeTaxRatio": 0.0807506397,
    "incomeTaxExpense": 45000000,
    "netIncome": 216000000,
    "netIncomeRatio": 0.0614159795,
    "eps": 0.71,
    "epsdiluted": 0.71,
    "weightedAverageShsOut": 305600000,
    "weightedAverageShsOutDil": 305600000,
    "link": "https://www.sec.gov/Archives/edgar/data/79879/000119312512064763/0001193125-12-064763-index.htm",
    "finalLink": "https://www.sec.gov/Archives/edgar/data/79879/000119312512064763/d260697d10k.htm"
  },
  {
    "date": "2011-09-30",
    "symbol": "PPG",
    "reportedCurrency": "USD",
    "cik": "0000079879",
    "fillingDate": "2011-10-31",
    "acceptedDate": "2011-10-31 13:33:06",
    "calendarYear": "2011",
    "period": "Q3",
    "revenue": 3849000000,
    "costOfRevenue": 2353000000,
    "grossProfit": 1496000000,
    "grossProfitRatio": 0.3886723824,
    "researchAndDevelopmentExpenses": 108000000,
    "generalAndAdministrativeExpenses": 0,
    "sellingAndMarketingExpenses": 0,
    "sellingGeneralAndAdministrativeExpenses": 806000000,
    "otherExpenses": 116000000,
    "operatingExpenses": 1030000000,
    "costAndExpenses": 3383000000,
    "interestIncome": 11000000,
    "interestExpense": 51000000,
    "depreciationAndAmortization": 116000000,
    "ebitda": 629000000,
    "ebitdaratio": 0.1634190699,
    "operatingIncome": 466000000,
    "operatingIncomeRatio": 0.1210704079,
    "totalOtherIncomeExpensesNet": -4000000,
    "incomeBeforeTax": 462000000,
    "incomeBeforeTaxRatio": 0.1200311769,
    "incomeTaxExpense": 120000000,
    "netIncome": 311000000,
    "netIncomeRatio": 0.0808002078,
    "eps": 0.99,
    "epsdiluted": 0.98,
    "weightedAverageShsOut": 313600000,
    "weightedAverageShsOutDil": 317200000,
    "link": "https://www.sec.gov/Archives/edgar/data/79879/000119312511288218/0001193125-11-288218-index.htm",
    "finalLink": "https://www.sec.gov/Archives/edgar/data/79879/000119312511288218/d233076d10q.htm"
  },
  {
    "date": "2011-06-30",
    "symbol": "PPG",
    "reportedCurrency": "USD",
    "cik": "0000079879",
    "fillingDate": "2011-08-01",
    "acceptedDate": "2011-08-01 15:26:18",
    "calendarYear": "2011",
    "period": "Q2",
    "revenue": 3986000000,
    "costOfRevenue": 2417000000,
    "grossProfit": 1569000000,
    "grossProfitRatio": 0.3936276969,
    "researchAndDevelopmentExpenses": 110000000,
    "generalAndAdministrativeExpenses": 0,
    "sellingAndMarketingExpenses": 0,
    "sellingGeneralAndAdministrativeExpenses": 829000000,
    "otherExpenses": 119000000,
    "operatingExpenses": 1058000000,
    "costAndExpenses": 3475000000,
    "interestIncome": 11000000,
    "interestExpense": 55000000,
    "depreciationAndAmortization": 119000000,
    "ebitda": 674000000,
    "ebitdaratio": 0.1690918214,
    "operatingIncome": 511000000,
    "operatingIncomeRatio": 0.1281986954,
    "totalOtherIncomeExpensesNet": -11000000,
    "incomeBeforeTax": 500000000,
    "incomeBeforeTaxRatio": 0.1254390366,
    "incomeTaxExpense": 128000000,
    "netIncome": 340000000,
    "netIncomeRatio": 0.0852985449,
    "eps": 1.08,
    "epsdiluted": 1.06,
    "weightedAverageShsOut": 316400000,
    "weightedAverageShsOutDil": 320600000,
    "link": "https://www.sec.gov/Archives/edgar/data/79879/000119312511204498/0001193125-11-204498-index.htm",
    "finalLink": "https://www.sec.gov/Archives/edgar/data/79879/000119312511204498/d10q.htm"
  },
  {
    "date": "2011-03-31",
    "symbol": "PPG",
    "reportedCurrency": "USD",
    "cik": "0000079879",
    "fillingDate": "2011-05-02",
    "acceptedDate": "2011-05-02 13:50:15",
    "calendarYear": "2011",
    "period": "Q1",
    "revenue": 3533000000,
    "costOfRevenue": 2127000000,
    "grossProfit": 1406000000,
    "grossProfitRatio": 0.3979620719,
    "researchAndDevelopmentExpenses": 103000000,
    "generalAndAdministrativeExpenses": 0,
    "sellingAndMarketingExpenses": 0,
    "sellingGeneralAndAdministrativeExpenses": 797000000,
    "otherExpenses": 117000000,
    "operatingExpenses": 1017000000,
    "costAndExpenses": 3144000000,
    "interestIncome": 10000000,
    "interestExpense": 53000000,
    "depreciationAndAmortization": 117000000,
    "ebitda": 521000000,
    "ebitdaratio": 0.1474667421,
    "operatingIncome": 389000000,
    "operatingIncomeRatio": 0.1101047269,
    "totalOtherIncomeExpensesNet": -38000000,
    "incomeBeforeTax": 351000000,
    "incomeBeforeTaxRatio": 0.0993489952,
    "incomeTaxExpense": 92000000,
    "netIncome": 228000000,
    "netIncomeRatio": 0.06453439,
    "eps": 0.71,
    "epsdiluted": 0.7,
    "weightedAverageShsOut": 320800000,
    "weightedAverageShsOutDil": 325000000,
    "link": "https://www.sec.gov/Archives/edgar/data/79879/000119312511120981/0001193125-11-120981-index.htm",
    "finalLink": "https://www.sec.gov/Archives/edgar/data/79879/000119312511120981/d10q.htm"
  },
  {
    "date": "2010-12-31",
    "symbol": "PPG",
    "reportedCurrency": "USD",
    "cik": "0000079879",
    "fillingDate": "2011-02-17",
    "acceptedDate": "2011-02-17 10:14:47",
    "calendarYear": "2010",
    "period": "Q4",
    "revenue": 3379000000,
    "costOfRevenue": 2086000000,
    "grossProfit": 1293000000,
    "grossProfitRatio": 0.382657591,
    "researchAndDevelopmentExpenses": 104000000,
    "generalAndAdministrativeExpenses": 0,
    "sellingAndMarketingExpenses": 0,
    "sellingGeneralAndAdministrativeExpenses": 768000000,
    "otherExpenses": 121000000,
    "operatingExpenses": 993000000,
    "costAndExpenses": 3079000000,
    "interestIncome": 34000000,
    "interestExpense": 52000000,
    "depreciationAndAmortization": 118000000,
    "ebitda": 461000000,
    "ebitdaratio": 0.1364308967,
    "operatingIncome": 300000000,
    "operatingIncomeRatio": 0.0887836638,
    "totalOtherIncomeExpensesNet": -9000000,
    "incomeBeforeTax": 291000000,
    "incomeBeforeTaxRatio": 0.0861201539,
    "incomeTaxExpense": 63000000,
    "netIncome": 205000000,
    "netIncomeRatio": 0.0606688369,
    "eps": 0.64,
    "epsdiluted": 0.64,
    "weightedAverageShsOut": 320800000,
    "weightedAverageShsOutDil": 320800000,
    "link": "https://www.sec.gov/Archives/edgar/data/79879/000119312511038642/0001193125-11-038642-index.htm",
    "finalLink": "https://www.sec.gov/Archives/edgar/data/79879/000119312511038642/d10k.htm"
  },
  {
    "date": "2010-09-30",
    "symbol": "PPG",
    "reportedCurrency": "USD",
    "cik": "0000079879",
    "fillingDate": "2010-11-01",
    "acceptedDate": "2010-11-01 13:31:56",
    "calendarYear": "2010",
    "period": "Q3",
    "revenue": 3460000000,
    "costOfRevenue": 2108000000,
    "grossProfit": 1352000000,
    "grossProfitRatio": 0.3907514451,
    "researchAndDevelopmentExpenses": 97000000,
    "generalAndAdministrativeExpenses": 0,
    "sellingAndMarketingExpenses": 0,
    "sellingGeneralAndAdministrativeExpenses": 739000000,
    "otherExpenses": 116000000,
    "operatingExpenses": 952000000,
    "costAndExpenses": 3060000000,
    "interestIncome": 9000000,
    "interestExpense": 46000000,
    "depreciationAndAmortization": 116000000,
    "ebitda": 548000000,
    "ebitdaratio": 0.1583815029,
    "operatingIncome": 400000000,
    "operatingIncomeRatio": 0.1156069364,
    "totalOtherIncomeExpensesNet": -14000000,
    "incomeBeforeTax": 386000000,
    "incomeBeforeTaxRatio": 0.1115606936,
    "incomeTaxExpense": 94000000,
    "netIncome": 262000000,
    "netIncomeRatio": 0.0757225434,
    "eps": 0.8,
    "epsdiluted": 0.79,
    "weightedAverageShsOut": 328400000,
    "weightedAverageShsOutDil": 330800000,
    "link": "https://www.sec.gov/Archives/edgar/data/79879/000119312510242348/0001193125-10-242348-index.htm",
    "finalLink": "https://www.sec.gov/Archives/edgar/data/79879/000119312510242348/d10q.htm"
  },
  {
    "date": "2010-06-30",
    "symbol": "PPG",
    "reportedCurrency": "USD",
    "cik": "0000079879",
    "fillingDate": "2010-07-26",
    "acceptedDate": "2010-07-26 13:34:32",
    "calendarYear": "2010",
    "period": "Q2",
    "revenue": 3458000000,
    "costOfRevenue": 2076000000,
    "grossProfit": 1382000000,
    "grossProfitRatio": 0.3996529786,
    "researchAndDevelopmentExpenses": 97000000,
    "generalAndAdministrativeExpenses": 0,
    "sellingAndMarketingExpenses": 0,
    "sellingGeneralAndAdministrativeExpenses": 745000000,
    "otherExpenses": 115000000,
    "operatingExpenses": 957000000,
    "costAndExpenses": 3033000000,
    "interestIncome": 0,
    "interestExpense": 46000000,
    "depreciationAndAmortization": 115000000,
    "ebitda": 573000000,
    "ebitdaratio": 0.1657027183,
    "operatingIncome": 425000000,
    "operatingIncomeRatio": 0.1229034124,
    "totalOtherIncomeExpensesNet": -13000000,
    "incomeBeforeTax": 412000000,
    "incomeBeforeTaxRatio": 0.1191440139,
    "incomeTaxExpense": 111000000,
    "netIncome": 272000000,
    "netIncomeRatio": 0.0786581839,
    "eps": 0.82,
    "epsdiluted": 0.82,
    "weightedAverageShsOut": 330800000,
    "weightedAverageShsOutDil": 333200000,
    "link": "https://www.sec.gov/Archives/edgar/data/79879/000119312510165782/0001193125-10-165782-index.htm",
    "finalLink": "https://www.sec.gov/Archives/edgar/data/79879/000119312510165782/d10q.htm"
  },
  {
    "date": "2010-03-31",
    "symbol": "PPG",
    "reportedCurrency": "USD",
    "cik": "0000079879",
    "fillingDate": "2010-04-26",
    "acceptedDate": "2010-04-26 14:04:42",
    "calendarYear": "2010",
    "period": "Q1",
    "revenue": 3126000000,
    "costOfRevenue": 1944000000,
    "grossProfit": 1182000000,
    "grossProfitRatio": 0.3781190019,
    "researchAndDevelopmentExpenses": 96000000,
    "generalAndAdministrativeExpenses": 0,
    "sellingAndMarketingExpenses": 0,
    "sellingGeneralAndAdministrativeExpenses": 727000000,
    "otherExpenses": 121000000,
    "operatingExpenses": 944000000,
    "costAndExpenses": 2888000000,
    "interestIncome": 0,
    "interestExpense": 45000000,
    "depreciationAndAmortization": 121000000,
    "ebitda": 372000000,
    "ebitdaratio": 0.1190019194,
    "operatingIncome": 238000000,
    "operatingIncomeRatio": 0.0761356366,
    "totalOtherIncomeExpensesNet": -32000000,
    "incomeBeforeTax": 206000000,
    "incomeBeforeTaxRatio": 0.0658989123,
    "incomeTaxExpense": 147000000,
    "netIncome": 30000000,
    "netIncomeRatio": 0.009596929,
    "eps": 0.09,
    "epsdiluted": 0.09,
    "weightedAverageShsOut": 331800000,
    "weightedAverageShsOutDil": 334000000,
    "link": "https://www.sec.gov/Archives/edgar/data/79879/000119312510093068/0001193125-10-093068-index.htm",
    "finalLink": "https://www.sec.gov/Archives/edgar/data/79879/000119312510093068/d10q.htm"
  },
  {
    "date": "2009-12-31",
    "symbol": "PPG",
    "reportedCurrency": "USD",
    "cik": "0000079879",
    "fillingDate": "2010-02-18",
    "acceptedDate": "2010-02-18 10:57:26",
    "calendarYear": "2009",
    "period": "Q4",
    "revenue": 3116000000,
    "costOfRevenue": 1934000000,
    "grossProfit": 1182000000,
    "grossProfitRatio": 0.3793324775,
    "researchAndDevelopmentExpenses": 102000000,
    "generalAndAdministrativeExpenses": 0,
    "sellingAndMarketingExpenses": 0,
    "sellingGeneralAndAdministrativeExpenses": 757000000,
    "otherExpenses": 126000000,
    "operatingExpenses": 985000000,
    "costAndExpenses": 2919000000,
    "interestIncome": 28000000,
    "interestExpense": 49000000,
    "depreciationAndAmortization": 123000000,
    "ebitda": 372000000,
    "ebitdaratio": 0.1193838254,
    "operatingIncome": 197000000,
    "operatingIncomeRatio": 0.0632220796,
    "totalOtherIncomeExpensesNet": 3000000,
    "incomeBeforeTax": 200000000,
    "incomeBeforeTaxRatio": 0.0641848524,
    "incomeTaxExpense": 37000000,
    "netIncome": 142000000,
    "netIncomeRatio": 0.0455712452,
    "eps": 0.43,
    "epsdiluted": 0.43,
    "weightedAverageShsOut": 331800000,
    "weightedAverageShsOutDil": 331800000,
    "link": "https://www.sec.gov/Archives/edgar/data/79879/000119312510033939/0001193125-10-033939-index.htm",
    "finalLink": "https://www.sec.gov/Archives/edgar/data/79879/000119312510033939/d10k.htm"
  },
  {
    "date": "2009-09-30",
    "symbol": "PPG",
    "reportedCurrency": "USD",
    "cik": "0000079879",
    "fillingDate": "2009-10-26",
    "acceptedDate": "2009-10-26 14:12:27",
    "calendarYear": "2009",
    "period": "Q3",
    "revenue": 3225000000,
    "costOfRevenue": 1989000000,
    "grossProfit": 1236000000,
    "grossProfitRatio": 0.383255814,
    "researchAndDevelopmentExpenses": 95000000,
    "generalAndAdministrativeExpenses": 0,
    "sellingAndMarketingExpenses": 0,
    "sellingGeneralAndAdministrativeExpenses": 732000000,
    "otherExpenses": 123000000,
    "operatingExpenses": 950000000,
    "costAndExpenses": 2939000000,
    "interestIncome": 0,
    "interestExpense": 47000000,
    "depreciationAndAmortization": 120000000,
    "ebitda": 442000000,
    "ebitdaratio": 0.1370542636,
    "operatingIncome": 286000000,
    "operatingIncomeRatio": 0.0886821705,
    "totalOtherIncomeExpensesNet": -11000000,
    "incomeBeforeTax": 275000000,
    "incomeBeforeTaxRatio": 0.0852713178,
    "incomeTaxExpense": 90000000,
    "netIncome": 159000000,
    "netIncomeRatio": 0.0493023256,
    "eps": 0.48,
    "epsdiluted": 0.48,
    "weightedAverageShsOut": 330400000,
    "weightedAverageShsOutDil": 332000000,
    "link": "https://www.sec.gov/Archives/edgar/data/79879/000119312509213623/0001193125-09-213623-index.htm",
    "finalLink": "https://www.sec.gov/Archives/edgar/data/79879/000119312509213623/d10q.htm"
  },
  {
    "date": "2009-06-30",
    "symbol": "PPG",
    "reportedCurrency": "USD",
    "cik": "0000079879",
    "fillingDate": "2009-07-27",
    "acceptedDate": "2009-07-27 13:51:09",
    "calendarYear": "2009",
    "period": "Q2",
    "revenue": 3115000000,
    "costOfRevenue": 1898000000,
    "grossProfit": 1217000000,
    "grossProfitRatio": 0.3906902087,
    "researchAndDevelopmentExpenses": 97000000,
    "generalAndAdministrativeExpenses": 0,
    "sellingAndMarketingExpenses": 0,
    "sellingGeneralAndAdministrativeExpenses": 731000000,
    "otherExpenses": 122000000,
    "operatingExpenses": 950000000,
    "costAndExpenses": 2848000000,
    "interestIncome": 0,
    "interestExpense": 49000000,
    "depreciationAndAmortization": 119000000,
    "ebitda": 421000000,
    "ebitdaratio": 0.135152488,
    "operatingIncome": 267000000,
    "operatingIncomeRatio": 0.0857142857,
    "totalOtherIncomeExpensesNet": -14000000,
    "incomeBeforeTax": 253000000,
    "incomeBeforeTaxRatio": 0.0812199037,
    "incomeTaxExpense": 84000000,
    "netIncome": 146000000,
    "netIncomeRatio": 0.0468699839,
    "eps": 0.45,
    "epsdiluted": 0.45,
    "weightedAverageShsOut": 327600000,
    "weightedAverageShsOutDil": 328800000,
    "link": "https://www.sec.gov/Archives/edgar/data/79879/000119312509155628/0001193125-09-155628-index.htm",
    "finalLink": "https://www.sec.gov/Archives/edgar/data/79879/000119312509155628/d10q.htm"
  },
  {
    "date": "2009-03-31",
    "symbol": "PPG",
    "reportedCurrency": "USD",
    "cik": "0000079879",
    "fillingDate": "2009-04-27",
    "acceptedDate": "2009-04-27 14:01:32",
    "calendarYear": "2009",
    "period": "Q1",
    "revenue": 2783000000,
    "costOfRevenue": 1718000000,
    "grossProfit": 1065000000,
    "grossProfitRatio": 0.3826805605,
    "researchAndDevelopmentExpenses": 94000000,
    "generalAndAdministrativeExpenses": 0,
    "sellingAndMarketingExpenses": 0,
    "sellingGeneralAndAdministrativeExpenses": 716000000,
    "otherExpenses": 122000000,
    "operatingExpenses": 932000000,
    "costAndExpenses": 2650000000,
    "interestIncome": 0,
    "interestExpense": 48000000,
    "depreciationAndAmortization": 118000000,
    "ebitda": 55000000,
    "ebitdaratio": 0.0197628458,
    "operatingIncome": 133000000,
    "operatingIncomeRatio": 0.0477901545,
    "totalOtherIncomeExpensesNet": -244000000,
    "incomeBeforeTax": -111000000,
    "incomeBeforeTaxRatio": -0.0398850162,
    "incomeTaxExpense": -20000000,
    "netIncome": -111000000,
    "netIncomeRatio": -0.0398850162,
    "eps": -0.34,
    "epsdiluted": -0.34,
    "weightedAverageShsOut": 328000000,
    "weightedAverageShsOutDil": 328800000,
    "link": "https://www.sec.gov/Archives/edgar/data/79879/000119312509088263/0001193125-09-088263-index.htm",
    "finalLink": "https://www.sec.gov/Archives/edgar/data/79879/000119312509088263/d10q.htm"
  },
  {
    "date": "2008-12-31",
    "symbol": "PPG",
    "reportedCurrency": "USD",
    "cik": "0000079879",
    "fillingDate": "2009-02-19",
    "acceptedDate": "2009-02-19 11:39:34",
    "calendarYear": "2008",
    "period": "Q4",
    "revenue": 3188000000,
    "costOfRevenue": 2029000000,
    "grossProfit": 1159000000,
    "grossProfitRatio": 0.3635508156,
    "researchAndDevelopmentExpenses": 107000000,
    "generalAndAdministrativeExpenses": 0,
    "sellingAndMarketingExpenses": 0,
    "sellingGeneralAndAdministrativeExpenses": 750000000,
    "otherExpenses": 122000000,
    "operatingExpenses": 979000000,
    "costAndExpenses": 3008000000,
    "interestIncome": 0,
    "interestExpense": 0,
    "depreciationAndAmortization": 118000000,
    "ebitda": 216000000,
    "ebitdaratio": 0.0677540778,
    "operatingIncome": 180000000,
    "operatingIncomeRatio": 0.0564617315,
    "totalOtherIncomeExpensesNet": -52000000,
    "incomeBeforeTax": 128000000,
    "incomeBeforeTaxRatio": 0.0401505646,
    "incomeTaxExpense": 46000000,
    "netIncome": 71000000,
    "netIncomeRatio": 0.0222710163,
    "eps": 0.22,
    "epsdiluted": 0.22,
    "weightedAverageShsOut": 328000000,
    "weightedAverageShsOutDil": 328000000,
    "link": "https://www.sec.gov/Archives/edgar/data/79879/000119312509032796/0001193125-09-032796-index.htm",
    "finalLink": "https://www.sec.gov/Archives/edgar/data/79879/000119312509032796/d10k.htm"
  },
  {
    "date": "2008-09-30",
    "symbol": "PPG",
    "reportedCurrency": "USD",
    "cik": "0000079879",
    "fillingDate": "2008-10-27",
    "acceptedDate": "2008-10-27 13:39:38",
    "calendarYear": "2008",
    "period": "Q3",
    "revenue": 4225000000,
    "costOfRevenue": 2701000000,
    "grossProfit": 1524000000,
    "grossProfitRatio": 0.3607100592,
    "researchAndDevelopmentExpenses": 114000000,
    "generalAndAdministrativeExpenses": 0,
    "sellingAndMarketingExpenses": 0,
    "sellingGeneralAndAdministrativeExpenses": 877000000,
    "otherExpenses": 144000000,
    "operatingExpenses": 1135000000,
    "costAndExpenses": 3836000000,
    "interestIncome": 0,
    "interestExpense": 62000000,
    "depreciationAndAmortization": 139000000,
    "ebitda": 404000000,
    "ebitdaratio": 0.0956213018,
    "operatingIncome": 389000000,
    "operatingIncomeRatio": 0.0920710059,
    "totalOtherIncomeExpensesNet": -186000000,
    "incomeBeforeTax": 203000000,
    "incomeBeforeTaxRatio": 0.0480473373,
    "incomeTaxExpense": 65000000,
    "netIncome": 117000000,
    "netIncomeRatio": 0.0276923077,
    "eps": 0.36,
    "epsdiluted": 0.35,
    "weightedAverageShsOut": 329400000,
    "weightedAverageShsOutDil": 331200000,
    "link": "https://www.sec.gov/Archives/edgar/data/79879/000119312508216731/0001193125-08-216731-index.htm",
    "finalLink": "https://www.sec.gov/Archives/edgar/data/79879/000119312508216731/d10q.htm"
  },
  {
    "date": "2008-06-30",
    "symbol": "PPG",
    "reportedCurrency": "USD",
    "cik": "0000079879",
    "fillingDate": "2008-07-28",
    "acceptedDate": "2008-07-28 14:20:25",
    "calendarYear": "2008",
    "period": "Q2",
    "revenue": 4474000000,
    "costOfRevenue": 2829000000,
    "grossProfit": 1645000000,
    "grossProfitRatio": 0.3676799285,
    "researchAndDevelopmentExpenses": 118000000,
    "generalAndAdministrativeExpenses": 0,
    "sellingAndMarketingExpenses": 0,
    "sellingGeneralAndAdministrativeExpenses": 936000000,
    "otherExpenses": 169000000,
    "operatingExpenses": 1223000000,
    "costAndExpenses": 4052000000,
    "interestIncome": 0,
    "interestExpense": 65000000,
    "depreciationAndAmortization": 165000000,
    "ebitda": 624000000,
    "ebitdaratio": 0.1394725078,
    "operatingIncome": 422000000,
    "operatingIncomeRatio": 0.0943227537,
    "totalOtherIncomeExpensesNet": -28000000,
    "incomeBeforeTax": 394000000,
    "incomeBeforeTaxRatio": 0.0880643719,
    "incomeTaxExpense": 116000000,
    "netIncome": 250000000,
    "netIncomeRatio": 0.0558784086,
    "eps": 0.76,
    "epsdiluted": 0.76,
    "weightedAverageShsOut": 329200000,
    "weightedAverageShsOutDil": 331200000,
    "link": "https://www.sec.gov/Archives/edgar/data/79879/000119312508158853/0001193125-08-158853-index.htm",
    "finalLink": "https://www.sec.gov/Archives/edgar/data/79879/000119312508158853/d10q.htm"
  },
  {
    "date": "2008-03-31",
    "symbol": "PPG",
    "reportedCurrency": "USD",
    "cik": "0000079879",
    "fillingDate": "2008-04-28",
    "acceptedDate": "2008-04-28 14:09:14",
    "calendarYear": "2008",
    "period": "Q1",
    "revenue": 3962000000,
    "costOfRevenue": 2596000000,
    "grossProfit": 1366000000,
    "grossProfitRatio": 0.344775366,
    "researchAndDevelopmentExpenses": 112000000,
    "generalAndAdministrativeExpenses": 0,
    "sellingAndMarketingExpenses": 0,
    "sellingGeneralAndAdministrativeExpenses": 871000000,
    "otherExpenses": 141000000,
    "operatingExpenses": 1124000000,
    "costAndExpenses": 3720000000,
    "interestIncome": 0,
    "interestExpense": 64000000,
    "depreciationAndAmortization": 141000000,
    "ebitda": 388000000,
    "ebitdaratio": 0.0979303382,
    "operatingIncome": 242000000,
    "operatingIncomeRatio": 0.0610802625,
    "totalOtherIncomeExpensesNet": -59000000,
    "incomeBeforeTax": 183000000,
    "incomeBeforeTaxRatio": 0.0461887935,
    "incomeTaxExpense": 57000000,
    "netIncome": 100000000,
    "netIncomeRatio": 0.0252397779,
    "eps": 0.31,
    "epsdiluted": 0.31,
    "weightedAverageShsOut": 329000000,
    "weightedAverageShsOutDil": 331200000,
    "link": "https://www.sec.gov/Archives/edgar/data/79879/000119312508092618/0001193125-08-092618-index.htm",
    "finalLink": "https://www.sec.gov/Archives/edgar/data/79879/000119312508092618/d10q.htm"
  },
  {
    "date": "2007-12-31",
    "symbol": "PPG",
    "reportedCurrency": "USD",
    "cik": "0000079879",
    "fillingDate": "2008-02-21",
    "acceptedDate": "2008-02-21 14:45:57",
    "calendarYear": "2007",
    "period": "Q4",
    "revenue": 2874000000,
    "costOfRevenue": 1846000000,
    "grossProfit": 1028000000,
    "grossProfitRatio": 0.3576896312,
    "researchAndDevelopmentExpenses": 90000000,
    "generalAndAdministrativeExpenses": 0,
    "sellingAndMarketingExpenses": 0,
    "sellingGeneralAndAdministrativeExpenses": 569000000,
    "otherExpenses": 96000000,
    "operatingExpenses": 755000000,
    "costAndExpenses": 2601000000,
    "interestIncome": 0,
    "interestExpense": 0,
    "depreciationAndAmortization": 96000000,
    "ebitda": 369000000,
    "ebitdaratio": 0.1283924843,
    "operatingIncome": 273000000,
    "operatingIncomeRatio": 0.0949895616,
    "totalOtherIncomeExpensesNet": 19000000,
    "incomeBeforeTax": 292000000,
    "incomeBeforeTaxRatio": 0.1016005567,
    "incomeTaxExpense": 82000000,
    "netIncome": 200000000,
    "netIncomeRatio": 0.0695894224,
    "eps": 0.61,
    "epsdiluted": 0.61,
    "weightedAverageShsOut": 327868852,
    "weightedAverageShsOutDil": 327868852,
    "link": "https://www.sec.gov/Archives/edgar/data/79879/000119312508035206/0001193125-08-035206-index.htm",
    "finalLink": "https://www.sec.gov/Archives/edgar/data/79879/000119312508035206/d10k.htm"
  },
  {
    "date": "2007-09-30",
    "symbol": "PPG",
    "reportedCurrency": "USD",
    "cik": "0000079879",
    "fillingDate": "2007-10-29",
    "acceptedDate": "2007-10-29 14:19:57",
    "calendarYear": "2007",
    "period": "Q3",
    "revenue": 3073000000,
    "costOfRevenue": 1947000000,
    "grossProfit": 1126000000,
    "grossProfitRatio": 0.3664171819,
    "researchAndDevelopmentExpenses": 86000000,
    "generalAndAdministrativeExpenses": 0,
    "sellingAndMarketingExpenses": 0,
    "sellingGeneralAndAdministrativeExpenses": 595000000,
    "otherExpenses": 104000000,
    "operatingExpenses": 785000000,
    "costAndExpenses": 2732000000,
    "interestIncome": 0,
    "interestExpense": 0,
    "depreciationAndAmortization": 104000000,
    "ebitda": 445000000,
    "ebitdaratio": 0.1448096323,
    "operatingIncome": 341000000,
    "operatingIncomeRatio": 0.1109664823,
    "totalOtherIncomeExpensesNet": -5000000,
    "incomeBeforeTax": 336000000,
    "incomeBeforeTaxRatio": 0.1093394077,
    "incomeTaxExpense": 105000000,
    "netIncome": 189000000,
    "netIncomeRatio": 0.0615034169,
    "eps": 0.58,
    "epsdiluted": 0.57,
    "weightedAverageShsOut": 328800000,
    "weightedAverageShsOutDil": 328800000,
    "link": "https://www.sec.gov/Archives/edgar/data/79879/000119312507228042/0001193125-07-228042-index.htm",
    "finalLink": "https://www.sec.gov/Archives/edgar/data/79879/000119312507228042/d10q.htm"
  },
  {
    "date": "2007-06-30",
    "symbol": "PPG",
    "reportedCurrency": "USD",
    "cik": "0000079879",
    "fillingDate": "2007-07-30",
    "acceptedDate": "2007-07-30 14:36:15",
    "calendarYear": "2007",
    "period": "Q2",
    "revenue": 3155000000,
    "costOfRevenue": 2001000000,
    "grossProfit": 1154000000,
    "grossProfitRatio": 0.3657686212,
    "researchAndDevelopmentExpenses": 87000000,
    "generalAndAdministrativeExpenses": 0,
    "sellingAndMarketingExpenses": 0,
    "sellingGeneralAndAdministrativeExpenses": 564000000,
    "otherExpenses": 103000000,
    "operatingExpenses": 754000000,
    "costAndExpenses": 2755000000,
    "interestIncome": 0,
    "interestExpense": 0,
    "depreciationAndAmortization": 103000000,
    "ebitda": 503000000,
    "ebitdaratio": 0.159429477,
    "operatingIncome": 400000000,
    "operatingIncomeRatio": 0.1267828843,
    "totalOtherIncomeExpensesNet": -2000000,
    "incomeBeforeTax": 398000000,
    "incomeBeforeTaxRatio": 0.1261489699,
    "incomeTaxExpense": 125000000,
    "netIncome": 249000000,
    "netIncomeRatio": 0.0789223455,
    "eps": 0.76,
    "epsdiluted": 0.75,
    "weightedAverageShsOut": 329600000,
    "weightedAverageShsOutDil": 329600000,
    "link": "https://www.sec.gov/Archives/edgar/data/79879/000119312507165246/0001193125-07-165246-index.htm",
    "finalLink": "https://www.sec.gov/Archives/edgar/data/79879/000119312507165246/d10q.htm"
  },
  {
    "date": "2007-03-31",
    "symbol": "PPG",
    "reportedCurrency": "USD",
    "cik": "0000079879",
    "fillingDate": "2007-04-30",
    "acceptedDate": "2007-04-30 14:10:33",
    "calendarYear": "2007",
    "period": "Q1",
    "revenue": 2632000000,
    "costOfRevenue": 1677000000,
    "grossProfit": 955000000,
    "grossProfitRatio": 0.3628419453,
    "researchAndDevelopmentExpenses": 81000000,
    "generalAndAdministrativeExpenses": 0,
    "sellingAndMarketingExpenses": 0,
    "sellingGeneralAndAdministrativeExpenses": 502000000,
    "otherExpenses": 92000000,
    "operatingExpenses": 675000000,
    "costAndExpenses": 2352000000,
    "interestIncome": 0,
    "interestExpense": 0,
    "depreciationAndAmortization": 92000000,
    "ebitda": 372000000,
    "ebitdaratio": 0.141337386,
    "operatingIncome": 280000000,
    "operatingIncomeRatio": 0.1063829787,
    "totalOtherIncomeExpensesNet": 0,
    "incomeBeforeTax": 280000000,
    "incomeBeforeTaxRatio": 0.1063829787,
    "incomeTaxExpense": 57000000,
    "netIncome": 194000000,
    "netIncomeRatio": 0.0737082067,
    "eps": 0.59,
    "epsdiluted": 0.59,
    "weightedAverageShsOut": 328813559,
    "weightedAverageShsOutDil": 331623932,
    "link": "https://www.sec.gov/Archives/edgar/data/79879/000119312507095531/0001193125-07-095531-index.htm",
    "finalLink": "https://www.sec.gov/Archives/edgar/data/79879/000119312507095531/d10q.htm"
  },
  {
    "date": "2006-12-31",
    "symbol": "PPG",
    "reportedCurrency": "USD",
    "cik": "0000079879",
    "fillingDate": "2007-02-21",
    "acceptedDate": "2007-02-21 15:28:24",
    "calendarYear": "2006",
    "period": "Q4",
    "revenue": 2773000000,
    "costOfRevenue": 1807000000,
    "grossProfit": 966000000,
    "grossProfitRatio": 0.3483591778,
    "researchAndDevelopmentExpenses": 87000000,
    "generalAndAdministrativeExpenses": 0,
    "sellingAndMarketingExpenses": 0,
    "sellingGeneralAndAdministrativeExpenses": 525000000,
    "otherExpenses": 97000000,
    "operatingExpenses": 709000000,
    "costAndExpenses": 2516000000,
    "interestIncome": 0,
    "interestExpense": 0,
    "depreciationAndAmortization": 97000000,
    "ebitda": 354000000,
    "ebitdaratio": 0.1276595745,
    "operatingIncome": 257000000,
    "operatingIncomeRatio": 0.0926794086,
    "totalOtherIncomeExpensesNet": -4000000,
    "incomeBeforeTax": 253000000,
    "incomeBeforeTaxRatio": 0.0912369275,
    "incomeTaxExpense": 80000000,
    "netIncome": 157000000,
    "netIncomeRatio": 0.0566173819,
    "eps": 0.48,
    "epsdiluted": 0.48,
    "weightedAverageShsOut": 328813559,
    "weightedAverageShsOutDil": 328813559,
    "link": "https://www.sec.gov/Archives/edgar/data/79879/000119312507036001/0001193125-07-036001-index.htm",
    "finalLink": "https://www.sec.gov/Archives/edgar/data/79879/000119312507036001/d10k.htm"
  },
  {
    "date": "2006-09-30",
    "symbol": "PPG",
    "reportedCurrency": "USD",
    "cik": "0000079879",
    "fillingDate": "2006-10-31",
    "acceptedDate": "2006-10-31 15:20:03",
    "calendarYear": "2006",
    "period": "Q3",
    "revenue": 2802000000,
    "costOfRevenue": 1575000000,
    "grossProfit": 1227000000,
    "grossProfitRatio": 0.4379014989,
    "researchAndDevelopmentExpenses": 76000000,
    "generalAndAdministrativeExpenses": 0,
    "sellingAndMarketingExpenses": 0,
    "sellingGeneralAndAdministrativeExpenses": 462000000,
    "otherExpenses": 88000000,
    "operatingExpenses": 626000000,
    "costAndExpenses": 2201000000,
    "interestIncome": 0,
    "interestExpense": 0,
    "depreciationAndAmortization": 88000000,
    "ebitda": 689000000,
    "ebitdaratio": 0.2458957887,
    "operatingIncome": 601000000,
    "operatingIncomeRatio": 0.2144896502,
    "totalOtherIncomeExpensesNet": -500000000,
    "incomeBeforeTax": 101000000,
    "incomeBeforeTaxRatio": 0.0360456817,
    "incomeTaxExpense": 14000000,
    "netIncome": 90000000,
    "netIncomeRatio": 0.0321199143,
    "eps": 0.27,
    "epsdiluted": 0.27,
    "weightedAverageShsOut": 333333333,
    "weightedAverageShsOutDil": 333333333,
    "link": "https://www.sec.gov/Archives/edgar/data/79879/000119312506219113/0001193125-06-219113-index.htm",
    "finalLink": "https://www.sec.gov/Archives/edgar/data/79879/000119312506219113/d10q.htm"
  },
  {
    "date": "2006-06-30",
    "symbol": "PPG",
    "reportedCurrency": "USD",
    "cik": "0000079879",
    "fillingDate": "2006-08-01",
    "acceptedDate": "2006-08-01 15:36:55",
    "calendarYear": "2006",
    "period": "Q2",
    "revenue": 2824000000,
    "costOfRevenue": 1747000000,
    "grossProfit": 1077000000,
    "grossProfitRatio": 0.3813739377,
    "researchAndDevelopmentExpenses": 78000000,
    "generalAndAdministrativeExpenses": 0,
    "sellingAndMarketingExpenses": 0,
    "sellingGeneralAndAdministrativeExpenses": 495000000,
    "otherExpenses": 94000000,
    "operatingExpenses": 667000000,
    "costAndExpenses": 2414000000,
    "interestIncome": 0,
    "interestExpense": 0,
    "depreciationAndAmortization": 94000000,
    "ebitda": 504000000,
    "ebitdaratio": 0.178470255,
    "operatingIncome": 410000000,
    "operatingIncomeRatio": 0.145184136,
    "totalOtherIncomeExpensesNet": -5000000,
    "incomeBeforeTax": 405000000,
    "incomeBeforeTaxRatio": 0.1434135977,
    "incomeTaxExpense": 107000000,
    "netIncome": 280000000,
    "netIncomeRatio": 0.0991501416,
    "eps": 0.85,
    "epsdiluted": 0.84,
    "weightedAverageShsOut": 331360947,
    "weightedAverageShsOutDil": 333333333,
    "link": "https://www.sec.gov/Archives/edgar/data/79879/000119312506158065/0001193125-06-158065-index.htm",
    "finalLink": "https://www.sec.gov/Archives/edgar/data/79879/000119312506158065/d10q.htm"
  },
  {
    "date": "2006-03-31",
    "symbol": "PPG",
    "reportedCurrency": "USD",
    "cik": "0000079879",
    "fillingDate": "2006-05-10",
    "acceptedDate": "2006-05-10 15:08:24",
    "calendarYear": "2006",
    "period": "Q1",
    "revenue": 2638000000,
    "costOfRevenue": 1691000000,
    "grossProfit": 947000000,
    "grossProfitRatio": 0.3589840788,
    "researchAndDevelopmentExpenses": 75000000,
    "generalAndAdministrativeExpenses": 0,
    "sellingAndMarketingExpenses": 0,
    "sellingGeneralAndAdministrativeExpenses": 460000000,
    "otherExpenses": 91000000,
    "operatingExpenses": 626000000,
    "costAndExpenses": 2317000000,
    "interestIncome": 0,
    "interestExpense": 0,
    "depreciationAndAmortization": 91000000,
    "ebitda": 412000000,
    "ebitdaratio": 0.1561789234,
    "operatingIncome": 321000000,
    "operatingIncomeRatio": 0.1216830933,
    "totalOtherIncomeExpensesNet": -52000000,
    "incomeBeforeTax": 269000000,
    "incomeBeforeTaxRatio": 0.1019711903,
    "incomeTaxExpense": 66000000,
    "netIncome": 184000000,
    "netIncomeRatio": 0.0697498105,
    "eps": 0.56,
    "epsdiluted": 0.56,
    "weightedAverageShsOut": 331531532,
    "weightedAverageShsOutDil": 331531532,
    "link": "https://www.sec.gov/Archives/edgar/data/79879/000119312506107434/0001193125-06-107434-index.htm",
    "finalLink": "https://www.sec.gov/Archives/edgar/data/79879/000119312506107434/d10q.htm"
  },
  {
    "date": "2005-12-31",
    "symbol": "PPG",
    "reportedCurrency": "USD",
    "cik": "0000079879",
    "fillingDate": "2006-02-16",
    "acceptedDate": "2006-02-16 13:56:58",
    "calendarYear": "2005",
    "period": "Q4",
    "revenue": 2505000000,
    "costOfRevenue": 1651000000,
    "grossProfit": 854000000,
    "grossProfitRatio": 0.3409181637,
    "researchAndDevelopmentExpenses": 79000000,
    "generalAndAdministrativeExpenses": 0,
    "sellingAndMarketingExpenses": 0,
    "sellingGeneralAndAdministrativeExpenses": 423000000,
    "otherExpenses": 92000000,
    "operatingExpenses": 594000000,
    "costAndExpenses": 2245000000,
    "interestIncome": 0,
    "interestExpense": 0,
    "depreciationAndAmortization": 92000000,
    "ebitda": 352000000,
    "ebitdaratio": 0.1405189621,
    "operatingIncome": 260000000,
    "operatingIncomeRatio": 0.1037924152,
    "totalOtherIncomeExpensesNet": -73000000,
    "incomeBeforeTax": 187000000,
    "incomeBeforeTaxRatio": 0.0746506986,
    "incomeTaxExpense": 60000000,
    "netIncome": 113000000,
    "netIncomeRatio": 0.0451097804,
    "eps": 0.34,
    "epsdiluted": 0.34,
    "weightedAverageShsOut": 331531532,
    "weightedAverageShsOutDil": 331531532,
    "link": "https://www.sec.gov/Archives/edgar/data/79879/000119312506033428/0001193125-06-033428-index.htm",
    "finalLink": "https://www.sec.gov/Archives/edgar/data/79879/000119312506033428/d10k.htm"
  },
  {
    "date": "2005-09-30",
    "symbol": "PPG",
    "reportedCurrency": "USD",
    "cik": "0000079879",
    "fillingDate": "2005-10-31",
    "acceptedDate": "2005-10-31 14:29:21",
    "calendarYear": "2005",
    "period": "Q3",
    "revenue": 2547000000,
    "costOfRevenue": 1614000000,
    "grossProfit": 933000000,
    "grossProfitRatio": 0.3663133098,
    "researchAndDevelopmentExpenses": 77000000,
    "generalAndAdministrativeExpenses": 0,
    "sellingAndMarketingExpenses": 0,
    "sellingGeneralAndAdministrativeExpenses": 437000000,
    "otherExpenses": 92000000,
    "operatingExpenses": 606000000,
    "costAndExpenses": 2220000000,
    "interestIncome": 0,
    "interestExpense": 0,
    "depreciationAndAmortization": 92000000,
    "ebitda": 419000000,
    "ebitdaratio": 0.1645072634,
    "operatingIncome": 327000000,
    "operatingIncomeRatio": 0.1283863369,
    "totalOtherIncomeExpensesNet": -72000000,
    "incomeBeforeTax": 255000000,
    "incomeBeforeTaxRatio": 0.1001177856,
    "incomeTaxExpense": 77000000,
    "netIncome": 157000000,
    "netIncomeRatio": 0.0616411464,
    "eps": 0.47,
    "epsdiluted": 0.46,
    "weightedAverageShsOut": 337634409,
    "weightedAverageShsOutDil": 341304348,
    "link": "https://www.sec.gov/Archives/edgar/data/79879/000119312505211968/0001193125-05-211968-index.htm",
    "finalLink": "https://www.sec.gov/Archives/edgar/data/79879/000119312505211968/d10q.htm"
  },
  {
    "date": "2005-06-30",
    "symbol": "PPG",
    "reportedCurrency": "USD",
    "cik": "0000079879",
    "fillingDate": "2005-08-01",
    "acceptedDate": "2005-08-01 14:03:18",
    "calendarYear": "2005",
    "period": "Q2",
    "revenue": 2656000000,
    "costOfRevenue": 1650000000,
    "grossProfit": 1006000000,
    "grossProfitRatio": 0.3787650602,
    "researchAndDevelopmentExpenses": 76000000,
    "generalAndAdministrativeExpenses": 0,
    "sellingAndMarketingExpenses": 0,
    "sellingGeneralAndAdministrativeExpenses": 461000000,
    "otherExpenses": 93000000,
    "operatingExpenses": 630000000,
    "costAndExpenses": 2280000000,
    "interestIncome": 0,
    "interestExpense": 0,
    "depreciationAndAmortization": 93000000,
    "ebitda": 469000000,
    "ebitdaratio": 0.1765813253,
    "operatingIncome": 376000000,
    "operatingIncomeRatio": 0.1415662651,
    "totalOtherIncomeExpensesNet": -16000000,
    "incomeBeforeTax": 360000000,
    "incomeBeforeTaxRatio": 0.1355421687,
    "incomeTaxExpense": 111000000,
    "netIncome": 231000000,
    "netIncomeRatio": 0.0869728916,
    "eps": 0.68,
    "epsdiluted": 0.67,
    "weightedAverageShsOut": 342222222,
    "weightedAverageShsOutDil": 344776119,
    "link": "https://www.sec.gov/Archives/edgar/data/79879/000119312505153621/0001193125-05-153621-index.htm",
    "finalLink": "https://www.sec.gov/Archives/edgar/data/79879/000119312505153621/d10q.htm"
  },
  {
    "date": "2005-03-31",
    "symbol": "PPG",
    "reportedCurrency": "USD",
    "cik": "0000079879",
    "fillingDate": "2005-05-02",
    "acceptedDate": "2005-05-02 15:18:19",
    "calendarYear": "2005",
    "period": "Q1",
    "revenue": 2493000000,
    "costOfRevenue": 1558000000,
    "grossProfit": 935000000,
    "grossProfitRatio": 0.3750501404,
    "researchAndDevelopmentExpenses": 77000000,
    "generalAndAdministrativeExpenses": 0,
    "sellingAndMarketingExpenses": 0,
    "sellingGeneralAndAdministrativeExpenses": 450000000,
    "otherExpenses": 95000000,
    "operatingExpenses": 622000000,
    "costAndExpenses": 2180000000,
    "interestIncome": 0,
    "interestExpense": 0,
    "depreciationAndAmortization": 95000000,
    "ebitda": 408000000,
    "ebitdaratio": 0.1636582431,
    "operatingIncome": 313000000,
    "operatingIncomeRatio": 0.1255515443,
    "totalOtherIncomeExpensesNet": -168000000,
    "incomeBeforeTax": 145000000,
    "incomeBeforeTaxRatio": 0.058162856,
    "incomeTaxExpense": 34000000,
    "netIncome": 95000000,
    "netIncomeRatio": 0.0381066988,
    "eps": 0.28,
    "epsdiluted": 0.28,
    "weightedAverageShsOut": 345454545,
    "weightedAverageShsOutDil": 345454545,
    "link": "https://www.sec.gov/Archives/edgar/data/79879/000119312505092113/0001193125-05-092113-index.htm",
    "finalLink": "https://www.sec.gov/Archives/edgar/data/79879/000119312505092113/d10q.htm"
  },
  {
    "date": "2004-12-31",
    "symbol": "PPG",
    "reportedCurrency": "USD",
    "cik": "0000079879",
    "fillingDate": "2005-02-17",
    "acceptedDate": "2005-02-17 13:34:43",
    "calendarYear": "2004",
    "period": "Q4",
    "revenue": 2411000000,
    "costOfRevenue": 1526000000,
    "grossProfit": 885000000,
    "grossProfitRatio": 0.3670676068,
    "researchAndDevelopmentExpenses": 79000000,
    "generalAndAdministrativeExpenses": 0,
    "sellingAndMarketingExpenses": 0,
    "sellingGeneralAndAdministrativeExpenses": 444000000,
    "otherExpenses": 97000000,
    "operatingExpenses": 620000000,
    "costAndExpenses": 2146000000,
    "interestIncome": 0,
    "interestExpense": 0,
    "depreciationAndAmortization": 97000000,
    "ebitda": 362000000,
    "ebitdaratio": 0.150145168,
    "operatingIncome": 265000000,
    "operatingIncomeRatio": 0.1099128992,
    "totalOtherIncomeExpensesNet": 0,
    "incomeBeforeTax": 265000000,
    "incomeBeforeTaxRatio": 0.1099128992,
    "incomeTaxExpense": 72000000,
    "netIncome": 183000000,
    "netIncomeRatio": 0.0759021153,
    "eps": 0.53,
    "epsdiluted": 0.53,
    "weightedAverageShsOut": 341936487,
    "weightedAverageShsOutDil": 345454545,
    "link": "https://www.sec.gov/Archives/edgar/data/79879/000119312505031817/0001193125-05-031817-index.htm",
    "finalLink": "https://www.sec.gov/Archives/edgar/data/79879/000119312505031817/d10k.htm"
  },
  {
    "date": "2004-09-30",
    "symbol": "PPG",
    "reportedCurrency": "USD",
    "cik": "0000079879",
    "fillingDate": "2004-11-01",
    "acceptedDate": "2004-11-01 15:44:44",
    "calendarYear": "2004",
    "period": "Q3",
    "revenue": 2409000000,
    "costOfRevenue": 1516000000,
    "grossProfit": 893000000,
    "grossProfitRatio": 0.3706932337,
    "researchAndDevelopmentExpenses": 74000000,
    "generalAndAdministrativeExpenses": 0,
    "sellingAndMarketingExpenses": 0,
    "sellingGeneralAndAdministrativeExpenses": 422000000,
    "otherExpenses": 96000000,
    "operatingExpenses": 592000000,
    "costAndExpenses": 2108000000,
    "interestIncome": 0,
    "interestExpense": 0,
    "depreciationAndAmortization": 96000000,
    "ebitda": 397000000,
    "ebitdaratio": 0.1647986716,
    "operatingIncome": 301000000,
    "operatingIncomeRatio": 0.1249481112,
    "totalOtherIncomeExpensesNet": -7000000,
    "incomeBeforeTax": 294000000,
    "incomeBeforeTaxRatio": 0.1220423412,
    "incomeTaxExpense": 82000000,
    "netIncome": 194000000,
    "netIncomeRatio": 0.0805313408,
    "eps": 0.56,
    "epsdiluted": 0.56,
    "weightedAverageShsOut": 343362832,
    "weightedAverageShsOutDil": 346428571,
    "link": "https://www.sec.gov/Archives/edgar/data/79879/000119312504182675/0001193125-04-182675-index.htm",
    "finalLink": "https://www.sec.gov/Archives/edgar/data/79879/000119312504182675/d10q.htm"
  },
  {
    "date": "2004-06-30",
    "symbol": "PPG",
    "reportedCurrency": "USD",
    "cik": "0000079879",
    "fillingDate": "2004-07-26",
    "acceptedDate": "2004-07-26 12:30:18",
    "calendarYear": "2004",
    "period": "Q2",
    "revenue": 2429000000,
    "costOfRevenue": 1519000000,
    "grossProfit": 910000000,
    "grossProfitRatio": 0.3746397695,
    "researchAndDevelopmentExpenses": 74000000,
    "generalAndAdministrativeExpenses": 0,
    "sellingAndMarketingExpenses": 0,
    "sellingGeneralAndAdministrativeExpenses": 423000000,
    "otherExpenses": 98000000,
    "operatingExpenses": 595000000,
    "costAndExpenses": 2114000000,
    "interestIncome": 0,
    "interestExpense": 0,
    "depreciationAndAmortization": 98000000,
    "ebitda": 413000000,
    "ebitdaratio": 0.1700288184,
    "operatingIncome": 315000000,
    "operatingIncomeRatio": 0.1296829971,
    "totalOtherIncomeExpensesNet": -13000000,
    "incomeBeforeTax": 302000000,
    "incomeBeforeTaxRatio": 0.1243310004,
    "incomeTaxExpense": 99000000,
    "netIncome": 187000000,
    "netIncomeRatio": 0.0769864142,
    "eps": 0.55,
    "epsdiluted": 0.54,
    "weightedAverageShsOut": 343119266,
    "weightedAverageShsOutDil": 346296296,
    "link": "https://www.sec.gov/Archives/edgar/data/79879/000119312504124190/0001193125-04-124190-index.htm",
    "finalLink": "https://www.sec.gov/Archives/edgar/data/79879/000119312504124190/d10q.htm"
  },
  {
    "date": "2004-03-31",
    "symbol": "PPG",
    "reportedCurrency": "USD",
    "cik": "0000079879",
    "fillingDate": "2004-05-03",
    "acceptedDate": "2004-05-03 14:10:35",
    "calendarYear": "2004",
    "period": "Q1",
    "revenue": 2264000000,
    "costOfRevenue": 1438000000,
    "grossProfit": 826000000,
    "grossProfitRatio": 0.3648409894,
    "researchAndDevelopmentExpenses": 76000000,
    "generalAndAdministrativeExpenses": 0,
    "sellingAndMarketingExpenses": 0,
    "sellingGeneralAndAdministrativeExpenses": 426000000,
    "otherExpenses": 97000000,
    "operatingExpenses": 599000000,
    "costAndExpenses": 2037000000,
    "interestIncome": 0,
    "interestExpense": 0,
    "depreciationAndAmortization": 97000000,
    "ebitda": 324000000,
    "ebitdaratio": 0.1431095406,
    "operatingIncome": 227000000,
    "operatingIncomeRatio": 0.1002650177,
    "totalOtherIncomeExpensesNet": -25000000,
    "incomeBeforeTax": 202000000,
    "incomeBeforeTaxRatio": 0.0892226148,
    "incomeTaxExpense": 69000000,
    "netIncome": 119000000,
    "netIncomeRatio": 0.0525618375,
    "eps": 0.35,
    "epsdiluted": 0.35,
    "weightedAverageShsOut": 344927536,
    "weightedAverageShsOutDil": 344927536,
    "link": "https://www.sec.gov/Archives/edgar/data/79879/000119312504076482/0001193125-04-076482-index.htm",
    "finalLink": "https://www.sec.gov/Archives/edgar/data/79879/000119312504076482/d10q.htm"
  },
  {
    "date": "2003-12-31",
    "symbol": "PPG",
    "reportedCurrency": "USD",
    "cik": "0000079879",
    "fillingDate": "2004-02-20",
    "acceptedDate": "2004-02-20 09:19:38",
    "calendarYear": "2003",
    "period": "Q4",
    "revenue": 2175000000,
    "costOfRevenue": 1364000000,
    "grossProfit": 811000000,
    "grossProfitRatio": 0.3728735632,
    "researchAndDevelopmentExpenses": 75000000,
    "generalAndAdministrativeExpenses": 0,
    "sellingAndMarketingExpenses": 0,
    "sellingGeneralAndAdministrativeExpenses": 417000000,
    "otherExpenses": 97000000,
    "operatingExpenses": 589000000,
    "costAndExpenses": 1953000000,
    "interestIncome": 0,
    "interestExpense": 0,
    "depreciationAndAmortization": 97000000,
    "ebitda": 319000000,
    "ebitdaratio": 0.1466666667,
    "operatingIncome": 222000000,
    "operatingIncomeRatio": 0.1020689655,
    "totalOtherIncomeExpensesNet": -375000000,
    "incomeBeforeTax": -153000000,
    "incomeBeforeTaxRatio": -0.0703448276,
    "incomeTaxExpense": 59000000,
    "netIncome": 122000000,
    "netIncomeRatio": 0.056091954,
    "eps": 0.36,
    "epsdiluted": 0.36,
    "weightedAverageShsOut": 338897519,
    "weightedAverageShsOutDil": 343283582,
    "link": "https://www.sec.gov/Archives/edgar/data/79879/000119312504026989/0001193125-04-026989-index.htm",
    "finalLink": "https://www.sec.gov/Archives/edgar/data/79879/000119312504026989/d10k.htm"
  },
  {
    "date": "2003-09-30",
    "symbol": "PPG",
    "reportedCurrency": "USD",
    "cik": "0000079879",
    "fillingDate": "2003-11-03",
    "acceptedDate": "2003-11-03 16:32:44",
    "calendarYear": "2003",
    "period": "Q3",
    "revenue": 2206000000,
    "costOfRevenue": 1370000000,
    "grossProfit": 836000000,
    "grossProfitRatio": 0.3789664551,
    "researchAndDevelopmentExpenses": 71000000,
    "generalAndAdministrativeExpenses": 0,
    "sellingAndMarketingExpenses": 0,
    "sellingGeneralAndAdministrativeExpenses": 395000000,
    "otherExpenses": 100000000,
    "operatingExpenses": 566000000,
    "costAndExpenses": 1936000000,
    "interestIncome": 0,
    "interestExpense": 0,
    "depreciationAndAmortization": 100000000,
    "ebitda": 370000000,
    "ebitdaratio": 0.167724388,
    "operatingIncome": 270000000,
    "operatingIncomeRatio": 0.1223934723,
    "totalOtherIncomeExpensesNet": -31000000,
    "incomeBeforeTax": 239000000,
    "incomeBeforeTaxRatio": 0.1083408885,
    "incomeTaxExpense": 86000000,
    "netIncome": 142000000,
    "netIncomeRatio": 0.0643699003,
    "eps": 0.42,
    "epsdiluted": 0.42,
    "weightedAverageShsOut": 342168675,
    "weightedAverageShsOutDil": 342168675,
    "link": "https://www.sec.gov/Archives/edgar/data/79879/000119312503071687/0001193125-03-071687-index.htm",
    "finalLink": "https://www.sec.gov/Archives/edgar/data/79879/000119312503071687/d10q.htm"
  },
  {
    "date": "2003-06-30",
    "symbol": "PPG",
    "reportedCurrency": "USD",
    "cik": "0000079879",
    "fillingDate": "2003-07-28",
    "acceptedDate": "2003-07-28 09:07:32",
    "calendarYear": "2003",
    "period": "Q2",
    "revenue": 2304000000,
    "costOfRevenue": 1445000000,
    "grossProfit": 859000000,
    "grossProfitRatio": 0.3728298611,
    "researchAndDevelopmentExpenses": 72000000,
    "generalAndAdministrativeExpenses": 0,
    "sellingAndMarketingExpenses": 0,
    "sellingGeneralAndAdministrativeExpenses": 389000000,
    "otherExpenses": 100000000,
    "operatingExpenses": 561000000,
    "costAndExpenses": 2006000000,
    "interestIncome": 0,
    "interestExpense": 0,
    "depreciationAndAmortization": 100000000,
    "ebitda": 398000000,
    "ebitdaratio": 0.1727430556,
    "operatingIncome": 298000000,
    "operatingIncomeRatio": 0.1293402778,
    "totalOtherIncomeExpensesNet": -53000000,
    "incomeBeforeTax": 245000000,
    "incomeBeforeTaxRatio": 0.1063368056,
    "incomeTaxExpense": 93000000,
    "netIncome": 152000000,
    "netIncomeRatio": 0.0659722222,
    "eps": 0.45,
    "epsdiluted": 0.45,
    "weightedAverageShsOut": 337777778,
    "weightedAverageShsOutDil": 341573034,
    "link": "https://www.sec.gov/Archives/edgar/data/79879/000119312503024423/0001193125-03-024423-index.htm",
    "finalLink": "https://www.sec.gov/Archives/edgar/data/79879/000119312503024423/d10q.htm"
  },
  {
    "date": "2003-03-31",
    "symbol": "PPG",
    "reportedCurrency": "USD",
    "cik": "0000079879",
    "fillingDate": "2003-05-05",
    "acceptedDate": "2003-05-05 17:02:47",
    "calendarYear": "2003",
    "period": "Q1",
    "revenue": 2071000000,
    "costOfRevenue": 1342000000,
    "grossProfit": 729000000,
    "grossProfitRatio": 0.3520038629,
    "researchAndDevelopmentExpenses": 72000000,
    "generalAndAdministrativeExpenses": 0,
    "sellingAndMarketingExpenses": 0,
    "sellingGeneralAndAdministrativeExpenses": 377000000,
    "otherExpenses": 97000000,
    "operatingExpenses": 546000000,
    "costAndExpenses": 1888000000,
    "interestIncome": 0,
    "interestExpense": 0,
    "depreciationAndAmortization": 97000000,
    "ebitda": 280000000,
    "ebitdaratio": 0.1352003863,
    "operatingIncome": 183000000,
    "operatingIncomeRatio": 0.0883631096,
    "totalOtherIncomeExpensesNet": -32000000,
    "incomeBeforeTax": 151000000,
    "incomeBeforeTaxRatio": 0.0729116369,
    "incomeTaxExpense": 55000000,
    "netIncome": 78000000,
    "netIncomeRatio": 0.0376629648,
    "eps": 0.23,
    "epsdiluted": 0.23,
    "weightedAverageShsOut": 339130435,
    "weightedAverageShsOutDil": 339130435,
    "link": "https://www.sec.gov/Archives/edgar/data/79879/000095016803001605/0000950168-03-001605-index.htm",
    "finalLink": "https://www.sec.gov/Archives/edgar/data/79879/000095016803001605/d10q.htm"
  },
  {
    "date": "2002-12-31",
    "symbol": "PPG",
    "reportedCurrency": "USD",
    "cik": "0000079879",
    "fillingDate": "2003-02-21",
    "acceptedDate": "2003-02-21 16:01:25",
    "calendarYear": "2002",
    "period": "Q4",
    "revenue": 1990000000,
    "costOfRevenue": 1261000000,
    "grossProfit": 729000000,
    "grossProfitRatio": 0.3663316583,
    "researchAndDevelopmentExpenses": 71000000,
    "generalAndAdministrativeExpenses": 0,
    "sellingAndMarketingExpenses": 0,
    "sellingGeneralAndAdministrativeExpenses": 366000000,
    "otherExpenses": 99000000,
    "operatingExpenses": 536000000,
    "costAndExpenses": 1797000000,
    "interestIncome": 0,
    "interestExpense": 0,
    "depreciationAndAmortization": 99000000,
    "ebitda": 292000000,
    "ebitdaratio": 0.1467336683,
    "operatingIncome": 193000000,
    "operatingIncomeRatio": 0.0969849246,
    "totalOtherIncomeExpensesNet": -35000000,
    "incomeBeforeTax": 158000000,
    "incomeBeforeTaxRatio": 0.0793969849,
    "incomeTaxExpense": 57000000,
    "netIncome": 94000000,
    "netIncomeRatio": 0.0472361809,
    "eps": 0.28,
    "epsdiluted": 0.28,
    "weightedAverageShsOut": 338094041,
    "weightedAverageShsOutDil": 339130435,
    "link": "https://www.sec.gov/Archives/edgar/data/79879/000092701603000839/0000927016-03-000839-index.htm",
    "finalLink": "https://www.sec.gov/Archives/edgar/data/79879/000092701603000839/d10k.htm"
  },
  {
    "date": "2002-09-30",
    "symbol": "PPG",
    "reportedCurrency": "USD",
    "cik": "0000079879",
    "fillingDate": "2002-11-06",
    "acceptedDate": "2002-11-06 15:51:59",
    "calendarYear": "2002",
    "period": "Q3",
    "revenue": 2068000000,
    "costOfRevenue": 1291000000,
    "grossProfit": 777000000,
    "grossProfitRatio": 0.3757253385,
    "researchAndDevelopmentExpenses": 68000000,
    "generalAndAdministrativeExpenses": 0,
    "sellingAndMarketingExpenses": 0,
    "sellingGeneralAndAdministrativeExpenses": 352000000,
    "otherExpenses": 99000000,
    "operatingExpenses": 519000000,
    "costAndExpenses": 1810000000,
    "interestIncome": 0,
    "interestExpense": 0,
    "depreciationAndAmortization": 99000000,
    "ebitda": 357000000,
    "ebitdaratio": 0.1726305609,
    "operatingIncome": 258000000,
    "operatingIncomeRatio": 0.1247582205,
    "totalOtherIncomeExpensesNet": -10000000,
    "incomeBeforeTax": 248000000,
    "incomeBeforeTaxRatio": 0.1199226306,
    "incomeTaxExpense": 89000000,
    "netIncome": 148000000,
    "netIncomeRatio": 0.0715667311,
    "eps": 0.44,
    "epsdiluted": 0.44,
    "weightedAverageShsOut": 340229885,
    "weightedAverageShsOutDil": 340229885,
    "link": "https://www.sec.gov/Archives/edgar/data/79879/000102140802013335/0001021408-02-013335-index.htm",
    "finalLink": "https://www.sec.gov/Archives/edgar/data/79879/000102140802013335/d10q.txt"
  },
  {
    "date": "2002-06-30",
    "symbol": "PPG",
    "reportedCurrency": "USD",
    "cik": "0000079879",
    "fillingDate": "2002-08-12",
    "acceptedDate": "2002-08-12 13:45:15",
    "calendarYear": "2002",
    "period": "Q2",
    "revenue": 2134000000,
    "costOfRevenue": 1325000000,
    "grossProfit": 809000000,
    "grossProfitRatio": 0.3791002812,
    "researchAndDevelopmentExpenses": 68000000,
    "generalAndAdministrativeExpenses": 0,
    "sellingAndMarketingExpenses": 0,
    "sellingGeneralAndAdministrativeExpenses": 359000000,
    "otherExpenses": 101000000,
    "operatingExpenses": 528000000,
    "costAndExpenses": 1853000000,
    "interestIncome": 0,
    "interestExpense": 0,
    "depreciationAndAmortization": 101000000,
    "ebitda": 382000000,
    "ebitdaratio": 0.1790065604,
    "operatingIncome": 281000000,
    "operatingIncomeRatio": 0.1316776007,
    "totalOtherIncomeExpensesNet": -812000000,
    "incomeBeforeTax": -531000000,
    "incomeBeforeTaxRatio": -0.2488284911,
    "incomeTaxExpense": -186000000,
    "netIncome": -345000000,
    "netIncomeRatio": -0.1616682287,
    "eps": -1.02,
    "epsdiluted": -1.01,
    "weightedAverageShsOut": 338235294,
    "weightedAverageShsOutDil": 339901478,
    "link": "https://www.sec.gov/Archives/edgar/data/79879/000102140802010480/0001021408-02-010480-index.htm",
    "finalLink": "https://www.sec.gov/Archives/edgar/data/79879/000102140802010480/d10q.txt"
  },
  {
    "date": "2002-03-31",
    "symbol": "PPG",
    "reportedCurrency": "USD",
    "cik": "0000079879",
    "fillingDate": "2002-05-03",
    "acceptedDate": "2002-05-03 13:27:55",
    "calendarYear": "2002",
    "period": "Q1",
    "revenue": 1875000000,
    "costOfRevenue": 1189000000,
    "grossProfit": 686000000,
    "grossProfitRatio": 0.3658666667,
    "researchAndDevelopmentExpenses": 66000000,
    "generalAndAdministrativeExpenses": 0,
    "sellingAndMarketingExpenses": 0,
    "sellingGeneralAndAdministrativeExpenses": 342000000,
    "otherExpenses": 99000000,
    "operatingExpenses": 507000000,
    "costAndExpenses": 1696000000,
    "interestIncome": 0,
    "interestExpense": 0,
    "depreciationAndAmortization": 99000000,
    "ebitda": 278000000,
    "ebitdaratio": 0.1482666667,
    "operatingIncome": 179000000,
    "operatingIncomeRatio": 0.0954666667,
    "totalOtherIncomeExpensesNet": -103000000,
    "incomeBeforeTax": 76000000,
    "incomeBeforeTaxRatio": 0.0405333333,
    "incomeTaxExpense": 33000000,
    "netIncome": 34000000,
    "netIncomeRatio": 0.0181333333,
    "eps": 0.1,
    "epsdiluted": 0.1,
    "weightedAverageShsOut": 340000000,
    "weightedAverageShsOutDil": 340000000,
    "link": "https://www.sec.gov/Archives/edgar/data/79879/000092701602002572/0000927016-02-002572-index.htm",
    "finalLink": "https://www.sec.gov/Archives/edgar/data/79879/000092701602002572/d10q.txt"
  },
  {
    "date": "2001-12-31",
    "symbol": "PPG",
    "reportedCurrency": "USD",
    "cik": "0000079879",
    "fillingDate": "2002-02-22",
    "acceptedDate": "2002-02-22 00:00:00",
    "calendarYear": "2001",
    "period": "Q4",
    "revenue": 1907000000,
    "costOfRevenue": 1210000000,
    "grossProfit": 697000000,
    "grossProfitRatio": 0.3654955427,
    "researchAndDevelopmentExpenses": 66000000,
    "generalAndAdministrativeExpenses": 0,
    "sellingAndMarketingExpenses": 0,
    "sellingGeneralAndAdministrativeExpenses": 354000000,
    "otherExpenses": 112000000,
    "operatingExpenses": 532000000,
    "costAndExpenses": 1742000000,
    "interestIncome": 0,
    "interestExpense": 0,
    "depreciationAndAmortization": 112000000,
    "ebitda": 277000000,
    "ebitdaratio": 0.1452543262,
    "operatingIncome": 165000000,
    "operatingIncomeRatio": 0.0865233351,
    "totalOtherIncomeExpensesNet": -32000000,
    "incomeBeforeTax": 133000000,
    "incomeBeforeTaxRatio": 0.0697430519,
    "incomeTaxExpense": 50000000,
    "netIncome": 83000000,
    "netIncomeRatio": 0.0435238595,
    "eps": 0.24,
    "epsdiluted": 0.24,
    "weightedAverageShsOut": 338352150,
    "weightedAverageShsOutDil": 340000000,
    "link": "https://www.sec.gov/Archives/edgar/data/79879/000102140802002741/0001021408-02-002741-index.htm",
    "finalLink": "https://www.sec.gov/Archives/edgar/data/79879/000102140802002741/d10k.txt"
  },
  {
    "date": "2001-09-30",
    "symbol": "PPG",
    "reportedCurrency": "USD",
    "cik": "0000079879",
    "fillingDate": "2001-10-26",
    "acceptedDate": "2001-10-26 00:00:00",
    "calendarYear": "2001",
    "period": "Q3",
    "revenue": 1999000000,
    "costOfRevenue": 1261000000,
    "grossProfit": 738000000,
    "grossProfitRatio": 0.3691845923,
    "researchAndDevelopmentExpenses": 66000000,
    "generalAndAdministrativeExpenses": 0,
    "sellingAndMarketingExpenses": 0,
    "sellingGeneralAndAdministrativeExpenses": 348000000,
    "otherExpenses": 111000000,
    "operatingExpenses": 525000000,
    "costAndExpenses": 1786000000,
    "interestIncome": 0,
    "interestExpense": 0,
    "depreciationAndAmortization": 111000000,
    "ebitda": 324000000,
    "ebitdaratio": 0.1620810405,
    "operatingIncome": 213000000,
    "operatingIncomeRatio": 0.1065532766,
    "totalOtherIncomeExpensesNet": -65000000,
    "incomeBeforeTax": 148000000,
    "incomeBeforeTaxRatio": 0.0740370185,
    "incomeTaxExpense": 55000000,
    "netIncome": 93000000,
    "netIncomeRatio": 0.0465232616,
    "eps": 0.28,
    "epsdiluted": 0.28,
    "weightedAverageShsOut": 332142857,
    "weightedAverageShsOutDil": 338181818,
    "link": "https://www.sec.gov/Archives/edgar/data/79879/000102140801508852/0001021408-01-508852-index.htm",
    "finalLink": "https://www.sec.gov/Archives/edgar/data/79879/000102140801508852/d10q.txt"
  },
  {
    "date": "2001-06-30",
    "symbol": "PPG",
    "reportedCurrency": "USD",
    "cik": "0000079879",
    "fillingDate": "2001-07-27",
    "acceptedDate": "2001-07-27 00:00:00",
    "calendarYear": "2001",
    "period": "Q2",
    "revenue": 2164000000,
    "costOfRevenue": 1342000000,
    "grossProfit": 822000000,
    "grossProfitRatio": 0.3798521257,
    "researchAndDevelopmentExpenses": 67000000,
    "generalAndAdministrativeExpenses": 0,
    "sellingAndMarketingExpenses": 0,
    "sellingGeneralAndAdministrativeExpenses": 342000000,
    "otherExpenses": 112000000,
    "operatingExpenses": 521000000,
    "costAndExpenses": 1863000000,
    "interestIncome": 0,
    "interestExpense": 0,
    "depreciationAndAmortization": 112000000,
    "ebitda": 413000000,
    "ebitdaratio": 0.1908502773,
    "operatingIncome": 301000000,
    "operatingIncomeRatio": 0.1390942699,
    "totalOtherIncomeExpensesNet": -40000000,
    "incomeBeforeTax": 261000000,
    "incomeBeforeTaxRatio": 0.1206099815,
    "incomeTaxExpense": 94000000,
    "netIncome": 155000000,
    "netIncomeRatio": 0.0716266174,
    "eps": 0.46,
    "epsdiluted": 0.46,
    "weightedAverageShsOut": 336600000,
    "weightedAverageShsOutDil": 338600000,
    "link": "https://www.sec.gov/Archives/edgar/data/79879/000102140801504047/0001021408-01-504047-index.htm",
    "finalLink": "https://www.sec.gov/Archives/edgar/data/79879/000102140801504047/d10q.txt"
  },
  {
    "date": "2001-03-31",
    "symbol": "PPG",
    "reportedCurrency": "USD",
    "cik": "0000079879",
    "fillingDate": "2001-05-03",
    "acceptedDate": "2001-05-03 00:00:00",
    "calendarYear": "2001",
    "period": "Q1",
    "revenue": 2099000000,
    "costOfRevenue": 1324000000,
    "grossProfit": 775000000,
    "grossProfitRatio": 0.3692234397,
    "researchAndDevelopmentExpenses": 67000000,
    "generalAndAdministrativeExpenses": 0,
    "sellingAndMarketingExpenses": 0,
    "sellingGeneralAndAdministrativeExpenses": 351000000,
    "otherExpenses": 112000000,
    "operatingExpenses": 530000000,
    "costAndExpenses": 1854000000,
    "interestIncome": 0,
    "interestExpense": 0,
    "depreciationAndAmortization": 112000000,
    "ebitda": 357000000,
    "ebitdaratio": 0.1700809909,
    "operatingIncome": 245000000,
    "operatingIncomeRatio": 0.1167222487,
    "totalOtherIncomeExpensesNet": -141000000,
    "incomeBeforeTax": 104000000,
    "incomeBeforeTaxRatio": 0.0495474035,
    "incomeTaxExpense": 48000000,
    "netIncome": 56000000,
    "netIncomeRatio": 0.0266793711,
    "eps": 0.17,
    "epsdiluted": 0.17,
    "weightedAverageShsOut": 339393939,
    "weightedAverageShsOutDil": 339393939,
    "link": "https://www.sec.gov/Archives/edgar/data/79879/000095013201500178/0000950132-01-500178-index.htm",
    "finalLink": "https://www.sec.gov/Archives/edgar/data/79879/000095013201500178/d10q.txt"
  },
  {
    "date": "2000-12-31",
    "symbol": "PPG",
    "reportedCurrency": "USD",
    "cik": "0000079879",
    "fillingDate": "2001-02-16",
    "acceptedDate": "2001-02-16 00:00:00",
    "calendarYear": "2000",
    "period": "Q4",
    "revenue": 2254000000,
    "costOfRevenue": 1482000000,
    "grossProfit": 772000000,
    "grossProfitRatio": 0.3425022183,
    "researchAndDevelopmentExpenses": 70000000,
    "generalAndAdministrativeExpenses": 0,
    "sellingAndMarketingExpenses": 0,
    "sellingGeneralAndAdministrativeExpenses": 365000000,
    "otherExpenses": 111000000,
    "operatingExpenses": 546000000,
    "costAndExpenses": 2028000000,
    "interestIncome": 0,
    "interestExpense": 0,
    "depreciationAndAmortization": 111000000,
    "ebitda": 337000000,
    "ebitdaratio": 0.1495119787,
    "operatingIncome": 226000000,
    "operatingIncomeRatio": 0.1002661934,
    "totalOtherIncomeExpensesNet": -64000000,
    "incomeBeforeTax": 162000000,
    "incomeBeforeTaxRatio": 0.0718722272,
    "incomeTaxExpense": 36000000,
    "netIncome": 126000000,
    "netIncomeRatio": 0.0559006211,
    "eps": 0.37,
    "epsdiluted": 0.37,
    "weightedAverageShsOut": 336777778,
    "weightedAverageShsOutDil": 339393939,
    "link": "https://www.sec.gov/Archives/edgar/data/79879/000095013201000119/0000950132-01-000119-index.htm",
    "finalLink": "https://www.sec.gov/Archives/edgar/data/79879/000095013201000119/0000950132-01-000119-0001.txt"
  },
  {
    "date": "2000-09-30",
    "symbol": "PPG",
    "reportedCurrency": "USD",
    "cik": "0000079879",
    "fillingDate": "2000-11-03",
    "acceptedDate": "2000-11-03 00:00:00",
    "calendarYear": "2000",
    "period": "Q3",
    "revenue": 2144000000,
    "costOfRevenue": 1337000000,
    "grossProfit": 807000000,
    "grossProfitRatio": 0.3763992537,
    "researchAndDevelopmentExpenses": 72000000,
    "generalAndAdministrativeExpenses": 0,
    "sellingAndMarketingExpenses": 0,
    "sellingGeneralAndAdministrativeExpenses": 329000000,
    "otherExpenses": 112000000,
    "operatingExpenses": 513000000,
    "costAndExpenses": 1850000000,
    "interestIncome": 0,
    "interestExpense": 0,
    "depreciationAndAmortization": 112000000,
    "ebitda": 406000000,
    "ebitdaratio": 0.1893656716,
    "operatingIncome": 294000000,
    "operatingIncomeRatio": 0.1371268657,
    "totalOtherIncomeExpensesNet": -52000000,
    "incomeBeforeTax": 242000000,
    "incomeBeforeTaxRatio": 0.1128731343,
    "incomeTaxExpense": 92000000,
    "netIncome": 150000000,
    "netIncomeRatio": 0.0699626866,
    "eps": 0.44,
    "epsdiluted": 0.43,
    "weightedAverageShsOut": 345600000,
    "weightedAverageShsOutDil": 348400000,
    "link": "https://www.sec.gov/Archives/edgar/data/79879/000095013200000794/0000950132-00-000794-index.htm",
    "finalLink": "https://www.sec.gov/Archives/edgar/data/79879/000095013200000794/0000950132-00-000794-0001.txt"
  },
  {
    "date": "2000-06-30",
    "symbol": "PPG",
    "reportedCurrency": "USD",
    "cik": "0000079879",
    "fillingDate": "2000-07-28",
    "acceptedDate": "2000-07-28 00:00:00",
    "calendarYear": "2000",
    "period": "Q2",
    "revenue": 2210000000,
    "costOfRevenue": 1327000000,
    "grossProfit": 883000000,
    "grossProfitRatio": 0.3995475113,
    "researchAndDevelopmentExpenses": 70000000,
    "generalAndAdministrativeExpenses": 0,
    "sellingAndMarketingExpenses": 0,
    "sellingGeneralAndAdministrativeExpenses": 343000000,
    "otherExpenses": 112000000,
    "operatingExpenses": 525000000,
    "costAndExpenses": 1852000000,
    "interestIncome": 0,
    "interestExpense": 0,
    "depreciationAndAmortization": 112000000,
    "ebitda": 470000000,
    "ebitdaratio": 0.2126696833,
    "operatingIncome": 358000000,
    "operatingIncomeRatio": 0.1619909502,
    "totalOtherIncomeExpensesNet": -21000000,
    "incomeBeforeTax": 337000000,
    "incomeBeforeTaxRatio": 0.1524886878,
    "incomeTaxExpense": 132000000,
    "netIncome": 205000000,
    "netIncomeRatio": 0.092760181,
    "eps": 0.59,
    "epsdiluted": 0.59,
    "weightedAverageShsOut": 347457627,
    "weightedAverageShsOutDil": 350427350,
    "link": "https://www.sec.gov/Archives/edgar/data/79879/000095013200000543/0000950132-00-000543-index.htm",
    "finalLink": "https://www.sec.gov/Archives/edgar/data/79879/000095013200000543/0000950132-00-000543-0001.txt"
  },
  {
    "date": "2000-03-31",
    "symbol": "PPG",
    "reportedCurrency": "USD",
    "cik": "0000079879",
    "fillingDate": "2000-05-05",
    "acceptedDate": "2000-05-05 00:00:00",
    "calendarYear": "2000",
    "period": "Q1",
    "revenue": 2152000000,
    "costOfRevenue": 1319000000,
    "grossProfit": 833000000,
    "grossProfitRatio": 0.3870817844,
    "researchAndDevelopmentExpenses": 70000000,
    "generalAndAdministrativeExpenses": 0,
    "sellingAndMarketingExpenses": 0,
    "sellingGeneralAndAdministrativeExpenses": 327000000,
    "otherExpenses": 112000000,
    "operatingExpenses": 509000000,
    "costAndExpenses": 1828000000,
    "interestIncome": 0,
    "interestExpense": 0,
    "depreciationAndAmortization": 112000000,
    "ebitda": 436000000,
    "ebitdaratio": 0.2026022305,
    "operatingIncome": 324000000,
    "operatingIncomeRatio": 0.1505576208,
    "totalOtherIncomeExpensesNet": -76000000,
    "incomeBeforeTax": 248000000,
    "incomeBeforeTaxRatio": 0.1152416357,
    "incomeTaxExpense": 109000000,
    "netIncome": 139000000,
    "netIncomeRatio": 0.0645910781,
    "eps": 0.4,
    "epsdiluted": 0.4,
    "weightedAverageShsOut": 348200000,
    "weightedAverageShsOutDil": 351400000,
    "link": "https://www.sec.gov/Archives/edgar/data/79879/000095013200000329/0000950132-00-000329-index.html",
    "finalLink": "https://www.sec.gov/Archives/edgar/data/79879/000095013200000329/"
  },
  {
    "date": "1999-12-31",
    "symbol": "PPG",
    "reportedCurrency": "USD",
    "cik": "0000079879",
    "fillingDate": "2000-02-18",
    "acceptedDate": "2000-02-18 00:00:00",
    "calendarYear": "1999",
    "period": "Q4",
    "revenue": 2053000000,
    "costOfRevenue": 1245000000,
    "grossProfit": 808000000,
    "grossProfitRatio": 0.3935703848,
    "researchAndDevelopmentExpenses": 78000000,
    "generalAndAdministrativeExpenses": 0,
    "sellingAndMarketingExpenses": 0,
    "sellingGeneralAndAdministrativeExpenses": 322000000,
    "otherExpenses": 145000000,
    "operatingExpenses": 545000000,
    "costAndExpenses": 1790000000,
    "interestIncome": 0,
    "interestExpense": 0,
    "depreciationAndAmortization": 145000000,
    "ebitda": 408000000,
    "ebitdaratio": 0.1987335606,
    "operatingIncome": 263000000,
    "operatingIncomeRatio": 0.1281052119,
    "totalOtherIncomeExpensesNet": 4000000,
    "incomeBeforeTax": 267000000,
    "incomeBeforeTaxRatio": 0.1300535801,
    "incomeTaxExpense": 105000000,
    "netIncome": 162000000,
    "netIncomeRatio": 0.0789089138,
    "eps": 0.47,
    "epsdiluted": 0.47,
    "weightedAverageShsOut": 346802446,
    "weightedAverageShsOutDil": 347500000,
    "link": "https://www.sec.gov/Archives/edgar/data/79879/000095013200000083/0000950132-00-000083-index.html",
    "finalLink": "https://www.sec.gov/Archives/edgar/data/79879/000095013200000083/"
  },
  {
    "date": "1999-09-30",
    "symbol": "PPG",
    "reportedCurrency": "USD",
    "cik": "0000079879",
    "fillingDate": "1999-11-09",
    "acceptedDate": "1999-11-09 00:00:00",
    "calendarYear": "1999",
    "period": "Q3",
    "revenue": 1954000000,
    "costOfRevenue": 1206000000,
    "grossProfit": 748000000,
    "grossProfitRatio": 0.3828045036,
    "researchAndDevelopmentExpenses": 72000000,
    "generalAndAdministrativeExpenses": 0,
    "sellingAndMarketingExpenses": 0,
    "sellingGeneralAndAdministrativeExpenses": 315000000,
    "otherExpenses": 92000000,
    "operatingExpenses": 479000000,
    "costAndExpenses": 1685000000,
    "interestIncome": 0,
    "interestExpense": 0,
    "depreciationAndAmortization": 92000000,
    "ebitda": 361000000,
    "ebitdaratio": 0.1847492323,
    "operatingIncome": 269000000,
    "operatingIncomeRatio": 0.1376663255,
    "totalOtherIncomeExpensesNet": -93000000,
    "incomeBeforeTax": 176000000,
    "incomeBeforeTaxRatio": 0.0900716479,
    "incomeTaxExpense": 77000000,
    "netIncome": 99000000,
    "netIncomeRatio": 0.0506653019,
    "eps": 0.28,
    "epsdiluted": 0.28,
    "weightedAverageShsOut": 347400000,
    "weightedAverageShsOutDil": 350800000,
    "link": "https://www.sec.gov/Archives/edgar/data/79879/000095013299000956/0000950132-99-000956-index.html",
    "finalLink": "https://www.sec.gov/Archives/edgar/data/79879/000095013299000956/"
  },
  {
    "date": "1999-06-30",
    "symbol": "PPG",
    "reportedCurrency": "USD",
    "cik": "0000079879",
    "fillingDate": "1999-07-27",
    "acceptedDate": "1999-07-27 00:00:00",
    "calendarYear": "1999",
    "period": "Q2",
    "revenue": 1947000000,
    "costOfRevenue": 1165000000,
    "grossProfit": 782000000,
    "grossProfitRatio": 0.4016435542,
    "researchAndDevelopmentExpenses": 67000000,
    "generalAndAdministrativeExpenses": 0,
    "sellingAndMarketingExpenses": 0,
    "sellingGeneralAndAdministrativeExpenses": 307000000,
    "otherExpenses": 87000000,
    "operatingExpenses": 461000000,
    "costAndExpenses": 1626000000,
    "interestIncome": 0,
    "interestExpense": 0,
    "depreciationAndAmortization": 87000000,
    "ebitda": 408000000,
    "ebitdaratio": 0.2095531587,
    "operatingIncome": 321000000,
    "operatingIncomeRatio": 0.1648690293,
    "totalOtherIncomeExpensesNet": -21000000,
    "incomeBeforeTax": 300000000,
    "incomeBeforeTaxRatio": 0.1540832049,
    "incomeTaxExpense": 116000000,
    "netIncome": 184000000,
    "netIncomeRatio": 0.0945043657,
    "eps": 0.53,
    "epsdiluted": 0.53,
    "weightedAverageShsOut": 347000000,
    "weightedAverageShsOutDil": 350400000,
    "link": "https://www.sec.gov/Archives/edgar/data/79879/000095013299000688/0000950132-99-000688-index.html",
    "finalLink": "https://www.sec.gov/Archives/edgar/data/79879/000095013299000688/"
  },
  {
    "date": "1999-03-31",
    "symbol": "PPG",
    "reportedCurrency": "USD",
    "cik": "0000079879",
    "fillingDate": "1999-04-30",
    "acceptedDate": "1999-04-30 00:00:00",
    "calendarYear": "1999",
    "period": "Q1",
    "revenue": 1803000000,
    "costOfRevenue": 1103000000,
    "grossProfit": 700000000,
    "grossProfitRatio": 0.3882418192,
    "researchAndDevelopmentExpenses": 67000000,
    "generalAndAdministrativeExpenses": 0,
    "sellingAndMarketingExpenses": 0,
    "sellingGeneralAndAdministrativeExpenses": 286000000,
    "otherExpenses": 91000000,
    "operatingExpenses": 444000000,
    "costAndExpenses": 1547000000,
    "interestIncome": 0,
    "interestExpense": 0,
    "depreciationAndAmortization": 91000000,
    "ebitda": 347000000,
    "ebitdaratio": 0.1924570161,
    "operatingIncome": 256000000,
    "operatingIncomeRatio": 0.1419855796,
    "totalOtherIncomeExpensesNet": -54000000,
    "incomeBeforeTax": 202000000,
    "incomeBeforeTaxRatio": 0.1120354964,
    "incomeTaxExpense": 79000000,
    "netIncome": 123000000,
    "netIncomeRatio": 0.0682196339,
    "eps": 0.36,
    "epsdiluted": 0.35,
    "weightedAverageShsOut": 348400000,
    "weightedAverageShsOutDil": 351600000,
    "link": "https://www.sec.gov/Archives/edgar/data/79879/000095013299000439/0000950132-99-000439-index.html",
    "finalLink": "https://www.sec.gov/Archives/edgar/data/79879/"
  },
  {
    "date": "1998-12-31",
    "symbol": "PPG",
    "reportedCurrency": "USD",
    "cik": "0000079879",
    "fillingDate": "1999-02-19",
    "acceptedDate": "1999-02-19 00:00:00",
    "calendarYear": "1998",
    "period": "Q4",
    "revenue": 1789000000,
    "costOfRevenue": 1063000000,
    "grossProfit": 726000000,
    "grossProfitRatio": 0.4058133035,
    "researchAndDevelopmentExpenses": 69000000,
    "generalAndAdministrativeExpenses": 0,
    "sellingAndMarketingExpenses": 0,
    "sellingGeneralAndAdministrativeExpenses": 295000000,
    "otherExpenses": 89000000,
    "operatingExpenses": 453000000,
    "costAndExpenses": 1516000000,
    "interestIncome": 0,
    "interestExpense": 0,
    "depreciationAndAmortization": 89000000,
    "ebitda": 362000000,
    "ebitdaratio": 0.2023476803,
    "operatingIncome": 273000000,
    "operatingIncomeRatio": 0.1525992174,
    "totalOtherIncomeExpensesNet": -25000000,
    "incomeBeforeTax": 248000000,
    "incomeBeforeTaxRatio": 0.1386249301,
    "incomeTaxExpense": 86000000,
    "netIncome": 162000000,
    "netIncomeRatio": 0.0905533818,
    "eps": 0.46,
    "epsdiluted": 0.46,
    "weightedAverageShsOut": 348400000,
    "weightedAverageShsOutDil": 348400000,
    "link": "https://www.sec.gov/Archives/edgar/data/79879/000095013299000123/0000950132-99-000123-index.html",
    "finalLink": "https://www.sec.gov/Archives/edgar/data/79879/"
  },
  {
    "date": "1998-09-30",
    "symbol": "PPG",
    "reportedCurrency": "USD",
    "cik": "0000079879",
    "fillingDate": "1998-11-05",
    "acceptedDate": "1998-11-05 00:00:00",
    "calendarYear": "1998",
    "period": "Q3",
    "revenue": 1804000000,
    "costOfRevenue": 1082000000,
    "grossProfit": 722000000,
    "grossProfitRatio": 0.4002217295,
    "researchAndDevelopmentExpenses": 68000000,
    "generalAndAdministrativeExpenses": 0,
    "sellingAndMarketingExpenses": 0,
    "sellingGeneralAndAdministrativeExpenses": 282000000,
    "otherExpenses": 87000000,
    "operatingExpenses": 437000000,
    "costAndExpenses": 1519000000,
    "interestIncome": 0,
    "interestExpense": 0,
    "depreciationAndAmortization": 87000000,
    "ebitda": 372000000,
    "ebitdaratio": 0.2062084257,
    "operatingIncome": 285000000,
    "operatingIncomeRatio": 0.1579822616,
    "totalOtherIncomeExpensesNet": 87000000,
    "incomeBeforeTax": 372000000,
    "incomeBeforeTaxRatio": 0.2062084257,
    "incomeTaxExpense": 124000000,
    "netIncome": 248000000,
    "netIncomeRatio": 0.1374722838,
    "eps": 0.7,
    "epsdiluted": 0.7,
    "weightedAverageShsOut": 354000000,
    "weightedAverageShsOutDil": 357400000,
    "link": "https://www.sec.gov/Archives/edgar/data/79879/000095013298000820/0000950132-98-000820-index.html",
    "finalLink": "https://www.sec.gov/Archives/edgar/data/79879/"
  },
  {
    "date": "1998-06-30",
    "symbol": "PPG",
    "reportedCurrency": "USD",
    "cik": "0000079879",
    "fillingDate": "1998-08-04",
    "acceptedDate": "1998-08-04 00:00:00",
    "calendarYear": "1998",
    "period": "Q2",
    "revenue": 2004000000,
    "costOfRevenue": 1186000000,
    "grossProfit": 818000000,
    "grossProfitRatio": 0.4081836327,
    "researchAndDevelopmentExpenses": 67000000,
    "generalAndAdministrativeExpenses": 0,
    "sellingAndMarketingExpenses": 0,
    "sellingGeneralAndAdministrativeExpenses": 293000000,
    "otherExpenses": 89000000,
    "operatingExpenses": 449000000,
    "costAndExpenses": 1635000000,
    "interestIncome": 0,
    "interestExpense": 0,
    "depreciationAndAmortization": 89000000,
    "ebitda": 458000000,
    "ebitdaratio": 0.2285429142,
    "operatingIncome": 369000000,
    "operatingIncomeRatio": 0.1841317365,
    "totalOtherIncomeExpensesNet": -40000000,
    "incomeBeforeTax": 329000000,
    "incomeBeforeTaxRatio": 0.1641716567,
    "incomeTaxExpense": 130000000,
    "netIncome": 199000000,
    "netIncomeRatio": 0.0993013972,
    "eps": 0.56,
    "epsdiluted": 0.56,
    "weightedAverageShsOut": 354000000,
    "weightedAverageShsOutDil": 358400000,
    "link": "https://www.sec.gov/Archives/edgar/data/79879/000095013298000582/0000950132-98-000582-index.html",
    "finalLink": "https://www.sec.gov/Archives/edgar/data/79879/"
  },
  {
    "date": "1998-03-31",
    "symbol": "PPG",
    "reportedCurrency": "USD",
    "cik": "0000079879",
    "fillingDate": "1998-04-28",
    "acceptedDate": "1998-04-28 00:00:00",
    "calendarYear": "1998",
    "period": "Q1",
    "revenue": 1913000000,
    "costOfRevenue": 1145000000,
    "grossProfit": 768000000,
    "grossProfitRatio": 0.4014636696,
    "researchAndDevelopmentExpenses": 67000000,
    "generalAndAdministrativeExpenses": 0,
    "sellingAndMarketingExpenses": 0,
    "sellingGeneralAndAdministrativeExpenses": 263000000,
    "otherExpenses": 89000000,
    "operatingExpenses": 419000000,
    "costAndExpenses": 1564000000,
    "interestIncome": 0,
    "interestExpense": 0,
    "depreciationAndAmortization": 89000000,
    "ebitda": 438000000,
    "ebitdaratio": 0.2289597491,
    "operatingIncome": 349000000,
    "operatingIncomeRatio": 0.1824359645,
    "totalOtherIncomeExpensesNet": -31000000,
    "incomeBeforeTax": 318000000,
    "incomeBeforeTaxRatio": 0.1662310507,
    "incomeTaxExpense": 126000000,
    "netIncome": 192000000,
    "netIncomeRatio": 0.1003659174,
    "eps": 0.54,
    "epsdiluted": 0.54,
    "weightedAverageShsOut": 355000000,
    "weightedAverageShsOutDil": 358800000,
    "link": "https://www.sec.gov/Archives/edgar/data/79879/000095013298000383/0000950132-98-000383-index.html",
    "finalLink": "https://www.sec.gov/Archives/edgar/data/79879/"
  },
  {
    "date": "1997-12-31",
    "symbol": "PPG",
    "reportedCurrency": "USD",
    "cik": "0000079879",
    "fillingDate": "1998-02-24",
    "acceptedDate": "1998-02-24 00:00:00",
    "calendarYear": "1997",
    "period": "Q4",
    "revenue": 1846000000,
    "costOfRevenue": 1085000000,
    "grossProfit": 761000000,
    "grossProfitRatio": 0.4122426869,
    "researchAndDevelopmentExpenses": 68000000,
    "generalAndAdministrativeExpenses": 0,
    "sellingAndMarketingExpenses": 0,
    "sellingGeneralAndAdministrativeExpenses": 280000000,
    "otherExpenses": 87000000,
    "operatingExpenses": 435000000,
    "costAndExpenses": 1520000000,
    "interestIncome": 0,
    "interestExpense": 0,
    "depreciationAndAmortization": 87000000,
    "ebitda": 413000000,
    "ebitdaratio": 0.2237269772,
    "operatingIncome": 326000000,
    "operatingIncomeRatio": 0.1765980498,
    "totalOtherIncomeExpensesNet": -84000000,
    "incomeBeforeTax": 242000000,
    "incomeBeforeTaxRatio": 0.1310942579,
    "incomeTaxExpense": 83000000,
    "netIncome": 159000000,
    "netIncomeRatio": 0.0861321777,
    "eps": 0.45,
    "epsdiluted": 0.45,
    "weightedAverageShsOut": 355000000,
    "weightedAverageShsOutDil": 355000000,
    "link": "https://www.sec.gov/Archives/edgar/data/79879/000095013298000141/0000950132-98-000141-index.html",
    "finalLink": "https://www.sec.gov/Archives/edgar/data/79879/"
  },
  {
    "date": "1997-09-30",
    "symbol": "PPG",
    "reportedCurrency": "USD",
    "cik": "0000079879",
    "fillingDate": "1997-10-28",
    "acceptedDate": "1997-10-28 00:00:00",
    "calendarYear": "1997",
    "period": "Q3",
    "revenue": 1812000000,
    "costOfRevenue": 1079000000,
    "grossProfit": 733000000,
    "grossProfitRatio": 0.4045253863,
    "researchAndDevelopmentExpenses": 63000000,
    "generalAndAdministrativeExpenses": 0,
    "sellingAndMarketingExpenses": 0,
    "sellingGeneralAndAdministrativeExpenses": 266000000,
    "otherExpenses": 88000000,
    "operatingExpenses": 417000000,
    "costAndExpenses": 1496000000,
    "interestIncome": 0,
    "interestExpense": 0,
    "depreciationAndAmortization": 88000000,
    "ebitda": 404000000,
    "ebitdaratio": 0.2229580574,
    "operatingIncome": 316000000,
    "operatingIncomeRatio": 0.174392936,
    "totalOtherIncomeExpensesNet": -37000000,
    "incomeBeforeTax": 279000000,
    "incomeBeforeTaxRatio": 0.1539735099,
    "incomeTaxExpense": 108000000,
    "netIncome": 171000000,
    "netIncomeRatio": 0.0943708609,
    "eps": 0.48,
    "epsdiluted": 0.48,
    "weightedAverageShsOut": 357600000,
    "weightedAverageShsOutDil": 361600000,
    "link": "https://www.sec.gov/Archives/edgar/data/79879/000095013297000743/0000950132-97-000743-index.html",
    "finalLink": "https://www.sec.gov/Archives/edgar/data/79879/"
  },
  {
    "date": "1997-06-30",
    "symbol": "PPG",
    "reportedCurrency": "USD",
    "cik": "0000079879",
    "fillingDate": "1997-08-06",
    "acceptedDate": "1997-08-06 00:00:00",
    "calendarYear": "1997",
    "period": "Q2",
    "revenue": 1944000000,
    "costOfRevenue": 1146000000,
    "grossProfit": 798000000,
    "grossProfitRatio": 0.4104938272,
    "researchAndDevelopmentExpenses": 61000000,
    "generalAndAdministrativeExpenses": 0,
    "sellingAndMarketingExpenses": 0,
    "sellingGeneralAndAdministrativeExpenses": 275000000,
    "otherExpenses": 88000000,
    "operatingExpenses": 424000000,
    "costAndExpenses": 1570000000,
    "interestIncome": 0,
    "interestExpense": 0,
    "depreciationAndAmortization": 88000000,
    "ebitda": 462000000,
    "ebitdaratio": 0.237654321,
    "operatingIncome": 374000000,
    "operatingIncomeRatio": 0.1923868313,
    "totalOtherIncomeExpensesNet": -18000000,
    "incomeBeforeTax": 356000000,
    "incomeBeforeTaxRatio": 0.183127572,
    "incomeTaxExpense": 138000000,
    "netIncome": 218000000,
    "netIncomeRatio": 0.1121399177,
    "eps": 0.61,
    "epsdiluted": 0.6,
    "weightedAverageShsOut": 360200000,
    "weightedAverageShsOutDil": 364000000,
    "link": "https://www.sec.gov/Archives/edgar/data/79879/000095013297000579/0000950132-97-000579-index.html",
    "finalLink": "https://www.sec.gov/Archives/edgar/data/79879/"
  },
  {
    "date": "1997-03-31",
    "symbol": "PPG",
    "reportedCurrency": "USD",
    "cik": "0000079879",
    "fillingDate": "1997-05-06",
    "acceptedDate": "1997-05-06 00:00:00",
    "calendarYear": "1997",
    "period": "Q1",
    "revenue": 1776600000,
    "costOfRevenue": 1086800000,
    "grossProfit": 689800000,
    "grossProfitRatio": 0.3882697287,
    "researchAndDevelopmentExpenses": 58000000,
    "generalAndAdministrativeExpenses": 0,
    "sellingAndMarketingExpenses": 0,
    "sellingGeneralAndAdministrativeExpenses": 247700000,
    "otherExpenses": 84700000,
    "operatingExpenses": 390400000,
    "costAndExpenses": 1477200000,
    "interestIncome": 0,
    "interestExpense": 0,
    "depreciationAndAmortization": 84700000,
    "ebitda": 384100000,
    "ebitdaratio": 0.2161994822,
    "operatingIncome": 299400000,
    "operatingIncomeRatio": 0.1685241472,
    "totalOtherIncomeExpensesNet": -27500000,
    "incomeBeforeTax": 271900000,
    "incomeBeforeTaxRatio": 0.1530451424,
    "incomeTaxExpense": 105900000,
    "netIncome": 166000000,
    "netIncomeRatio": 0.0934369019,
    "eps": 0.46,
    "epsdiluted": 0.45,
    "weightedAverageShsOut": 364600000,
    "weightedAverageShsOutDil": 368400000,
    "link": "https://www.sec.gov/Archives/edgar/data/79879/000095013297000363/0000950132-97-000363-index.html",
    "finalLink": "https://www.sec.gov/Archives/edgar/data/79879/"
  },
  {
    "date": "1996-12-31",
    "symbol": "PPG",
    "reportedCurrency": "USD",
    "cik": "0000079879",
    "fillingDate": "1997-02-20",
    "acceptedDate": "1997-02-20 00:00:00",
    "calendarYear": "1996",
    "period": "Q4",
    "revenue": 1754500000,
    "costOfRevenue": 1073100000,
    "grossProfit": 681400000,
    "grossProfitRatio": 0.3883727558,
    "researchAndDevelopmentExpenses": 63300000,
    "generalAndAdministrativeExpenses": 0,
    "sellingAndMarketingExpenses": 0,
    "sellingGeneralAndAdministrativeExpenses": 263400000,
    "otherExpenses": 88300000,
    "operatingExpenses": 415000000,
    "costAndExpenses": 1488100000,
    "interestIncome": 0,
    "interestExpense": 0,
    "depreciationAndAmortization": 88300000,
    "ebitda": 354700000,
    "ebitdaratio": 0.2021658592,
    "operatingIncome": 266400000,
    "operatingIncomeRatio": 0.1518381305,
    "totalOtherIncomeExpensesNet": -17400000,
    "incomeBeforeTax": 249000000,
    "incomeBeforeTaxRatio": 0.1419207751,
    "incomeTaxExpense": 96900000,
    "netIncome": 152100000,
    "netIncomeRatio": 0.0866913651,
    "eps": 0.42,
    "epsdiluted": 0.42,
    "weightedAverageShsOut": 364600000,
    "weightedAverageShsOutDil": 364600000,
    "link": "https://www.sec.gov/Archives/edgar/data/79879/000095013297000092/0000950132-97-000092-index.html",
    "finalLink": "https://www.sec.gov/Archives/edgar/data/79879/"
  },
  {
    "date": "1996-09-30",
    "symbol": "PPG",
    "reportedCurrency": "USD",
    "cik": "0000079879",
    "fillingDate": "1996-11-06",
    "acceptedDate": "1996-11-06 00:00:00",
    "calendarYear": "1996",
    "period": "Q3",
    "revenue": 1801200000,
    "costOfRevenue": 1072100000,
    "grossProfit": 729100000,
    "grossProfitRatio": 0.4047856984,
    "researchAndDevelopmentExpenses": 59000000,
    "generalAndAdministrativeExpenses": 0,
    "sellingAndMarketingExpenses": 0,
    "sellingGeneralAndAdministrativeExpenses": 249300000,
    "otherExpenses": 85300000,
    "operatingExpenses": 393600000,
    "costAndExpenses": 1465700000,
    "interestIncome": 0,
    "interestExpense": 0,
    "depreciationAndAmortization": 85300000,
    "ebitda": 420800000,
    "ebitdaratio": 0.2336220298,
    "operatingIncome": 335500000,
    "operatingIncomeRatio": 0.1862647124,
    "totalOtherIncomeExpensesNet": -23900000,
    "incomeBeforeTax": 311600000,
    "incomeBeforeTaxRatio": 0.1729957806,
    "incomeTaxExpense": 120500000,
    "netIncome": 191100000,
    "netIncomeRatio": 0.106095936,
    "eps": 0.52,
    "epsdiluted": 0.51,
    "weightedAverageShsOut": 373000000,
    "weightedAverageShsOutDil": 377000000,
    "link": "https://www.sec.gov/Archives/edgar/data/79879/000007987996000008/0000079879-96-000008-index.html",
    "finalLink": "https://www.sec.gov/Archives/edgar/data/79879/"
  },
  {
    "date": "1996-06-30",
    "symbol": "PPG",
    "reportedCurrency": "USD",
    "cik": "0000079879",
    "fillingDate": "1996-08-02",
    "acceptedDate": "1996-08-02 00:00:00",
    "calendarYear": "1996",
    "period": "Q2",
    "revenue": 1913600000,
    "costOfRevenue": 1127900000,
    "grossProfit": 785700000,
    "grossProfitRatio": 0.4105873746,
    "researchAndDevelopmentExpenses": 58200000,
    "generalAndAdministrativeExpenses": 0,
    "sellingAndMarketingExpenses": 0,
    "sellingGeneralAndAdministrativeExpenses": 252700000,
    "otherExpenses": 83400000,
    "operatingExpenses": 394300000,
    "costAndExpenses": 1522200000,
    "interestIncome": 0,
    "interestExpense": 0,
    "depreciationAndAmortization": 83400000,
    "ebitda": 474800000,
    "ebitdaratio": 0.2481187291,
    "operatingIncome": 391400000,
    "operatingIncomeRatio": 0.2045359532,
    "totalOtherIncomeExpensesNet": -18600000,
    "incomeBeforeTax": 372800000,
    "incomeBeforeTaxRatio": 0.1948160535,
    "incomeTaxExpense": 144300000,
    "netIncome": 228500000,
    "netIncomeRatio": 0.1194084448,
    "eps": 0.6,
    "epsdiluted": 0.6,
    "weightedAverageShsOut": 377200000,
    "weightedAverageShsOutDil": 381800000,
    "link": "https://www.sec.gov/Archives/edgar/data/79879/000007987996000005/0000079879-96-000005-index.html",
    "finalLink": "https://www.sec.gov/Archives/edgar/data/79879/"
  },
  {
    "date": "1996-03-31",
    "symbol": "PPG",
    "reportedCurrency": "USD",
    "cik": "0000079879",
    "fillingDate": "1996-05-09",
    "acceptedDate": "1996-05-09 00:00:00",
    "calendarYear": "1996",
    "period": "Q1",
    "revenue": 1748800000,
    "costOfRevenue": 1067200000,
    "grossProfit": 681600000,
    "grossProfitRatio": 0.3897529735,
    "researchAndDevelopmentExpenses": 58600000,
    "generalAndAdministrativeExpenses": 0,
    "sellingAndMarketingExpenses": 0,
    "sellingGeneralAndAdministrativeExpenses": 238900000,
    "otherExpenses": 83200000,
    "operatingExpenses": 380700000,
    "costAndExpenses": 1447900000,
    "interestIncome": 0,
    "interestExpense": 0,
    "depreciationAndAmortization": 83200000,
    "ebitda": 384100000,
    "ebitdaratio": 0.219636322,
    "operatingIncome": 300900000,
    "operatingIncomeRatio": 0.1720608417,
    "totalOtherIncomeExpensesNet": -19300000,
    "incomeBeforeTax": 281600000,
    "incomeBeforeTaxRatio": 0.1610247027,
    "incomeTaxExpense": 109300000,
    "netIncome": 172300000,
    "netIncomeRatio": 0.0985247027,
    "eps": 0.45,
    "epsdiluted": 0.44,
    "weightedAverageShsOut": 384800000,
    "weightedAverageShsOutDil": 389600000,
    "link": "https://www.sec.gov/Archives/edgar/data/79879/000007987996000001/0000079879-96-000001-index.html",
    "finalLink": "https://www.sec.gov/Archives/edgar/data/79879/"
  },
  {
    "date": "1995-12-31",
    "symbol": "PPG",
    "reportedCurrency": "USD",
    "cik": "0000079879",
    "fillingDate": "1996-02-16",
    "acceptedDate": "1996-02-16 00:00:00",
    "calendarYear": "1995",
    "period": "Q4",
    "revenue": 1722400000,
    "costOfRevenue": 1045300000,
    "grossProfit": 677100000,
    "grossProfitRatio": 0.3931142592,
    "researchAndDevelopmentExpenses": 60400000,
    "generalAndAdministrativeExpenses": 0,
    "sellingAndMarketingExpenses": 0,
    "sellingGeneralAndAdministrativeExpenses": 240600000,
    "otherExpenses": 85400000,
    "operatingExpenses": 386400000,
    "costAndExpenses": 1431700000,
    "interestIncome": 0,
    "interestExpense": 0,
    "depreciationAndAmortization": 85400000,
    "ebitda": 376100000,
    "ebitdaratio": 0.218358105,
    "operatingIncome": 290700000,
    "operatingIncomeRatio": 0.1687761263,
    "totalOtherIncomeExpensesNet": -28200000,
    "incomeBeforeTax": 262500000,
    "incomeBeforeTaxRatio": 0.1524036229,
    "incomeTaxExpense": 101300000,
    "netIncome": 161200000,
    "netIncomeRatio": 0.0935903391,
    "eps": 0.42,
    "epsdiluted": 0.42,
    "weightedAverageShsOut": 384800000,
    "weightedAverageShsOutDil": 384800000,
    "link": "https://www.sec.gov/Archives/edgar/data/79879/000095013296000098/0000950132-96-000098-index.html",
    "finalLink": "https://www.sec.gov/Archives/edgar/data/79879/"
  },
  {
    "date": "1995-09-30",
    "symbol": "PPG",
    "reportedCurrency": "USD",
    "cik": "0000079879",
    "fillingDate": "1995-11-08",
    "acceptedDate": "1995-11-08 00:00:00",
    "calendarYear": "1995",
    "period": "Q3",
    "revenue": 1724100000,
    "costOfRevenue": 1029400000,
    "grossProfit": 694700000,
    "grossProfitRatio": 0.4029348646,
    "researchAndDevelopmentExpenses": 59800000,
    "generalAndAdministrativeExpenses": 0,
    "sellingAndMarketingExpenses": 0,
    "sellingGeneralAndAdministrativeExpenses": 246800000,
    "otherExpenses": 83200000,
    "operatingExpenses": 389800000,
    "costAndExpenses": 1419200000,
    "interestIncome": 0,
    "interestExpense": 0,
    "depreciationAndAmortization": 83200000,
    "ebitda": 388100000,
    "ebitdaratio": 0.2251029523,
    "operatingIncome": 304900000,
    "operatingIncomeRatio": 0.1768458906,
    "totalOtherIncomeExpensesNet": -28100000,
    "incomeBeforeTax": 276800000,
    "incomeBeforeTaxRatio": 0.160547532,
    "incomeTaxExpense": 106400000,
    "netIncome": 170400000,
    "netIncomeRatio": 0.0988341744,
    "eps": 0.43,
    "epsdiluted": 0.42,
    "weightedAverageShsOut": 401800000,
    "weightedAverageShsOutDil": 406400000,
    "link": "https://www.sec.gov/Archives/edgar/data/79879/000007987995000017/0000079879-95-000017-index.html",
    "finalLink": "https://www.sec.gov/Archives/edgar/data/79879/"
  }
]