[
  {
    "date": "2024-12-31",
    "symbol": "PPG",
    "reportedCurrency": "USD",
    "cik": "0000079879",
    "fillingDate": "2025-02-20",
    "acceptedDate": "2025-02-20 14:40:48",
    "calendarYear": "2024",
    "period": "FY",
    "revenue": 15845000000,
    "costOfRevenue": 9252000000,
    "grossProfit": 6593000000,
    "grossProfitRatio": 0.4160934049,
    "researchAndDevelopmentExpenses": 423000000,
    "generalAndAdministrativeExpenses": 3391000000,
    "sellingAndMarketingExpenses": 0,
    "sellingGeneralAndAdministrativeExpenses": 3391000000,
    "otherExpenses": 492000000,
    "operatingExpenses": 4306000000,
    "costAndExpenses": 13558000000,
    "interestIncome": 177000000,
    "interestExpense": 241000000,
    "depreciationAndAmortization": 492000000,
    "ebitda": 2585000000,
    "ebitdaratio": 0.1631429473,
    "operatingIncome": 2287000000,
    "operatingIncomeRatio": 0.1443357526,
    "totalOtherIncomeExpensesNet": -435000000,
    "incomeBeforeTax": 1852000000,
    "incomeBeforeTaxRatio": 0.1168822973,
    "incomeTaxExpense": 475000000,
    "netIncome": 1116000000,
    "netIncomeRatio": 0.070432313,
    "eps": 4.77,
    "epsdiluted": 4.75,
    "weightedAverageShsOut": 233800000,
    "weightedAverageShsOutDil": 234900000,
    "link": "https://www.sec.gov/Archives/edgar/data/79879/000007987925000034/0000079879-25-000034-index.htm",
    "finalLink": "https://www.sec.gov/Archives/edgar/data/79879/000007987925000034/ppg-20241231.htm"
  },
  {
    "date": "2023-12-31",
    "symbol": "PPG",
    "reportedCurrency": "USD",
    "cik": "0000079879",
    "fillingDate": "2024-02-15",
    "acceptedDate": "2024-02-15 13:10:22",
    "calendarYear": "2023",
    "period": "FY",
    "revenue": 16242000000,
    "costOfRevenue": 9678000000,
    "grossProfit": 6564000000,
    "grossProfitRatio": 0.4041374215,
    "researchAndDevelopmentExpenses": 424000000,
    "generalAndAdministrativeExpenses": 3591000000,
    "sellingAndMarketingExpenses": 0,
    "sellingGeneralAndAdministrativeExpenses": 3591000000,
    "otherExpenses": 514000000,
    "operatingExpenses": 4529000000,
    "costAndExpenses": 14207000000,
    "interestIncome": 140000000,
    "interestExpense": 247000000,
    "depreciationAndAmortization": 514000000,
    "ebitda": 2451000000,
    "ebitdaratio": 0.150905061,
    "operatingIncome": 2035000000,
    "operatingIncomeRatio": 0.1252924517,
    "totalOtherIncomeExpensesNet": -345000000,
    "incomeBeforeTax": 1690000000,
    "incomeBeforeTaxRatio": 0.1040512252,
    "incomeTaxExpense": 428000000,
    "netIncome": 1270000000,
    "netIncomeRatio": 0.0781923408,
    "eps": 5.38,
    "epsdiluted": 5.35,
    "weightedAverageShsOut": 236000000,
    "weightedAverageShsOutDil": 237200000,
    "link": "https://www.sec.gov/Archives/edgar/data/79879/000007987924000040/0000079879-24-000040-index.htm",
    "finalLink": "https://www.sec.gov/Archives/edgar/data/79879/000007987924000040/ppg-20231231.htm"
  },
  {
    "date": "2022-12-31",
    "symbol": "PPG",
    "reportedCurrency": "USD",
    "cik": "0000079879",
    "fillingDate": "2023-02-16",
    "acceptedDate": "2023-02-16 15:02:36",
    "calendarYear": "2022",
    "period": "FY",
    "revenue": 15614000000,
    "costOfRevenue": 9975000000,
    "grossProfit": 5639000000,
    "grossProfitRatio": 0.3611502498,
    "researchAndDevelopmentExpenses": 434000000,
    "generalAndAdministrativeExpenses": 3037000000,
    "sellingAndMarketingExpenses": 0,
    "sellingGeneralAndAdministrativeExpenses": 3037000000,
    "otherExpenses": 502000000,
    "operatingExpenses": 3973000000,
    "costAndExpenses": 13948000000,
    "interestIncome": 54000000,
    "interestExpense": 167000000,
    "depreciationAndAmortization": 502000000,
    "ebitda": 2024000000,
    "ebitdaratio": 0.1296272576,
    "operatingIncome": 1666000000,
    "operatingIncomeRatio": 0.1066991162,
    "totalOtherIncomeExpensesNet": -311000000,
    "incomeBeforeTax": 1355000000,
    "incomeBeforeTaxRatio": 0.0867810939,
    "incomeTaxExpense": 320000000,
    "netIncome": 1026000000,
    "netIncomeRatio": 0.06571026,
    "eps": 4.35,
    "epsdiluted": 4.32,
    "weightedAverageShsOut": 236100000,
    "weightedAverageShsOutDil": 237300000,
    "link": "https://www.sec.gov/Archives/edgar/data/79879/000007987923000007/0000079879-23-000007-index.htm",
    "finalLink": "https://www.sec.gov/Archives/edgar/data/79879/000007987923000007/ppg-20221231.htm"
  },
  {
    "date": "2021-12-31",
    "symbol": "PPG",
    "reportedCurrency": "USD",
    "cik": "0000079879",
    "fillingDate": "2022-02-17",
    "acceptedDate": "2022-02-17 11:55:46",
    "calendarYear": "2021",
    "period": "FY",
    "revenue": 16802000000,
    "costOfRevenue": 10286000000,
    "grossProfit": 6516000000,
    "grossProfitRatio": 0.3878109749,
    "researchAndDevelopmentExpenses": 439000000,
    "generalAndAdministrativeExpenses": 3830000000,
    "sellingAndMarketingExpenses": 0,
    "sellingGeneralAndAdministrativeExpenses": 3830000000,
    "otherExpenses": 561000000,
    "operatingExpenses": 4830000000,
    "costAndExpenses": 15116000000,
    "interestIncome": 26000000,
    "interestExpense": 121000000,
    "depreciationAndAmortization": 561000000,
    "ebitda": 2497000000,
    "ebitdaratio": 0.1486132603,
    "operatingIncome": 1686000000,
    "operatingIncomeRatio": 0.100345197,
    "totalOtherIncomeExpensesNet": 129000000,
    "incomeBeforeTax": 1815000000,
    "incomeBeforeTaxRatio": 0.1080228544,
    "incomeTaxExpense": 374000000,
    "netIncome": 1439000000,
    "netIncomeRatio": 0.0856445661,
    "eps": 6.06,
    "epsdiluted": 6.01,
    "weightedAverageShsOut": 237600000,
    "weightedAverageShsOutDil": 239400000,
    "link": "https://www.sec.gov/Archives/edgar/data/79879/000007987922000009/0000079879-22-000009-index.htm",
    "finalLink": "https://www.sec.gov/Archives/edgar/data/79879/000007987922000009/ppg-20211231.htm"
  },
  {
    "date": "2020-12-31",
    "symbol": "PPG",
    "reportedCurrency": "USD",
    "cik": "0000079879",
    "fillingDate": "2021-02-18",
    "acceptedDate": "2021-02-18 13:00:12",
    "calendarYear": "2020",
    "period": "FY",
    "revenue": 13834000000,
    "costOfRevenue": 7777000000,
    "grossProfit": 6057000000,
    "grossProfitRatio": 0.4378343212,
    "researchAndDevelopmentExpenses": 379000000,
    "generalAndAdministrativeExpenses": 3389000000,
    "sellingAndMarketingExpenses": 0,
    "sellingGeneralAndAdministrativeExpenses": 3389000000,
    "otherExpenses": 509000000,
    "operatingExpenses": 4277000000,
    "costAndExpenses": 12054000000,
    "interestIncome": 23000000,
    "interestExpense": 138000000,
    "depreciationAndAmortization": 509000000,
    "ebitda": 2009000000,
    "ebitdaratio": 0.145221917,
    "operatingIncome": 1780000000,
    "operatingIncomeRatio": 0.1286684979,
    "totalOtherIncomeExpensesNet": -418000000,
    "incomeBeforeTax": 1362000000,
    "incomeBeforeTaxRatio": 0.0984530866,
    "incomeTaxExpense": 291000000,
    "netIncome": 1059000000,
    "netIncomeRatio": 0.0765505277,
    "eps": 4.47,
    "epsdiluted": 4.45,
    "weightedAverageShsOut": 236800000,
    "weightedAverageShsOutDil": 237900000,
    "link": "https://www.sec.gov/Archives/edgar/data/79879/000007987921000008/0000079879-21-000008-index.htm",
    "finalLink": "https://www.sec.gov/Archives/edgar/data/79879/000007987921000008/ppg-20201231.htm"
  },
  {
    "date": "2019-12-31",
    "symbol": "PPG",
    "reportedCurrency": "USD",
    "cik": "0000079879",
    "fillingDate": "2020-02-20",
    "acceptedDate": "2020-02-20 11:43:37",
    "calendarYear": "2019",
    "period": "FY",
    "revenue": 15146000000,
    "costOfRevenue": 8653000000,
    "grossProfit": 6493000000,
    "grossProfitRatio": 0.4286940446,
    "researchAndDevelopmentExpenses": 432000000,
    "generalAndAdministrativeExpenses": 3604000000,
    "sellingAndMarketingExpenses": 0,
    "sellingGeneralAndAdministrativeExpenses": 3604000000,
    "otherExpenses": 511000000,
    "operatingExpenses": 4547000000,
    "costAndExpenses": 13200000000,
    "interestIncome": 32000000,
    "interestExpense": 132000000,
    "depreciationAndAmortization": 511000000,
    "ebitda": 2304000000,
    "ebitdaratio": 0.1521193715,
    "operatingIncome": 1946000000,
    "operatingIncomeRatio": 0.1284827677,
    "totalOtherIncomeExpensesNet": -285000000,
    "incomeBeforeTax": 1661000000,
    "incomeBeforeTaxRatio": 0.1096659184,
    "incomeTaxExpense": 392000000,
    "netIncome": 1243000000,
    "netIncomeRatio": 0.0820678727,
    "eps": 5.25,
    "epsdiluted": 5.22,
    "weightedAverageShsOut": 236900000,
    "weightedAverageShsOutDil": 238200000,
    "link": "https://www.sec.gov/Archives/edgar/data/79879/000007987920000008/0000079879-20-000008-index.htm",
    "finalLink": "https://www.sec.gov/Archives/edgar/data/79879/000007987920000008/ppg201910k.htm"
  },
  {
    "date": "2018-12-31",
    "symbol": "PPG",
    "reportedCurrency": "USD",
    "cik": "0000079879",
    "fillingDate": "2019-02-21",
    "acceptedDate": "2019-02-21 11:53:01",
    "calendarYear": "2018",
    "period": "FY",
    "revenue": 15374000000,
    "costOfRevenue": 9001000000,
    "grossProfit": 6373000000,
    "grossProfitRatio": 0.4145310264,
    "researchAndDevelopmentExpenses": 441000000,
    "generalAndAdministrativeExpenses": 3573000000,
    "sellingAndMarketingExpenses": 0,
    "sellingGeneralAndAdministrativeExpenses": 3573000000,
    "otherExpenses": 497000000,
    "operatingExpenses": 4511000000,
    "costAndExpenses": 13512000000,
    "interestIncome": 23000000,
    "interestExpense": 118000000,
    "depreciationAndAmortization": 497000000,
    "ebitda": 2308000000,
    "ebitdaratio": 0.1501235853,
    "operatingIncome": 1862000000,
    "operatingIncomeRatio": 0.1211135684,
    "totalOtherIncomeExpensesNet": -169000000,
    "incomeBeforeTax": 1693000000,
    "incomeBeforeTaxRatio": 0.1101209835,
    "incomeTaxExpense": 353000000,
    "netIncome": 1341000000,
    "netIncomeRatio": 0.0872251854,
    "eps": 5.5,
    "epsdiluted": 5.46,
    "weightedAverageShsOut": 243900000,
    "weightedAverageShsOutDil": 245400000,
    "link": "https://www.sec.gov/Archives/edgar/data/79879/000007987919000008/0000079879-19-000008-index.htm",
    "finalLink": "https://www.sec.gov/Archives/edgar/data/79879/000007987919000008/ppg201810k.htm"
  },
  {
    "date": "2017-12-31",
    "symbol": "PPG",
    "reportedCurrency": "USD",
    "cik": "0000079879",
    "fillingDate": "2018-02-15",
    "acceptedDate": "2018-02-15 16:30:58",
    "calendarYear": "2017",
    "period": "FY",
    "revenue": 14748000000,
    "costOfRevenue": 8209000000,
    "grossProfit": 6539000000,
    "grossProfitRatio": 0.4433821535,
    "researchAndDevelopmentExpenses": 451000000,
    "generalAndAdministrativeExpenses": 3614000000,
    "sellingAndMarketingExpenses": 0,
    "sellingGeneralAndAdministrativeExpenses": 3614000000,
    "otherExpenses": 460000000,
    "operatingExpenses": 4525000000,
    "costAndExpenses": 12734000000,
    "interestIncome": 20000000,
    "interestExpense": 105000000,
    "depreciationAndAmortization": 460000000,
    "ebitda": 2570000000,
    "ebitdaratio": 0.1742609167,
    "operatingIncome": 2014000000,
    "operatingIncomeRatio": 0.1365608896,
    "totalOtherIncomeExpensesNet": -9000000,
    "incomeBeforeTax": 2005000000,
    "incomeBeforeTaxRatio": 0.1359506374,
    "incomeTaxExpense": 615000000,
    "netIncome": 1594000000,
    "netIncomeRatio": 0.1080824519,
    "eps": 6.22,
    "epsdiluted": 6.18,
    "weightedAverageShsOut": 256100000,
    "weightedAverageShsOutDil": 257800000,
    "link": "https://www.sec.gov/Archives/edgar/data/79879/000007987918000010/0000079879-18-000010-index.htm",
    "finalLink": "https://www.sec.gov/Archives/edgar/data/79879/000007987918000010/ppg201710k.htm"
  },
  {
    "date": "2016-12-31",
    "symbol": "PPG",
    "reportedCurrency": "USD",
    "cik": "0000079879",
    "fillingDate": "2017-02-16",
    "acceptedDate": "2017-02-16 16:25:25",
    "calendarYear": "2016",
    "period": "FY",
    "revenue": 14270000000,
    "costOfRevenue": 7665000000,
    "grossProfit": 6605000000,
    "grossProfitRatio": 0.4628591451,
    "researchAndDevelopmentExpenses": 453000000,
    "generalAndAdministrativeExpenses": 4523000000,
    "sellingAndMarketingExpenses": 0,
    "sellingGeneralAndAdministrativeExpenses": 4523000000,
    "otherExpenses": 440000000,
    "operatingExpenses": 5416000000,
    "costAndExpenses": 13081000000,
    "interestIncome": 26000000,
    "interestExpense": 125000000,
    "depreciationAndAmortization": 440000000,
    "ebitda": 1344000000,
    "ebitdaratio": 0.094183602,
    "operatingIncome": 1189000000,
    "operatingIncomeRatio": 0.0833216538,
    "totalOtherIncomeExpensesNet": -410000000,
    "incomeBeforeTax": 779000000,
    "incomeBeforeTaxRatio": 0.0545900491,
    "incomeTaxExpense": 214000000,
    "netIncome": 873000000,
    "netIncomeRatio": 0.061177295,
    "eps": 3.3,
    "epsdiluted": 3.28,
    "weightedAverageShsOut": 265600000,
    "weightedAverageShsOutDil": 267400000,
    "link": "https://www.sec.gov/Archives/edgar/data/79879/000007987917000009/0000079879-17-000009-index.htm",
    "finalLink": "https://www.sec.gov/Archives/edgar/data/79879/000007987917000009/ppg201610k.htm"
  },
  {
    "date": "2015-12-31",
    "symbol": "PPG",
    "reportedCurrency": "USD",
    "cik": "0000079879",
    "fillingDate": "2016-02-18",
    "acceptedDate": "2016-02-18 14:48:14",
    "calendarYear": "2015",
    "period": "FY",
    "revenue": 14241000000,
    "costOfRevenue": 7786000000,
    "grossProfit": 6455000000,
    "grossProfitRatio": 0.4532687311,
    "researchAndDevelopmentExpenses": 466000000,
    "generalAndAdministrativeExpenses": 3584000000,
    "sellingAndMarketingExpenses": 0,
    "sellingGeneralAndAdministrativeExpenses": 3584000000,
    "otherExpenses": 446000000,
    "operatingExpenses": 4496000000,
    "costAndExpenses": 12282000000,
    "interestIncome": 40000000,
    "interestExpense": 126000000,
    "depreciationAndAmortization": 446000000,
    "ebitda": 2316000000,
    "ebitdaratio": 0.1626290289,
    "operatingIncome": 1959000000,
    "operatingIncomeRatio": 0.1375605646,
    "totalOtherIncomeExpensesNet": -214000000,
    "incomeBeforeTax": 1745000000,
    "incomeBeforeTaxRatio": 0.1225335299,
    "incomeTaxExpense": 413000000,
    "netIncome": 1406000000,
    "netIncomeRatio": 0.0987290218,
    "eps": 5.18,
    "epsdiluted": 5.14,
    "weightedAverageShsOut": 271400000,
    "weightedAverageShsOutDil": 273600000,
    "link": "https://www.sec.gov/Archives/edgar/data/79879/000007987916000065/0000079879-16-000065-index.htm",
    "finalLink": "https://www.sec.gov/Archives/edgar/data/79879/000007987916000065/ppg-20151231x10k.htm"
  },
  {
    "date": "2014-12-31",
    "symbol": "PPG",
    "reportedCurrency": "USD",
    "cik": "0000079879",
    "fillingDate": "2015-02-19",
    "acceptedDate": "2015-02-19 11:42:21",
    "calendarYear": "2014",
    "period": "FY",
    "revenue": 14791000000,
    "costOfRevenue": 8348000000,
    "grossProfit": 6443000000,
    "grossProfitRatio": 0.4356027314,
    "researchAndDevelopmentExpenses": 483000000,
    "generalAndAdministrativeExpenses": 3696000000,
    "sellingAndMarketingExpenses": 0,
    "sellingGeneralAndAdministrativeExpenses": 3696000000,
    "otherExpenses": 450000000,
    "operatingExpenses": 4629000000,
    "costAndExpenses": 12977000000,
    "interestIncome": 50000000,
    "interestExpense": 83000000,
    "depreciationAndAmortization": 450000000,
    "ebitda": 1983000000,
    "ebitdaratio": 0.1340680143,
    "operatingIncome": 1814000000,
    "operatingIncomeRatio": 0.1226421473,
    "totalOtherIncomeExpensesNet": -468000000,
    "incomeBeforeTax": 1346000000,
    "incomeBeforeTaxRatio": 0.0910012846,
    "incomeTaxExpense": 237000000,
    "netIncome": 2102000000,
    "netIncomeRatio": 0.1421134474,
    "eps": 7.6,
    "epsdiluted": 7.52,
    "weightedAverageShsOut": 276600000,
    "weightedAverageShsOutDil": 279600000,
    "link": "https://www.sec.gov/Archives/edgar/data/79879/000007987915000009/0000079879-15-000009-index.htm",
    "finalLink": "https://www.sec.gov/Archives/edgar/data/79879/000007987915000009/ppg-20141231x10k.htm"
  },
  {
    "date": "2013-12-31",
    "symbol": "PPG",
    "reportedCurrency": "USD",
    "cik": "0000079879",
    "fillingDate": "2014-02-20",
    "acceptedDate": "2014-02-20 11:41:47",
    "calendarYear": "2013",
    "period": "FY",
    "revenue": 14265000000,
    "costOfRevenue": 8314000000,
    "grossProfit": 5951000000,
    "grossProfitRatio": 0.4171749036,
    "researchAndDevelopmentExpenses": 463000000,
    "generalAndAdministrativeExpenses": 3486000000,
    "sellingAndMarketingExpenses": 0,
    "sellingGeneralAndAdministrativeExpenses": 3486000000,
    "otherExpenses": 452000000,
    "operatingExpenses": 4401000000,
    "costAndExpenses": 12715000000,
    "interestIncome": 43000000,
    "interestExpense": 196000000,
    "depreciationAndAmortization": 452000000,
    "ebitda": 1874000000,
    "ebitdaratio": 0.1313704872,
    "operatingIncome": 1550000000,
    "operatingIncomeRatio": 0.1086575535,
    "totalOtherIncomeExpensesNet": -324000000,
    "incomeBeforeTax": 1226000000,
    "incomeBeforeTaxRatio": 0.0859446197,
    "incomeTaxExpense": 253000000,
    "netIncome": 3231000000,
    "netIncomeRatio": 0.2264984227,
    "eps": 11.27,
    "epsdiluted": 11.14,
    "weightedAverageShsOut": 286800000,
    "weightedAverageShsOutDil": 290200000,
    "link": "https://www.sec.gov/Archives/edgar/data/79879/000007987914000010/0000079879-14-000010-index.htm",
    "finalLink": "https://www.sec.gov/Archives/edgar/data/79879/000007987914000010/ppg-20131231x10k.htm"
  },
  {
    "date": "2012-12-31",
    "symbol": "PPG",
    "reportedCurrency": "USD",
    "cik": "0000079879",
    "fillingDate": "2013-02-21",
    "acceptedDate": "2013-02-21 10:37:46",
    "calendarYear": "2012",
    "period": "FY",
    "revenue": 12686000000,
    "costOfRevenue": 7599000000,
    "grossProfit": 5087000000,
    "grossProfitRatio": 0.4009932209,
    "researchAndDevelopmentExpenses": 430000000,
    "generalAndAdministrativeExpenses": 2987000000,
    "sellingAndMarketingExpenses": 0,
    "sellingGeneralAndAdministrativeExpenses": 2987000000,
    "otherExpenses": 399000000,
    "operatingExpenses": 3816000000,
    "costAndExpenses": 11415000000,
    "interestIncome": 39000000,
    "interestExpense": 210000000,
    "depreciationAndAmortization": 399000000,
    "ebitda": 1437000000,
    "ebitdaratio": 0.1132744758,
    "operatingIncome": 1271000000,
    "operatingIncomeRatio": 0.1001891849,
    "totalOtherIncomeExpensesNet": -443000000,
    "incomeBeforeTax": 828000000,
    "incomeBeforeTaxRatio": 0.0652688003,
    "incomeTaxExpense": 148000000,
    "netIncome": 941000000,
    "netIncomeRatio": 0.0741762573,
    "eps": 3.07,
    "epsdiluted": 3.03,
    "weightedAverageShsOut": 306800000,
    "weightedAverageShsOutDil": 310200000,
    "link": "https://www.sec.gov/Archives/edgar/data/79879/000007987913000016/0000079879-13-000016-index.htm",
    "finalLink": "https://www.sec.gov/Archives/edgar/data/79879/000007987913000016/ppg-20121231x10k.htm"
  },
  {
    "date": "2011-12-31",
    "symbol": "PPG",
    "reportedCurrency": "USD",
    "cik": "0000079879",
    "fillingDate": "2012-02-16",
    "acceptedDate": "2012-02-16 11:47:39",
    "calendarYear": "2011",
    "period": "FY",
    "revenue": 13153000000,
    "costOfRevenue": 7865000000,
    "grossProfit": 5288000000,
    "grossProfitRatio": 0.402037558,
    "researchAndDevelopmentExpenses": 428000000,
    "generalAndAdministrativeExpenses": 3122000000,
    "sellingAndMarketingExpenses": 0,
    "sellingGeneralAndAdministrativeExpenses": 3122000000,
    "otherExpenses": 425000000,
    "operatingExpenses": 3975000000,
    "costAndExpenses": 11840000000,
    "interestIncome": 42000000,
    "interestExpense": 210000000,
    "depreciationAndAmortization": 425000000,
    "ebitda": 1857000000,
    "ebitdaratio": 0.1411845206,
    "operatingIncome": 1313000000,
    "operatingIncomeRatio": 0.099825135,
    "totalOtherIncomeExpensesNet": -91000000,
    "incomeBeforeTax": 1222000000,
    "incomeBeforeTaxRatio": 0.0929065612,
    "incomeTaxExpense": 260000000,
    "netIncome": 1095000000,
    "netIncomeRatio": 0.0832509694,
    "eps": 3.48,
    "epsdiluted": 3.44,
    "weightedAverageShsOut": 314600000,
    "weightedAverageShsOutDil": 318600000,
    "link": "https://www.sec.gov/Archives/edgar/data/79879/000119312512064763/0001193125-12-064763-index.htm",
    "finalLink": "https://www.sec.gov/Archives/edgar/data/79879/000119312512064763/d260697d10k.htm"
  },
  {
    "date": "2010-12-31",
    "symbol": "PPG",
    "reportedCurrency": "USD",
    "cik": "0000079879",
    "fillingDate": "2011-02-17",
    "acceptedDate": "2011-02-17 10:14:47",
    "calendarYear": "2010",
    "period": "FY",
    "revenue": 13423000000,
    "costOfRevenue": 8214000000,
    "grossProfit": 5209000000,
    "grossProfitRatio": 0.3880652611,
    "researchAndDevelopmentExpenses": 394000000,
    "generalAndAdministrativeExpenses": 2979000000,
    "sellingAndMarketingExpenses": 0,
    "sellingGeneralAndAdministrativeExpenses": 2979000000,
    "otherExpenses": 470000000,
    "operatingExpenses": 3843000000,
    "costAndExpenses": 12057000000,
    "interestIncome": 34000000,
    "interestExpense": 189000000,
    "depreciationAndAmortization": 470000000,
    "ebitda": 1954000000,
    "ebitdaratio": 0.1455710348,
    "operatingIncome": 1366000000,
    "operatingIncomeRatio": 0.1017656262,
    "totalOtherIncomeExpensesNet": -71000000,
    "incomeBeforeTax": 1295000000,
    "incomeBeforeTaxRatio": 0.0964761976,
    "incomeTaxExpense": 415000000,
    "netIncome": 769000000,
    "netIncomeRatio": 0.0572897266,
    "eps": 2.34,
    "epsdiluted": 2.32,
    "weightedAverageShsOut": 329000000,
    "weightedAverageShsOutDil": 329000000,
    "link": "https://www.sec.gov/Archives/edgar/data/79879/000119312511038642/0001193125-11-038642-index.htm",
    "finalLink": "https://www.sec.gov/Archives/edgar/data/79879/000119312511038642/d10k.htm"
  },
  {
    "date": "2009-12-31",
    "symbol": "PPG",
    "reportedCurrency": "USD",
    "cik": "0000079879",
    "fillingDate": "2010-02-18",
    "acceptedDate": "2010-02-18 10:57:26",
    "calendarYear": "2009",
    "period": "FY",
    "revenue": 12239000000,
    "costOfRevenue": 7539000000,
    "grossProfit": 4700000000,
    "grossProfitRatio": 0.3840183021,
    "researchAndDevelopmentExpenses": 388000000,
    "generalAndAdministrativeExpenses": 0,
    "sellingAndMarketingExpenses": 0,
    "sellingGeneralAndAdministrativeExpenses": 2936000000,
    "otherExpenses": 493000000,
    "operatingExpenses": 3817000000,
    "costAndExpenses": 11356000000,
    "interestIncome": 28000000,
    "interestExpense": 193000000,
    "depreciationAndAmortization": 480000000,
    "ebitda": 1290000000,
    "ebitdaratio": 0.105400768,
    "operatingIncome": 883000000,
    "operatingIncomeRatio": 0.0721464172,
    "totalOtherIncomeExpensesNet": -266000000,
    "incomeBeforeTax": 617000000,
    "incomeBeforeTaxRatio": 0.0504126154,
    "incomeTaxExpense": 191000000,
    "netIncome": 336000000,
    "netIncomeRatio": 0.0274532233,
    "eps": 1.02,
    "epsdiluted": 1.01,
    "weightedAverageShsOut": 329600000,
    "weightedAverageShsOutDil": 331000000,
    "link": "https://www.sec.gov/Archives/edgar/data/79879/000119312510033939/0001193125-10-033939-index.htm",
    "finalLink": "https://www.sec.gov/Archives/edgar/data/79879/000119312510033939/d10k.htm"
  },
  {
    "date": "2008-12-31",
    "symbol": "PPG",
    "reportedCurrency": "USD",
    "cik": "0000079879",
    "fillingDate": "2009-02-19",
    "acceptedDate": "2009-02-19 11:39:34",
    "calendarYear": "2008",
    "period": "FY",
    "revenue": 15849000000,
    "costOfRevenue": 10155000000,
    "grossProfit": 5694000000,
    "grossProfitRatio": 0.3592655688,
    "researchAndDevelopmentExpenses": 451000000,
    "generalAndAdministrativeExpenses": 0,
    "sellingAndMarketingExpenses": 0,
    "sellingGeneralAndAdministrativeExpenses": 3432000000,
    "otherExpenses": 567000000,
    "operatingExpenses": 4450000000,
    "costAndExpenses": 14605000000,
    "interestIncome": 26000000,
    "interestExpense": 254000000,
    "depreciationAndAmortization": 563000000,
    "ebitda": 1725000000,
    "ebitdaratio": 0.1088396744,
    "operatingIncome": 1244000000,
    "operatingIncomeRatio": 0.0784907565,
    "totalOtherIncomeExpensesNet": -336000000,
    "incomeBeforeTax": 908000000,
    "incomeBeforeTaxRatio": 0.0572906808,
    "incomeTaxExpense": 284000000,
    "netIncome": 538000000,
    "netIncomeRatio": 0.0339453593,
    "eps": 1.64,
    "epsdiluted": 1.63,
    "weightedAverageShsOut": 329200000,
    "weightedAverageShsOutDil": 331076923,
    "link": "https://www.sec.gov/Archives/edgar/data/79879/000119312509032796/0001193125-09-032796-index.htm",
    "finalLink": "https://www.sec.gov/Archives/edgar/data/79879/000119312509032796/d10k.htm"
  },
  {
    "date": "2007-12-31",
    "symbol": "PPG",
    "reportedCurrency": "USD",
    "cik": "0000079879",
    "fillingDate": "2008-02-21",
    "acceptedDate": "2008-02-21 14:45:57",
    "calendarYear": "2007",
    "period": "FY",
    "revenue": 12220000000,
    "costOfRevenue": 7828000000,
    "grossProfit": 4392000000,
    "grossProfitRatio": 0.359410802,
    "researchAndDevelopmentExpenses": 348000000,
    "generalAndAdministrativeExpenses": 0,
    "sellingAndMarketingExpenses": 0,
    "sellingGeneralAndAdministrativeExpenses": 2310000000,
    "otherExpenses": 427000000,
    "operatingExpenses": 3085000000,
    "costAndExpenses": 10913000000,
    "interestIncome": 20000000,
    "interestExpense": 93000000,
    "depreciationAndAmortization": 403000000,
    "ebitda": 1811000000,
    "ebitdaratio": 0.1481996727,
    "operatingIncome": 1307000000,
    "operatingIncomeRatio": 0.1069558101,
    "totalOtherIncomeExpensesNet": 8000000,
    "incomeBeforeTax": 1315000000,
    "incomeBeforeTaxRatio": 0.1076104746,
    "incomeTaxExpense": 383000000,
    "netIncome": 834000000,
    "netIncomeRatio": 0.0682487725,
    "eps": 2.54,
    "epsdiluted": 2.52,
    "weightedAverageShsOut": 329000000,
    "weightedAverageShsOutDil": 329000000,
    "link": "https://www.sec.gov/Archives/edgar/data/79879/000119312508035206/0001193125-08-035206-index.htm",
    "finalLink": "https://www.sec.gov/Archives/edgar/data/79879/000119312508035206/d10k.htm"
  },
  {
    "date": "2006-12-31",
    "symbol": "PPG",
    "reportedCurrency": "USD",
    "cik": "0000079879",
    "fillingDate": "2007-02-21",
    "acceptedDate": "2007-02-21 15:28:24",
    "calendarYear": "2006",
    "period": "FY",
    "revenue": 9861000000,
    "costOfRevenue": 6153000000,
    "grossProfit": 3708000000,
    "grossProfitRatio": 0.3760267721,
    "researchAndDevelopmentExpenses": 305000000,
    "generalAndAdministrativeExpenses": 0,
    "sellingAndMarketingExpenses": 0,
    "sellingGeneralAndAdministrativeExpenses": 1833000000,
    "otherExpenses": 341000000,
    "operatingExpenses": 2479000000,
    "costAndExpenses": 8632000000,
    "interestIncome": 0,
    "interestExpense": 0,
    "depreciationAndAmortization": 380000000,
    "ebitda": 1609000000,
    "ebitdaratio": 0.1631680357,
    "operatingIncome": 1229000000,
    "operatingIncomeRatio": 0.1246323902,
    "totalOtherIncomeExpensesNet": -267000000,
    "incomeBeforeTax": 962000000,
    "incomeBeforeTaxRatio": 0.0975560288,
    "incomeTaxExpense": 241000000,
    "netIncome": 711000000,
    "netIncomeRatio": 0.0721022209,
    "eps": 2.15,
    "epsdiluted": 2.13,
    "weightedAverageShsOut": 331468531,
    "weightedAverageShsOutDil": 333021077,
    "link": "https://www.sec.gov/Archives/edgar/data/79879/000119312507036001/0001193125-07-036001-index.htm",
    "finalLink": "https://www.sec.gov/Archives/edgar/data/79879/000119312507036001/d10k.htm"
  },
  {
    "date": "2005-12-31",
    "symbol": "PPG",
    "reportedCurrency": "USD",
    "cik": "0000079879",
    "fillingDate": "2006-02-16",
    "acceptedDate": "2006-02-16 13:56:58",
    "calendarYear": "2005",
    "period": "FY",
    "revenue": 9028000000,
    "costOfRevenue": 5597000000,
    "grossProfit": 3431000000,
    "grossProfitRatio": 0.3800398759,
    "researchAndDevelopmentExpenses": 294000000,
    "generalAndAdministrativeExpenses": 0,
    "sellingAndMarketingExpenses": 0,
    "sellingGeneralAndAdministrativeExpenses": 1628000000,
    "otherExpenses": 325000000,
    "operatingExpenses": 2247000000,
    "costAndExpenses": 7844000000,
    "interestIncome": 0,
    "interestExpense": 0,
    "depreciationAndAmortization": 372000000,
    "ebitda": 1556000000,
    "ebitdaratio": 0.1723526805,
    "operatingIncome": 1184000000,
    "operatingIncomeRatio": 0.131147541,
    "totalOtherIncomeExpensesNet": -304000000,
    "incomeBeforeTax": 880000000,
    "incomeBeforeTaxRatio": 0.0974745237,
    "incomeTaxExpense": 255000000,
    "netIncome": 596000000,
    "netIncomeRatio": 0.0660168365,
    "eps": 1.76,
    "epsdiluted": 1.75,
    "weightedAverageShsOut": 339601140,
    "weightedAverageShsOutDil": 341547278,
    "link": "https://www.sec.gov/Archives/edgar/data/79879/000119312506033428/0001193125-06-033428-index.htm",
    "finalLink": "https://www.sec.gov/Archives/edgar/data/79879/000119312506033428/d10k.htm"
  },
  {
    "date": "2004-12-31",
    "symbol": "PPG",
    "reportedCurrency": "USD",
    "cik": "0000079879",
    "fillingDate": "2005-02-17",
    "acceptedDate": "2005-02-17 13:34:43",
    "calendarYear": "2004",
    "period": "FY",
    "revenue": 9513000000,
    "costOfRevenue": 5999000000,
    "grossProfit": 3514000000,
    "grossProfitRatio": 0.3693892568,
    "researchAndDevelopmentExpenses": 303000000,
    "generalAndAdministrativeExpenses": 0,
    "sellingAndMarketingExpenses": 0,
    "sellingGeneralAndAdministrativeExpenses": 1715000000,
    "otherExpenses": 388000000,
    "operatingExpenses": 2406000000,
    "costAndExpenses": 8405000000,
    "interestIncome": 0,
    "interestExpense": 0,
    "depreciationAndAmortization": 388000000,
    "ebitda": 1496000000,
    "ebitdaratio": 0.1572584884,
    "operatingIncome": 1108000000,
    "operatingIncomeRatio": 0.1164721959,
    "totalOtherIncomeExpensesNet": -45000000,
    "incomeBeforeTax": 1063000000,
    "incomeBeforeTaxRatio": 0.111741827,
    "incomeTaxExpense": 322000000,
    "netIncome": 683000000,
    "netIncomeRatio": 0.071796489,
    "eps": 1.99,
    "epsdiluted": 1.98,
    "weightedAverageShsOut": 343216080,
    "weightedAverageShsOutDil": 345822785,
    "link": "https://www.sec.gov/Archives/edgar/data/79879/000119312505031817/0001193125-05-031817-index.htm",
    "finalLink": "https://www.sec.gov/Archives/edgar/data/79879/000119312505031817/d10k.htm"
  },
  {
    "date": "2003-12-31",
    "symbol": "PPG",
    "reportedCurrency": "USD",
    "cik": "0000079879",
    "fillingDate": "2004-02-20",
    "acceptedDate": "2004-02-20 09:19:38",
    "calendarYear": "2003",
    "period": "FY",
    "revenue": 8756000000,
    "costOfRevenue": 5521000000,
    "grossProfit": 3235000000,
    "grossProfitRatio": 0.3694609411,
    "researchAndDevelopmentExpenses": 290000000,
    "generalAndAdministrativeExpenses": 0,
    "sellingAndMarketingExpenses": 0,
    "sellingGeneralAndAdministrativeExpenses": 1578000000,
    "otherExpenses": 394000000,
    "operatingExpenses": 2262000000,
    "costAndExpenses": 7783000000,
    "interestIncome": 0,
    "interestExpense": 0,
    "depreciationAndAmortization": 394000000,
    "ebitda": 1367000000,
    "ebitdaratio": 0.1561215167,
    "operatingIncome": 973000000,
    "operatingIncomeRatio": 0.1111238008,
    "totalOtherIncomeExpensesNet": -130000000,
    "incomeBeforeTax": 843000000,
    "incomeBeforeTaxRatio": 0.0962768387,
    "incomeTaxExpense": 293000000,
    "netIncome": 494000000,
    "netIncomeRatio": 0.0564184559,
    "eps": 1.46,
    "epsdiluted": 1.45,
    "weightedAverageShsOut": 339518900,
    "weightedAverageShsOutDil": 341868512,
    "link": "https://www.sec.gov/Archives/edgar/data/79879/000119312504026989/0001193125-04-026989-index.htm",
    "finalLink": "https://www.sec.gov/Archives/edgar/data/79879/000119312504026989/d10k.htm"
  },
  {
    "date": "2002-12-31",
    "symbol": "PPG",
    "reportedCurrency": "USD",
    "cik": "0000079879",
    "fillingDate": "2003-02-21",
    "acceptedDate": "2003-02-21 16:01:25",
    "calendarYear": "2002",
    "period": "FY",
    "revenue": 8067000000,
    "costOfRevenue": 5066000000,
    "grossProfit": 3001000000,
    "grossProfitRatio": 0.3720094211,
    "researchAndDevelopmentExpenses": 273000000,
    "generalAndAdministrativeExpenses": 0,
    "sellingAndMarketingExpenses": 0,
    "sellingGeneralAndAdministrativeExpenses": 1419000000,
    "otherExpenses": 398000000,
    "operatingExpenses": 2090000000,
    "costAndExpenses": 7156000000,
    "interestIncome": 0,
    "interestExpense": 0,
    "depreciationAndAmortization": 398000000,
    "ebitda": 1309000000,
    "ebitdaratio": 0.1622660221,
    "operatingIncome": 911000000,
    "operatingIncomeRatio": 0.1129292178,
    "totalOtherIncomeExpensesNet": -939000000,
    "incomeBeforeTax": -28000000,
    "incomeBeforeTaxRatio": -0.003470931,
    "incomeTaxExpense": -7000000,
    "netIncome": -69000000,
    "netIncomeRatio": -0.0085533656,
    "eps": -0.2,
    "epsdiluted": -0.2,
    "weightedAverageShsOut": 336585366,
    "weightedAverageShsOutDil": 336585366,
    "link": "https://www.sec.gov/Archives/edgar/data/79879/000092701603000839/0000927016-03-000839-index.htm",
    "finalLink": "https://www.sec.gov/Archives/edgar/data/79879/000092701603000839/d10k.htm"
  },
  {
    "date": "2001-12-31",
    "symbol": "PPG",
    "reportedCurrency": "USD",
    "cik": "0000079879",
    "fillingDate": "2002-02-22",
    "acceptedDate": "2002-02-22 00:00:00",
    "calendarYear": "2001",
    "period": "FY",
    "revenue": 8169000000,
    "costOfRevenue": 5137000000,
    "grossProfit": 3032000000,
    "grossProfitRatio": 0.3711592606,
    "researchAndDevelopmentExpenses": 266000000,
    "generalAndAdministrativeExpenses": 0,
    "sellingAndMarketingExpenses": 0,
    "sellingGeneralAndAdministrativeExpenses": 1395000000,
    "otherExpenses": 447000000,
    "operatingExpenses": 2108000000,
    "costAndExpenses": 7245000000,
    "interestIncome": 0,
    "interestExpense": 0,
    "depreciationAndAmortization": 447000000,
    "ebitda": 1371000000,
    "ebitdaratio": 0.1678295997,
    "operatingIncome": 924000000,
    "operatingIncomeRatio": 0.1131105398,
    "totalOtherIncomeExpensesNet": -290000000,
    "incomeBeforeTax": 634000000,
    "incomeBeforeTaxRatio": 0.0776104786,
    "incomeTaxExpense": 247000000,
    "netIncome": 387000000,
    "netIncomeRatio": 0.0473742196,
    "eps": 1.15,
    "epsdiluted": 1.15,
    "weightedAverageShsOut": 336521739,
    "weightedAverageShsOutDil": 337991266,
    "link": "https://www.sec.gov/Archives/edgar/data/79879/000102140802002741/0001021408-02-002741-index.htm",
    "finalLink": "https://www.sec.gov/Archives/edgar/data/79879/000102140802002741/d10k.txt"
  },
  {
    "date": "2000-12-31",
    "symbol": "PPG",
    "reportedCurrency": "USD",
    "cik": "0000079879",
    "fillingDate": "2001-02-16",
    "acceptedDate": "2001-02-16 00:00:00",
    "calendarYear": "2000",
    "period": "FY",
    "revenue": 8629000000,
    "costOfRevenue": 5334000000,
    "grossProfit": 3295000000,
    "grossProfitRatio": 0.3818518948,
    "researchAndDevelopmentExpenses": 282000000,
    "generalAndAdministrativeExpenses": 0,
    "sellingAndMarketingExpenses": 0,
    "sellingGeneralAndAdministrativeExpenses": 1364000000,
    "otherExpenses": 447000000,
    "operatingExpenses": 2093000000,
    "costAndExpenses": 7427000000,
    "interestIncome": 0,
    "interestExpense": 0,
    "depreciationAndAmortization": 447000000,
    "ebitda": 1649000000,
    "ebitdaratio": 0.1910997798,
    "operatingIncome": 1202000000,
    "operatingIncomeRatio": 0.139297717,
    "totalOtherIncomeExpensesNet": -213000000,
    "incomeBeforeTax": 989000000,
    "incomeBeforeTaxRatio": 0.1146135126,
    "incomeTaxExpense": 369000000,
    "netIncome": 620000000,
    "netIncomeRatio": 0.0718507359,
    "eps": 1.8,
    "epsdiluted": 1.79,
    "weightedAverageShsOut": 344444444,
    "weightedAverageShsOutDil": 347338936,
    "link": "https://www.sec.gov/Archives/edgar/data/79879/000095013201000119/0000950132-01-000119-index.htm",
    "finalLink": "https://www.sec.gov/Archives/edgar/data/79879/000095013201000119/0000950132-01-000119-0001.txt"
  },
  {
    "date": "1999-12-31",
    "symbol": "PPG",
    "reportedCurrency": "USD",
    "cik": "0000079879",
    "fillingDate": "2000-02-18",
    "acceptedDate": "2000-02-18 00:00:00",
    "calendarYear": "1999",
    "period": "FY",
    "revenue": 7995000000,
    "costOfRevenue": 4957000000,
    "grossProfit": 3038000000,
    "grossProfitRatio": 0.3799874922,
    "researchAndDevelopmentExpenses": 284000000,
    "generalAndAdministrativeExpenses": 0,
    "sellingAndMarketingExpenses": 0,
    "sellingGeneralAndAdministrativeExpenses": 1230000000,
    "otherExpenses": 415000000,
    "operatingExpenses": 1929000000,
    "costAndExpenses": 6886000000,
    "interestIncome": 0,
    "interestExpense": 0,
    "depreciationAndAmortization": 419000000,
    "ebitda": 1528000000,
    "ebitdaratio": 0.1911194497,
    "operatingIncome": 1109000000,
    "operatingIncomeRatio": 0.1387116948,
    "totalOtherIncomeExpensesNet": -164000000,
    "incomeBeforeTax": 945000000,
    "incomeBeforeTaxRatio": 0.1181988743,
    "incomeTaxExpense": 377000000,
    "netIncome": 568000000,
    "netIncomeRatio": 0.0710444028,
    "eps": 1.64,
    "epsdiluted": 1.62,
    "weightedAverageShsOut": 347400612,
    "weightedAverageShsOutDil": 351702786,
    "link": "https://www.sec.gov/Archives/edgar/data/79879/000095013200000083/0000950132-00-000083-index.html",
    "finalLink": "https://www.sec.gov/Archives/edgar/data/79879/000095013200000083/"
  },
  {
    "date": "1998-12-31",
    "symbol": "PPG",
    "reportedCurrency": "USD",
    "cik": "0000079879",
    "fillingDate": "1999-02-19",
    "acceptedDate": "1999-02-19 00:00:00",
    "calendarYear": "1998",
    "period": "FY",
    "revenue": 7751000000,
    "costOfRevenue": 4717000000,
    "grossProfit": 3034000000,
    "grossProfitRatio": 0.3914333634,
    "researchAndDevelopmentExpenses": 271000000,
    "generalAndAdministrativeExpenses": 0,
    "sellingAndMarketingExpenses": 0,
    "sellingGeneralAndAdministrativeExpenses": 1133000000,
    "otherExpenses": 381000000,
    "operatingExpenses": 1785000000,
    "costAndExpenses": 6502000000,
    "interestIncome": 0,
    "interestExpense": 0,
    "depreciationAndAmortization": 383000000,
    "ebitda": 1632000000,
    "ebitdaratio": 0.210553477,
    "operatingIncome": 1249000000,
    "operatingIncomeRatio": 0.161140498,
    "totalOtherIncomeExpensesNet": 18000000,
    "incomeBeforeTax": 1267000000,
    "incomeBeforeTaxRatio": 0.163462779,
    "incomeTaxExpense": 466000000,
    "netIncome": 801000000,
    "netIncomeRatio": 0.1033415043,
    "eps": 2.26,
    "epsdiluted": 2.24,
    "weightedAverageShsOut": 354424779,
    "weightedAverageShsOutDil": 357589286,
    "link": "https://www.sec.gov/Archives/edgar/data/79879/000095013299000123/0000950132-99-000123-index.html",
    "finalLink": "https://www.sec.gov/Archives/edgar/data/79879/"
  },
  {
    "date": "1997-12-31",
    "symbol": "PPG",
    "reportedCurrency": "USD",
    "cik": "0000079879",
    "fillingDate": "1998-02-24",
    "acceptedDate": "1998-02-24 00:00:00",
    "calendarYear": "1997",
    "period": "FY",
    "revenue": 7379000000,
    "costOfRevenue": 4397000000,
    "grossProfit": 2982000000,
    "grossProfitRatio": 0.4041197994,
    "researchAndDevelopmentExpenses": 250000000,
    "generalAndAdministrativeExpenses": 0,
    "sellingAndMarketingExpenses": 0,
    "sellingGeneralAndAdministrativeExpenses": 1068000000,
    "otherExpenses": 348000000,
    "operatingExpenses": 1666000000,
    "costAndExpenses": 6063000000,
    "interestIncome": 0,
    "interestExpense": 0,
    "depreciationAndAmortization": 373000000,
    "ebitda": 1689000000,
    "ebitdaratio": 0.2288928039,
    "operatingIncome": 1316000000,
    "operatingIncomeRatio": 0.178343949,
    "totalOtherIncomeExpensesNet": -167000000,
    "incomeBeforeTax": 1149000000,
    "incomeBeforeTaxRatio": 0.1557121561,
    "incomeTaxExpense": 435000000,
    "netIncome": 714000000,
    "netIncomeRatio": 0.0967610787,
    "eps": 1.99,
    "epsdiluted": 1.97,
    "weightedAverageShsOut": 359697733,
    "weightedAverageShsOutDil": 362436548,
    "link": "https://www.sec.gov/Archives/edgar/data/79879/000095013298000141/0000950132-98-000141-index.html",
    "finalLink": "https://www.sec.gov/Archives/edgar/data/79879/"
  },
  {
    "date": "1996-12-31",
    "symbol": "PPG",
    "reportedCurrency": "USD",
    "cik": "0000079879",
    "fillingDate": "1997-02-20",
    "acceptedDate": "1997-02-20 00:00:00",
    "calendarYear": "1996",
    "period": "FY",
    "revenue": 7218000000,
    "costOfRevenue": 4340000000,
    "grossProfit": 2878000000,
    "grossProfitRatio": 0.3987254087,
    "researchAndDevelopmentExpenses": 239000000,
    "generalAndAdministrativeExpenses": 0,
    "sellingAndMarketingExpenses": 0,
    "sellingGeneralAndAdministrativeExpenses": 1004000000,
    "otherExpenses": 340000000,
    "operatingExpenses": 1583000000,
    "costAndExpenses": 5923000000,
    "interestIncome": 0,
    "interestExpense": 0,
    "depreciationAndAmortization": 363000000,
    "ebitda": 1658000000,
    "ebitdaratio": 0.229703519,
    "operatingIncome": 1295000000,
    "operatingIncomeRatio": 0.1794125797,
    "totalOtherIncomeExpensesNet": -80000000,
    "incomeBeforeTax": 1215000000,
    "incomeBeforeTaxRatio": 0.1683291771,
    "incomeTaxExpense": 471000000,
    "netIncome": 744000000,
    "netIncomeRatio": 0.1030756442,
    "eps": 1.98,
    "epsdiluted": 1.97,
    "weightedAverageShsOut": 375600000,
    "weightedAverageShsOutDil": 379000000,
    "link": "https://www.sec.gov/Archives/edgar/data/79879/000095013297000092/0000950132-97-000092-index.html",
    "finalLink": "https://www.sec.gov/Archives/edgar/data/79879/"
  },
  {
    "date": "1995-12-31",
    "symbol": "PPG",
    "reportedCurrency": "USD",
    "cik": "0000079879",
    "fillingDate": "1996-02-16",
    "acceptedDate": "1996-02-16 00:00:00",
    "calendarYear": "1995",
    "period": "FY",
    "revenue": 7058000000,
    "costOfRevenue": 4212000000,
    "grossProfit": 2846000000,
    "grossProfitRatio": 0.4032303769,
    "researchAndDevelopmentExpenses": 236000000,
    "generalAndAdministrativeExpenses": 0,
    "sellingAndMarketingExpenses": 0,
    "sellingGeneralAndAdministrativeExpenses": 977000000,
    "otherExpenses": 332000000,
    "operatingExpenses": 1545000000,
    "costAndExpenses": 5757000000,
    "interestIncome": 0,
    "interestExpense": 0,
    "depreciationAndAmortization": 352000000,
    "ebitda": 1653000000,
    "ebitdaratio": 0.2342023236,
    "operatingIncome": 1301000000,
    "operatingIncomeRatio": 0.1843298385,
    "totalOtherIncomeExpensesNet": -53000000,
    "incomeBeforeTax": 1248000000,
    "incomeBeforeTaxRatio": 0.1768206291,
    "incomeTaxExpense": 480000000,
    "netIncome": 768000000,
    "netIncomeRatio": 0.1088126948,
    "eps": 1.9,
    "epsdiluted": 1.89,
    "weightedAverageShsOut": 404000000,
    "weightedAverageShsOutDil": 406600000,
    "link": "https://www.sec.gov/Archives/edgar/data/79879/000095013296000098/0000950132-96-000098-index.html",
    "finalLink": "https://www.sec.gov/Archives/edgar/data/79879/"
  },
  {
    "date": "1994-12-31",
    "symbol": "PPG",
    "reportedCurrency": "USD",
    "cik": "0000079879",
    "fillingDate": "1995-02-21",
    "acceptedDate": "1995-02-21 00:00:00",
    "calendarYear": "1994",
    "period": "FY",
    "revenue": 6331200000,
    "costOfRevenue": 3865500000,
    "grossProfit": 2465700000,
    "grossProfitRatio": 0.3894522365,
    "researchAndDevelopmentExpenses": 218100000,
    "generalAndAdministrativeExpenses": 0,
    "sellingAndMarketingExpenses": 0,
    "sellingGeneralAndAdministrativeExpenses": 919000000,
    "otherExpenses": 317500000,
    "operatingExpenses": 1454600000,
    "costAndExpenses": 5320100000,
    "interestIncome": 0,
    "interestExpense": 0,
    "depreciationAndAmortization": 335200000,
    "ebitda": 1346300000,
    "ebitdaratio": 0.2126453121,
    "operatingIncome": 1011100000,
    "operatingIncomeRatio": 0.1597011625,
    "totalOtherIncomeExpensesNet": -171300000,
    "incomeBeforeTax": 839800000,
    "incomeBeforeTaxRatio": 0.1326446803,
    "incomeTaxExpense": 325200000,
    "netIncome": 514600000,
    "netIncomeRatio": 0.0812800101,
    "eps": 1.22,
    "epsdiluted": 1.22,
    "weightedAverageShsOut": 423800000,
    "weightedAverageShsOutDil": 428800000,
    "link": "https://www.sec.gov/Archives/edgar/data/79879/000095013295000042/0000950132-95-000042-index.html",
    "finalLink": "https://www.sec.gov/Archives/edgar/data/79879/"
  },
  {
    "date": "1993-12-31",
    "symbol": "PPG",
    "reportedCurrency": "USD",
    "cik": "0000079879",
    "fillingDate": "1994-02-17",
    "acceptedDate": "1994-02-17 00:00:00",
    "calendarYear": "1993",
    "period": "FY",
    "revenue": 5753900000,
    "costOfRevenue": 3614200000,
    "grossProfit": 2139700000,
    "grossProfitRatio": 0.3718695146,
    "researchAndDevelopmentExpenses": 0,
    "generalAndAdministrativeExpenses": 0,
    "sellingAndMarketingExpenses": 0,
    "sellingGeneralAndAdministrativeExpenses": 1072900000,
    "otherExpenses": 350200000,
    "operatingExpenses": 1423100000,
    "costAndExpenses": 5037300000,
    "interestIncome": 0,
    "interestExpense": 0,
    "depreciationAndAmortization": 350200000,
    "ebitda": 1066800000,
    "ebitdaratio": 0.185404682,
    "operatingIncome": 716600000,
    "operatingIncomeRatio": 0.1245416153,
    "totalOtherIncomeExpensesNet": -185400000,
    "incomeBeforeTax": 531200000,
    "incomeBeforeTaxRatio": 0.0923199917,
    "incomeTaxExpense": 236200000,
    "netIncome": 22200000,
    "netIncomeRatio": 0.0038582527,
    "eps": 0.05,
    "epsdiluted": 0.05,
    "weightedAverageShsOut": 444000000,
    "weightedAverageShsOutDil": 444000000,
    "link": "https://www.sec.gov/Archives/edgar/data/79879/000095013294000053/0000950132-94-000053-index.html",
    "finalLink": "https://www.sec.gov/Archives/edgar/data/79879/"
  },
  {
    "date": "1992-12-31",
    "symbol": "PPG",
    "reportedCurrency": "USD",
    "cik": "0000079879",
    "fillingDate": "1992-12-31",
    "acceptedDate": "1992-12-31 00:00:00",
    "calendarYear": "1992",
    "period": "FY",
    "revenue": 5813900000,
    "costOfRevenue": 3673100000,
    "grossProfit": 2140800000,
    "grossProfitRatio": 0.3682209876,
    "researchAndDevelopmentExpenses": 0,
    "generalAndAdministrativeExpenses": 0,
    "sellingAndMarketingExpenses": 0,
    "sellingGeneralAndAdministrativeExpenses": 1082800000,
    "otherExpenses": 373200000,
    "operatingExpenses": 1456000000,
    "costAndExpenses": 5129100000,
    "interestIncome": 0,
    "interestExpense": 0,
    "depreciationAndAmortization": 373200000,
    "ebitda": 1058000000,
    "ebitdaratio": 0.1819776742,
    "operatingIncome": 684800000,
    "operatingIncomeRatio": 0.1177866836,
    "totalOtherIncomeExpensesNet": -147000000,
    "incomeBeforeTax": 537800000,
    "incomeBeforeTaxRatio": 0.092502451,
    "incomeTaxExpense": 218400000,
    "netIncome": 319400000,
    "netIncomeRatio": 0.0549373054,
    "eps": 0.76,
    "epsdiluted": 0.75,
    "weightedAverageShsOut": 423046358,
    "weightedAverageShsOutDil": 425866667,
    "link": null,
    "finalLink": null
  },
  {
    "date": "1991-12-31",
    "symbol": "PPG",
    "reportedCurrency": "USD",
    "cik": "0000079879",
    "fillingDate": "1991-12-31",
    "acceptedDate": "1991-12-31 00:00:00",
    "calendarYear": "1991",
    "period": "FY",
    "revenue": 5672600000,
    "costOfRevenue": 3654500000,
    "grossProfit": 2018100000,
    "grossProfitRatio": 0.3557627895,
    "researchAndDevelopmentExpenses": 0,
    "generalAndAdministrativeExpenses": 0,
    "sellingAndMarketingExpenses": 0,
    "sellingGeneralAndAdministrativeExpenses": 1078900000,
    "otherExpenses": 372800000,
    "operatingExpenses": 1451700000,
    "costAndExpenses": 5106200000,
    "interestIncome": 0,
    "interestExpense": 0,
    "depreciationAndAmortization": 372800000,
    "ebitda": 939200000,
    "ebitdaratio": 0.1655678172,
    "operatingIncome": 566400000,
    "operatingIncomeRatio": 0.099848394,
    "totalOtherIncomeExpensesNet": -218300000,
    "incomeBeforeTax": 348100000,
    "incomeBeforeTaxRatio": 0.0613651588,
    "incomeTaxExpense": 146700000,
    "netIncome": 201400000,
    "netIncomeRatio": 0.0355040017,
    "eps": 0.48,
    "epsdiluted": 0.47,
    "weightedAverageShsOut": 424000000,
    "weightedAverageShsOutDil": 428510638,
    "link": null,
    "finalLink": null
  },
  {
    "date": "1990-12-31",
    "symbol": "PPG",
    "reportedCurrency": "USD",
    "cik": "0000079879",
    "fillingDate": "1990-12-31",
    "acceptedDate": "1990-12-31 00:00:00",
    "calendarYear": "1990",
    "period": "FY",
    "revenue": 6021400000,
    "costOfRevenue": 3721400000,
    "grossProfit": 2300000000,
    "grossProfitRatio": 0.3819709702,
    "researchAndDevelopmentExpenses": 0,
    "generalAndAdministrativeExpenses": 0,
    "sellingAndMarketingExpenses": 0,
    "sellingGeneralAndAdministrativeExpenses": 1050800000,
    "otherExpenses": 344800000,
    "operatingExpenses": 1395600000,
    "costAndExpenses": 5117000000,
    "interestIncome": 0,
    "interestExpense": 0,
    "depreciationAndAmortization": 344800000,
    "ebitda": 1249200000,
    "ebitdaratio": 0.2074600591,
    "operatingIncome": 904400000,
    "operatingIncomeRatio": 0.1501976285,
    "totalOtherIncomeExpensesNet": -137500000,
    "incomeBeforeTax": 766900000,
    "incomeBeforeTaxRatio": 0.1273624074,
    "incomeTaxExpense": 292100000,
    "netIncome": 474800000,
    "netIncomeRatio": 0.0788520942,
    "eps": 1.11,
    "epsdiluted": 1.11,
    "weightedAverageShsOut": 427747748,
    "weightedAverageShsOutDil": 429683258,
    "link": null,
    "finalLink": null
  },
  {
    "date": "1989-12-31",
    "symbol": "PPG",
    "reportedCurrency": "USD",
    "cik": "0000079879",
    "fillingDate": "1989-12-31",
    "acceptedDate": "1989-12-31 00:00:00",
    "calendarYear": "1989",
    "period": "FY",
    "revenue": 5734100000,
    "costOfRevenue": 3591000000,
    "grossProfit": 2143100000,
    "grossProfitRatio": 0.3737465339,
    "researchAndDevelopmentExpenses": 0,
    "generalAndAdministrativeExpenses": 0,
    "sellingAndMarketingExpenses": 0,
    "sellingGeneralAndAdministrativeExpenses": 996600000,
    "otherExpenses": 310200000,
    "operatingExpenses": 1306800000,
    "costAndExpenses": 4897800000,
    "interestIncome": 0,
    "interestExpense": 0,
    "depreciationAndAmortization": 310200000,
    "ebitda": 1146500000,
    "ebitdaratio": 0.1999441935,
    "operatingIncome": 836300000,
    "operatingIncomeRatio": 0.1458467763,
    "totalOtherIncomeExpensesNet": -87600000,
    "incomeBeforeTax": 748700000,
    "incomeBeforeTaxRatio": 0.1305697494,
    "incomeTaxExpense": 283500000,
    "netIncome": 465200000,
    "netIncomeRatio": 0.0811286863,
    "eps": 1.05,
    "epsdiluted": 1.04,
    "weightedAverageShsOut": 445167464,
    "weightedAverageShsOutDil": 447307692,
    "link": null,
    "finalLink": null
  },
  {
    "date": "1988-12-31",
    "symbol": "PPG",
    "reportedCurrency": "USD",
    "cik": "0000079879",
    "fillingDate": "1988-12-31",
    "acceptedDate": "1988-12-30 19:00:00",
    "calendarYear": "1988",
    "period": "FY",
    "revenue": 5638700000,
    "costOfRevenue": 3333800000,
    "grossProfit": 2304900000,
    "grossProfitRatio": 0.4087644315,
    "researchAndDevelopmentExpenses": 0,
    "generalAndAdministrativeExpenses": 0,
    "sellingAndMarketingExpenses": 0,
    "sellingGeneralAndAdministrativeExpenses": 1092000000,
    "otherExpenses": 292600000,
    "operatingExpenses": 1384600000,
    "costAndExpenses": 4718400000,
    "interestIncome": 0,
    "interestExpense": 0,
    "depreciationAndAmortization": 292600000,
    "ebitda": 1212900000,
    "ebitdaratio": 0.2151027719,
    "operatingIncome": 920300000,
    "operatingIncomeRatio": 0.1632113785,
    "totalOtherIncomeExpensesNet": -141300000,
    "incomeBeforeTax": 779000000,
    "incomeBeforeTaxRatio": 0.138152411,
    "incomeTaxExpense": 311400000,
    "netIncome": 467600000,
    "netIncomeRatio": 0.0829269158,
    "eps": 1.07,
    "epsdiluted": 1.06,
    "weightedAverageShsOut": 439061033,
    "weightedAverageShsOutDil": 441132075,
    "link": "",
    "finalLink": ""
  },
  {
    "date": "1987-12-31",
    "symbol": "PPG",
    "reportedCurrency": "USD",
    "cik": "0000079879",
    "fillingDate": "1987-12-31",
    "acceptedDate": "1987-12-30 19:00:00",
    "calendarYear": "1987",
    "period": "FY",
    "revenue": 5182600000,
    "costOfRevenue": 3087400000,
    "grossProfit": 2095200000,
    "grossProfitRatio": 0.4042758461,
    "researchAndDevelopmentExpenses": 0,
    "generalAndAdministrativeExpenses": 0,
    "sellingAndMarketingExpenses": 0,
    "sellingGeneralAndAdministrativeExpenses": 999900000,
    "otherExpenses": 444500000,
    "operatingExpenses": 1444400000,
    "costAndExpenses": 4531800000,
    "interestIncome": 0,
    "interestExpense": 0,
    "depreciationAndAmortization": 282500000,
    "ebitda": 933300000,
    "ebitdaratio": 0.1800833558,
    "operatingIncome": 650800000,
    "operatingIncomeRatio": 0.1255740362,
    "totalOtherIncomeExpensesNet": -13900000,
    "incomeBeforeTax": 636900000,
    "incomeBeforeTaxRatio": 0.1228919847,
    "incomeTaxExpense": 259800000,
    "netIncome": 377100000,
    "netIncomeRatio": 0.072762706,
    "eps": 0.8,
    "epsdiluted": 0.8,
    "weightedAverageShsOut": 471375000,
    "weightedAverageShsOutDil": 471375000,
    "link": "",
    "finalLink": ""
  },
  {
    "date": "1986-12-31",
    "symbol": "PPG",
    "reportedCurrency": "USD",
    "cik": "0000079879",
    "fillingDate": "1986-12-31",
    "acceptedDate": "1986-12-30 19:00:00",
    "calendarYear": "1986",
    "period": "FY",
    "revenue": 4687100000,
    "costOfRevenue": 2791300000,
    "grossProfit": 1895800000,
    "grossProfitRatio": 0.4044718483,
    "researchAndDevelopmentExpenses": 0,
    "generalAndAdministrativeExpenses": 0,
    "sellingAndMarketingExpenses": 0,
    "sellingGeneralAndAdministrativeExpenses": 877700000,
    "otherExpenses": 399800000,
    "operatingExpenses": 1277500000,
    "costAndExpenses": 4068800000,
    "interestIncome": 0,
    "interestExpense": 0,
    "depreciationAndAmortization": 250500000,
    "ebitda": 868800000,
    "ebitdaratio": 0.1853598174,
    "operatingIncome": 618300000,
    "operatingIncomeRatio": 0.1319152568,
    "totalOtherIncomeExpensesNet": -65700000,
    "incomeBeforeTax": 552600000,
    "incomeBeforeTaxRatio": 0.1178980606,
    "incomeTaxExpense": 236200000,
    "netIncome": 316400000,
    "netIncomeRatio": 0.067504427,
    "eps": 0.67,
    "epsdiluted": 0.67,
    "weightedAverageShsOut": 475789474,
    "weightedAverageShsOutDil": 475789474,
    "link": "",
    "finalLink": ""
  },
  {
    "date": "1985-12-31",
    "symbol": "PPG",
    "reportedCurrency": "USD",
    "cik": "0000079879",
    "fillingDate": "1985-12-31",
    "acceptedDate": "1985-12-30 19:00:00",
    "calendarYear": "1985",
    "period": "FY",
    "revenue": 4345500000,
    "costOfRevenue": 2638700000,
    "grossProfit": 1706800000,
    "grossProfitRatio": 0.3927741342,
    "researchAndDevelopmentExpenses": 0,
    "generalAndAdministrativeExpenses": 0,
    "sellingAndMarketingExpenses": 0,
    "sellingGeneralAndAdministrativeExpenses": 787200000,
    "otherExpenses": 361900000,
    "operatingExpenses": 1149100000,
    "costAndExpenses": 3787800000,
    "interestIncome": 0,
    "interestExpense": 0,
    "depreciationAndAmortization": 219000000,
    "ebitda": 776700000,
    "ebitdaratio": 0.1787366241,
    "operatingIncome": 557700000,
    "operatingIncomeRatio": 0.1283396617,
    "totalOtherIncomeExpensesNet": -20600000,
    "incomeBeforeTax": 537100000,
    "incomeBeforeTaxRatio": 0.1235991255,
    "incomeTaxExpense": 234400000,
    "netIncome": 302700000,
    "netIncomeRatio": 0.0696582672,
    "eps": 0.57,
    "epsdiluted": 0.57,
    "weightedAverageShsOut": 531052632,
    "weightedAverageShsOutDil": 531052632,
    "link": "",
    "finalLink": ""
  }
]