[
  {
    "date": "2025-06-30",
    "symbol": "PPL",
    "reportedCurrency": "USD",
    "cik": "0000922224",
    "fillingDate": "2025-07-31",
    "acceptedDate": "2025-07-31 12:09:00",
    "calendarYear": "2025",
    "period": "Q2",
    "revenue": 2025000000,
    "costOfRevenue": 1194000000,
    "grossProfit": 831000000,
    "grossProfitRatio": 0.4103703704,
    "researchAndDevelopmentExpenses": 0,
    "generalAndAdministrativeExpenses": 0,
    "sellingAndMarketingExpenses": 0,
    "sellingGeneralAndAdministrativeExpenses": 0,
    "otherExpenses": 425000000,
    "operatingExpenses": 425000000,
    "costAndExpenses": 1619000000,
    "interestIncome": 2000000,
    "interestExpense": 199000000,
    "depreciationAndAmortization": 353000000,
    "ebitda": 782000000,
    "ebitdaratio": 0.3861728395,
    "operatingIncome": 406000000,
    "operatingIncomeRatio": 0.2004938272,
    "totalOtherIncomeExpensesNet": -176000000,
    "incomeBeforeTax": 230000000,
    "incomeBeforeTaxRatio": 0.1135802469,
    "incomeTaxExpense": 47000000,
    "netIncome": 183000000,
    "netIncomeRatio": 0.0903703704,
    "eps": 0,
    "epsdiluted": 0,
    "weightedAverageShsOut": 739276000,
    "weightedAverageShsOutDil": 742541000,
    "link": "https://www.sec.gov/Archives/edgar/data/922224/000092222425000034/0000922224-25-000034-index.htm",
    "finalLink": "https://www.sec.gov/Archives/edgar/data/55387/000092222425000034/ppl-20250630.htm"
  },
  {
    "date": "2025-03-31",
    "symbol": "PPL",
    "reportedCurrency": "USD",
    "cik": "0000922224",
    "fillingDate": "2025-04-30",
    "acceptedDate": "2025-04-30 11:47:25",
    "calendarYear": "2025",
    "period": "Q1",
    "revenue": 2504000000,
    "costOfRevenue": 1391000000,
    "grossProfit": 1113000000,
    "grossProfitRatio": 0.4444888179,
    "researchAndDevelopmentExpenses": 0,
    "generalAndAdministrativeExpenses": 0,
    "sellingAndMarketingExpenses": 0,
    "sellingGeneralAndAdministrativeExpenses": 0,
    "otherExpenses": 435000000,
    "operatingExpenses": 435000000,
    "costAndExpenses": 1826000000,
    "interestIncome": 5000000,
    "interestExpense": 190000000,
    "depreciationAndAmortization": 342000000,
    "ebitda": 1048000000,
    "ebitdaratio": 0.4185303514,
    "operatingIncome": 678000000,
    "operatingIncomeRatio": 0.2707667732,
    "totalOtherIncomeExpensesNet": -162000000,
    "incomeBeforeTax": 516000000,
    "incomeBeforeTaxRatio": 0.2060702875,
    "incomeTaxExpense": 102000000,
    "netIncome": 414000000,
    "netIncomeRatio": 0.1653354633,
    "eps": 0.56,
    "epsdiluted": 0.56,
    "weightedAverageShsOut": 738691000,
    "weightedAverageShsOutDil": 741400000,
    "link": "https://www.sec.gov/Archives/edgar/data/922224/000092222425000017/0000922224-25-000017-index.htm",
    "finalLink": "https://www.sec.gov/Archives/edgar/data/55387/000092222425000017/ppl-20250430.htm"
  },
  {
    "date": "2024-12-31",
    "symbol": "PPL",
    "reportedCurrency": "USD",
    "cik": "0000922224",
    "fillingDate": "2025-02-13",
    "acceptedDate": "2025-02-13 12:21:22",
    "calendarYear": "2024",
    "period": "Q4",
    "revenue": 2211000000,
    "costOfRevenue": 1409000000,
    "grossProfit": 802000000,
    "grossProfitRatio": 0.3627317956,
    "researchAndDevelopmentExpenses": 0,
    "generalAndAdministrativeExpenses": 0,
    "sellingAndMarketingExpenses": 0,
    "sellingGeneralAndAdministrativeExpenses": 0,
    "otherExpenses": 425000000,
    "operatingExpenses": 425000000,
    "costAndExpenses": 1834000000,
    "interestIncome": 8000000,
    "interestExpense": 189000000,
    "depreciationAndAmortization": 339000000,
    "ebitda": 744000000,
    "ebitdaratio": 0.3364993216,
    "operatingIncome": 377000000,
    "operatingIncomeRatio": 0.170511081,
    "totalOtherIncomeExpensesNet": -161000000,
    "incomeBeforeTax": 216000000,
    "incomeBeforeTaxRatio": 0.0976933514,
    "incomeTaxExpense": 39000000,
    "netIncome": 177000000,
    "netIncomeRatio": 0.0800542741,
    "eps": 0.24,
    "epsdiluted": 0.24,
    "weightedAverageShsOut": 737989000,
    "weightedAverageShsOutDil": 741063000,
    "link": "https://www.sec.gov/Archives/edgar/data/922224/000092222425000009/0000922224-25-000009-index.htm",
    "finalLink": "https://www.sec.gov/Archives/edgar/data/922224/000092222425000009/ppl-20241231.htm"
  },
  {
    "date": "2024-09-30",
    "symbol": "PPL",
    "reportedCurrency": "USD",
    "cik": "0000922224",
    "fillingDate": "2024-11-01",
    "acceptedDate": "2024-11-01 12:34:38",
    "calendarYear": "2024",
    "period": "Q3",
    "revenue": 2066000000,
    "costOfRevenue": 1226000000,
    "grossProfit": 840000000,
    "grossProfitRatio": 0.4065827686,
    "researchAndDevelopmentExpenses": 0,
    "generalAndAdministrativeExpenses": 0,
    "sellingAndMarketingExpenses": 0,
    "sellingGeneralAndAdministrativeExpenses": 0,
    "otherExpenses": 412000000,
    "operatingExpenses": 412000000,
    "costAndExpenses": 1638000000,
    "interestIncome": 10000000,
    "interestExpense": 188000000,
    "depreciationAndAmortization": 336000000,
    "ebitda": 796000000,
    "ebitdaratio": 0.385285576,
    "operatingIncome": 428000000,
    "operatingIncomeRatio": 0.2071636012,
    "totalOtherIncomeExpensesNet": -156000000,
    "incomeBeforeTax": 272000000,
    "incomeBeforeTaxRatio": 0.1316553727,
    "incomeTaxExpense": 58000000,
    "netIncome": 214000000,
    "netIncomeRatio": 0.1035818006,
    "eps": 0.29,
    "epsdiluted": 0.29,
    "weightedAverageShsOut": 737773000,
    "weightedAverageShsOutDil": 739965000,
    "link": "https://www.sec.gov/Archives/edgar/data/922224/000092222424000030/0000922224-24-000030-index.htm",
    "finalLink": "https://www.sec.gov/Archives/edgar/data/55387/000092222424000030/ppl-20240930.htm"
  },
  {
    "date": "2024-06-30",
    "symbol": "PPL",
    "reportedCurrency": "USD",
    "cik": "0000922224",
    "fillingDate": "2024-08-02",
    "acceptedDate": "2024-08-02 12:29:13",
    "calendarYear": "2024",
    "period": "Q2",
    "revenue": 1881000000,
    "costOfRevenue": 1079000000,
    "grossProfit": 802000000,
    "grossProfitRatio": 0.4263689527,
    "researchAndDevelopmentExpenses": 0,
    "generalAndAdministrativeExpenses": -15000000,
    "sellingAndMarketingExpenses": 0,
    "sellingGeneralAndAdministrativeExpenses": -15000000,
    "otherExpenses": 427000000,
    "operatingExpenses": 412000000,
    "costAndExpenses": 1491000000,
    "interestIncome": 6000000,
    "interestExpense": 182000000,
    "depreciationAndAmortization": 342000000,
    "ebitda": 764000000,
    "ebitdaratio": 0.4061669325,
    "operatingIncome": 390000000,
    "operatingIncomeRatio": 0.2073365231,
    "totalOtherIncomeExpensesNet": -150000000,
    "incomeBeforeTax": 240000000,
    "incomeBeforeTaxRatio": 0.1275917065,
    "incomeTaxExpense": 50000000,
    "netIncome": 190000000,
    "netIncomeRatio": 0.101010101,
    "eps": 0.26,
    "epsdiluted": 0.26,
    "weightedAverageShsOut": 737748000,
    "weightedAverageShsOutDil": 739563000,
    "link": "https://www.sec.gov/Archives/edgar/data/922224/000092222424000024/0000922224-24-000024-index.htm",
    "finalLink": "https://www.sec.gov/Archives/edgar/data/55387/000092222424000024/ppl-20240630.htm"
  },
  {
    "date": "2024-03-31",
    "symbol": "PPL",
    "reportedCurrency": "USD",
    "cik": "0000922224",
    "fillingDate": "2024-05-01",
    "acceptedDate": "2024-05-01 11:37:52",
    "calendarYear": "2024",
    "period": "Q1",
    "revenue": 2304000000,
    "costOfRevenue": 1355000000,
    "grossProfit": 949000000,
    "grossProfitRatio": 0.4118923611,
    "researchAndDevelopmentExpenses": 0,
    "generalAndAdministrativeExpenses": -8000000,
    "sellingAndMarketingExpenses": 0,
    "sellingGeneralAndAdministrativeExpenses": -8000000,
    "otherExpenses": 412000000,
    "operatingExpenses": 404000000,
    "costAndExpenses": 1759000000,
    "interestIncome": 9000000,
    "interestExpense": 179000000,
    "depreciationAndAmortization": 340000000,
    "ebitda": 907000000,
    "ebitdaratio": 0.3936631944,
    "operatingIncome": 545000000,
    "operatingIncomeRatio": 0.2365451389,
    "totalOtherIncomeExpensesNet": -157000000,
    "incomeBeforeTax": 388000000,
    "incomeBeforeTaxRatio": 0.1684027778,
    "incomeTaxExpense": 81000000,
    "netIncome": 307000000,
    "netIncomeRatio": 0.1332465278,
    "eps": 0.42,
    "epsdiluted": 0.42,
    "weightedAverageShsOut": 737512000,
    "weightedAverageShsOutDil": 738820000,
    "link": "https://www.sec.gov/Archives/edgar/data/922224/000092222424000014/0000922224-24-000014-index.htm",
    "finalLink": "https://www.sec.gov/Archives/edgar/data/55387/000092222424000014/ppl-20240331.htm"
  },
  {
    "date": "2023-12-31",
    "symbol": "PPL",
    "reportedCurrency": "USD",
    "cik": "0000922224",
    "fillingDate": "2024-02-16",
    "acceptedDate": "2024-02-16 11:54:54",
    "calendarYear": "2023",
    "period": "Q4",
    "revenue": 2031000000,
    "costOfRevenue": 1234000000,
    "grossProfit": 797000000,
    "grossProfitRatio": 0.3924175283,
    "researchAndDevelopmentExpenses": 0,
    "generalAndAdministrativeExpenses": -10000000,
    "sellingAndMarketingExpenses": 0,
    "sellingGeneralAndAdministrativeExpenses": -10000000,
    "otherExpenses": 417000000,
    "operatingExpenses": 407000000,
    "costAndExpenses": 1641000000,
    "interestIncome": 10000000,
    "interestExpense": 172000000,
    "depreciationAndAmortization": 334000000,
    "ebitda": 633000000,
    "ebitdaratio": 0.3116691285,
    "operatingIncome": 390000000,
    "operatingIncomeRatio": 0.1920236337,
    "totalOtherIncomeExpensesNet": -263000000,
    "incomeBeforeTax": 127000000,
    "incomeBeforeTaxRatio": 0.062530773,
    "incomeTaxExpense": 14000000,
    "netIncome": 113000000,
    "netIncomeRatio": 0.0556376169,
    "eps": 0.15,
    "epsdiluted": 0.15,
    "weightedAverageShsOut": 737128000,
    "weightedAverageShsOutDil": 738600000,
    "link": "https://www.sec.gov/Archives/edgar/data/922224/000092222424000008/0000922224-24-000008-index.htm",
    "finalLink": "https://www.sec.gov/Archives/edgar/data/55387/000092222424000008/ppl-20231231.htm"
  },
  {
    "date": "2023-09-30",
    "symbol": "PPL",
    "reportedCurrency": "USD",
    "cik": "0000922224",
    "fillingDate": "2023-11-02",
    "acceptedDate": "2023-11-02 11:45:39",
    "calendarYear": "2023",
    "period": "Q3",
    "revenue": 2043000000,
    "costOfRevenue": 1192000000,
    "grossProfit": 851000000,
    "grossProfitRatio": 0.4165442976,
    "researchAndDevelopmentExpenses": 0,
    "generalAndAdministrativeExpenses": -13000000,
    "sellingAndMarketingExpenses": 0,
    "sellingGeneralAndAdministrativeExpenses": -13000000,
    "otherExpenses": 427000000,
    "operatingExpenses": 414000000,
    "costAndExpenses": 1606000000,
    "interestIncome": 4000000,
    "interestExpense": 165000000,
    "depreciationAndAmortization": 336000000,
    "ebitda": 789000000,
    "ebitdaratio": 0.3861967695,
    "operatingIncome": 437000000,
    "operatingIncomeRatio": 0.2139011258,
    "totalOtherIncomeExpensesNet": -149000000,
    "incomeBeforeTax": 288000000,
    "incomeBeforeTaxRatio": 0.140969163,
    "incomeTaxExpense": 58000000,
    "netIncome": 230000000,
    "netIncomeRatio": 0.1125795399,
    "eps": 0.31,
    "epsdiluted": 0.31,
    "weightedAverageShsOut": 737107000,
    "weightedAverageShsOutDil": 738184000,
    "link": "https://www.sec.gov/Archives/edgar/data/922224/000092222423000049/0000922224-23-000049-index.htm",
    "finalLink": "https://www.sec.gov/Archives/edgar/data/55387/000092222423000049/ppl-20230930.htm"
  },
  {
    "date": "2023-06-30",
    "symbol": "PPL",
    "reportedCurrency": "USD",
    "cik": "0000922224",
    "fillingDate": "2023-08-04",
    "acceptedDate": "2023-08-04 11:50:13",
    "calendarYear": "2023",
    "period": "Q2",
    "revenue": 1823000000,
    "costOfRevenue": 1116000000,
    "grossProfit": 707000000,
    "grossProfitRatio": 0.387822271,
    "researchAndDevelopmentExpenses": 0,
    "generalAndAdministrativeExpenses": 1000000,
    "sellingAndMarketingExpenses": 0,
    "sellingGeneralAndAdministrativeExpenses": 1000000,
    "otherExpenses": 401000000,
    "operatingExpenses": 402000000,
    "costAndExpenses": 1518000000,
    "interestIncome": 8000000,
    "interestExpense": 165000000,
    "depreciationAndAmortization": 335000000,
    "ebitda": 645000000,
    "ebitdaratio": 0.3538123971,
    "operatingIncome": 305000000,
    "operatingIncomeRatio": 0.1673066374,
    "totalOtherIncomeExpensesNet": -160000000,
    "incomeBeforeTax": 145000000,
    "incomeBeforeTaxRatio": 0.0795392211,
    "incomeTaxExpense": 33000000,
    "netIncome": 112000000,
    "netIncomeRatio": 0.0614371914,
    "eps": 0.15,
    "epsdiluted": 0.15,
    "weightedAverageShsOut": 737075000,
    "weightedAverageShsOutDil": 738177000,
    "link": "https://www.sec.gov/Archives/edgar/data/922224/000092222423000045/0000922224-23-000045-index.htm",
    "finalLink": "https://www.sec.gov/Archives/edgar/data/55387/000092222423000045/ppl-20230630.htm"
  },
  {
    "date": "2023-03-31",
    "symbol": "PPL",
    "reportedCurrency": "USD",
    "cik": "0000922224",
    "fillingDate": "2023-05-04",
    "acceptedDate": "2023-05-04 12:08:47",
    "calendarYear": "2023",
    "period": "Q1",
    "revenue": 2415000000,
    "costOfRevenue": 1494000000,
    "grossProfit": 921000000,
    "grossProfitRatio": 0.3813664596,
    "researchAndDevelopmentExpenses": 0,
    "generalAndAdministrativeExpenses": -17000000,
    "sellingAndMarketingExpenses": 0,
    "sellingGeneralAndAdministrativeExpenses": -17000000,
    "otherExpenses": 440000000,
    "operatingExpenses": 423000000,
    "costAndExpenses": 1917000000,
    "interestIncome": 9000000,
    "interestExpense": 164000000,
    "depreciationAndAmortization": 330000000,
    "ebitda": 858000000,
    "ebitdaratio": 0.3552795031,
    "operatingIncome": 498000000,
    "operatingIncomeRatio": 0.2062111801,
    "totalOtherIncomeExpensesNet": -134000000,
    "incomeBeforeTax": 364000000,
    "incomeBeforeTaxRatio": 0.1507246377,
    "incomeTaxExpense": 79000000,
    "netIncome": 285000000,
    "netIncomeRatio": 0.1180124224,
    "eps": 0.39,
    "epsdiluted": 0.39,
    "weightedAverageShsOut": 736829000,
    "weightedAverageShsOutDil": 737698000,
    "link": "https://www.sec.gov/Archives/edgar/data/922224/000092222423000031/0000922224-23-000031-index.htm",
    "finalLink": "https://www.sec.gov/Archives/edgar/data/55387/000092222423000031/ppl-20230331.htm"
  },
  {
    "date": "2022-12-31",
    "symbol": "PPL",
    "reportedCurrency": "USD",
    "cik": "0000922224",
    "fillingDate": "2023-02-17",
    "acceptedDate": "2023-02-17 14:09:21",
    "calendarYear": "2022",
    "period": "Q4",
    "revenue": 2290000000,
    "costOfRevenue": 1543000000,
    "grossProfit": 747000000,
    "grossProfitRatio": 0.3262008734,
    "researchAndDevelopmentExpenses": 0,
    "generalAndAdministrativeExpenses": -20000000,
    "sellingAndMarketingExpenses": 0,
    "sellingGeneralAndAdministrativeExpenses": -20000000,
    "otherExpenses": 431000000,
    "operatingExpenses": 411000000,
    "costAndExpenses": 1954000000,
    "interestIncome": 0,
    "interestExpense": 146000000,
    "depreciationAndAmortization": 331000000,
    "ebitda": 683000000,
    "ebitdaratio": 0.2982532751,
    "operatingIncome": 336000000,
    "operatingIncomeRatio": 0.1467248908,
    "totalOtherIncomeExpensesNet": -134000000,
    "incomeBeforeTax": 202000000,
    "incomeBeforeTaxRatio": 0.088209607,
    "incomeTaxExpense": 54000000,
    "netIncome": 190000000,
    "netIncomeRatio": 0.0829694323,
    "eps": 0.26,
    "epsdiluted": 0.26,
    "weightedAverageShsOut": 736369000,
    "weightedAverageShsOutDil": 737570000,
    "link": "https://www.sec.gov/Archives/edgar/data/922224/000092222423000010/0000922224-23-000010-index.htm",
    "finalLink": "https://www.sec.gov/Archives/edgar/data/55387/000092222423000010/ppl-20221231.htm"
  },
  {
    "date": "2022-09-30",
    "symbol": "PPL",
    "reportedCurrency": "USD",
    "cik": "0000922224",
    "fillingDate": "2022-11-04",
    "acceptedDate": "2022-11-04 11:51:40",
    "calendarYear": "2022",
    "period": "Q3",
    "revenue": 2134000000,
    "costOfRevenue": 1381000000,
    "grossProfit": 753000000,
    "grossProfitRatio": 0.3528584817,
    "researchAndDevelopmentExpenses": 0,
    "generalAndAdministrativeExpenses": -7000000,
    "sellingAndMarketingExpenses": 0,
    "sellingGeneralAndAdministrativeExpenses": -7000000,
    "otherExpenses": 419000000,
    "operatingExpenses": 412000000,
    "costAndExpenses": 1793000000,
    "interestIncome": 0,
    "interestExpense": 136000000,
    "depreciationAndAmortization": 327000000,
    "ebitda": 678000000,
    "ebitdaratio": 0.3177132146,
    "operatingIncome": 341000000,
    "operatingIncomeRatio": 0.1597938144,
    "totalOtherIncomeExpensesNet": -126000000,
    "incomeBeforeTax": 215000000,
    "incomeBeforeTaxRatio": 0.1007497657,
    "incomeTaxExpense": 41000000,
    "netIncome": 174000000,
    "netIncomeRatio": 0.0815370197,
    "eps": 0.24,
    "epsdiluted": 0.24,
    "weightedAverageShsOut": 736247000,
    "weightedAverageShsOutDil": 737074000,
    "link": "https://www.sec.gov/Archives/edgar/data/922224/000092222422000049/0000922224-22-000049-index.htm",
    "finalLink": "https://www.sec.gov/Archives/edgar/data/55387/000092222422000049/ppl-20220930.htm"
  },
  {
    "date": "2022-06-30",
    "symbol": "PPL",
    "reportedCurrency": "USD",
    "cik": "0000922224",
    "fillingDate": "2022-08-03",
    "acceptedDate": "2022-08-03 14:38:17",
    "calendarYear": "2022",
    "period": "Q2",
    "revenue": 1696000000,
    "costOfRevenue": 1094000000,
    "grossProfit": 602000000,
    "grossProfitRatio": 0.3549528302,
    "researchAndDevelopmentExpenses": 0,
    "generalAndAdministrativeExpenses": -9000000,
    "sellingAndMarketingExpenses": 0,
    "sellingGeneralAndAdministrativeExpenses": -9000000,
    "otherExpenses": 368000000,
    "operatingExpenses": 359000000,
    "costAndExpenses": 1453000000,
    "interestIncome": 0,
    "interestExpense": 119000000,
    "depreciationAndAmortization": 297000000,
    "ebitda": 567000000,
    "ebitdaratio": 0.3343160377,
    "operatingIncome": 243000000,
    "operatingIncomeRatio": 0.1432783019,
    "totalOtherIncomeExpensesNet": -92000000,
    "incomeBeforeTax": 151000000,
    "incomeBeforeTaxRatio": 0.0890330189,
    "incomeTaxExpense": 32000000,
    "netIncome": 119000000,
    "netIncomeRatio": 0.0701650943,
    "eps": 0.16,
    "epsdiluted": 0.16,
    "weightedAverageShsOut": 735977000,
    "weightedAverageShsOutDil": 736769000,
    "link": "https://www.sec.gov/Archives/edgar/data/922224/000092222422000042/0000922224-22-000042-index.htm",
    "finalLink": "https://www.sec.gov/Archives/edgar/data/55387/000092222422000042/ppl-20220630.htm"
  },
  {
    "date": "2022-03-31",
    "symbol": "PPL",
    "reportedCurrency": "USD",
    "cik": "0000922224",
    "fillingDate": "2022-05-05",
    "acceptedDate": "2022-05-05 11:58:06",
    "calendarYear": "2022",
    "period": "Q1",
    "revenue": 1782000000,
    "costOfRevenue": 997000000,
    "grossProfit": 785000000,
    "grossProfitRatio": 0.4405162738,
    "researchAndDevelopmentExpenses": 0,
    "generalAndAdministrativeExpenses": -10000000,
    "sellingAndMarketingExpenses": 0,
    "sellingGeneralAndAdministrativeExpenses": -10000000,
    "otherExpenses": 341000000,
    "operatingExpenses": 331000000,
    "costAndExpenses": 1328000000,
    "interestIncome": 0,
    "interestExpense": 108000000,
    "depreciationAndAmortization": 278000000,
    "ebitda": 733000000,
    "ebitdaratio": 0.411335578,
    "operatingIncome": 454000000,
    "operatingIncomeRatio": 0.2547699214,
    "totalOtherIncomeExpensesNet": -107000000,
    "incomeBeforeTax": 347000000,
    "incomeBeforeTaxRatio": 0.1947250281,
    "incomeTaxExpense": 74000000,
    "netIncome": 273000000,
    "netIncomeRatio": 0.1531986532,
    "eps": 0.37,
    "epsdiluted": 0.37,
    "weightedAverageShsOut": 735503000,
    "weightedAverageShsOutDil": 736184000,
    "link": "https://www.sec.gov/Archives/edgar/data/922224/000092222422000024/0000922224-22-000024-index.htm",
    "finalLink": "https://www.sec.gov/Archives/edgar/data/55387/000092222422000024/ppl-20220331.htm"
  },
  {
    "date": "2021-12-31",
    "symbol": "PPL",
    "reportedCurrency": "USD",
    "cik": "0000922224",
    "fillingDate": "2022-02-18",
    "acceptedDate": "2022-02-18 12:06:53",
    "calendarYear": "2021",
    "period": "Q4",
    "revenue": 1485000000,
    "costOfRevenue": 851000000,
    "grossProfit": 634000000,
    "grossProfitRatio": 0.4269360269,
    "researchAndDevelopmentExpenses": 0,
    "generalAndAdministrativeExpenses": -3000000,
    "sellingAndMarketingExpenses": 0,
    "sellingGeneralAndAdministrativeExpenses": -3000000,
    "otherExpenses": 329000000,
    "operatingExpenses": 326000000,
    "costAndExpenses": 1177000000,
    "interestIncome": 2000000,
    "interestExpense": 108000000,
    "depreciationAndAmortization": 281000000,
    "ebitda": 579000000,
    "ebitdaratio": 0.3898989899,
    "operatingIncome": 308000000,
    "operatingIncomeRatio": 0.2074074074,
    "totalOtherIncomeExpensesNet": -118000000,
    "incomeBeforeTax": 190000000,
    "incomeBeforeTaxRatio": 0.1279461279,
    "incomeTaxExpense": 48000000,
    "netIncome": 134000000,
    "netIncomeRatio": 0.0902356902,
    "eps": 0.18,
    "epsdiluted": 0.18,
    "weightedAverageShsOut": 745456000,
    "weightedAverageShsOutDil": 747702000,
    "link": "https://www.sec.gov/Archives/edgar/data/922224/000092222422000005/0000922224-22-000005-index.htm",
    "finalLink": "https://www.sec.gov/Archives/edgar/data/55387/000092222422000005/ppl-20211231.htm"
  },
  {
    "date": "2021-09-30",
    "symbol": "PPL",
    "reportedCurrency": "USD",
    "cik": "0000922224",
    "fillingDate": "2021-11-04",
    "acceptedDate": "2021-11-04 12:28:02",
    "calendarYear": "2021",
    "period": "Q3",
    "revenue": 1512000000,
    "costOfRevenue": 755000000,
    "grossProfit": 757000000,
    "grossProfitRatio": 0.5006613757,
    "researchAndDevelopmentExpenses": 0,
    "generalAndAdministrativeExpenses": -6000000,
    "sellingAndMarketingExpenses": 0,
    "sellingGeneralAndAdministrativeExpenses": -6000000,
    "otherExpenses": 332000000,
    "operatingExpenses": 326000000,
    "costAndExpenses": 1081000000,
    "interestIncome": 6000000,
    "interestExpense": 183000000,
    "depreciationAndAmortization": 274000000,
    "ebitda": 717000000,
    "ebitdaratio": 0.4742063492,
    "operatingIncome": 431000000,
    "operatingIncomeRatio": 0.2850529101,
    "totalOtherIncomeExpensesNet": -171000000,
    "incomeBeforeTax": 260000000,
    "incomeBeforeTaxRatio": 0.171957672,
    "incomeTaxExpense": 51000000,
    "netIncome": 207000000,
    "netIncomeRatio": 0.1369047619,
    "eps": 0.27,
    "epsdiluted": 0.27,
    "weightedAverageShsOut": 767733000,
    "weightedAverageShsOutDil": 769849000,
    "link": "https://www.sec.gov/Archives/edgar/data/922224/000092222421000052/0000922224-21-000052-index.htm",
    "finalLink": "https://www.sec.gov/Archives/edgar/data/55387/000092222421000052/ppl-20210930.htm"
  },
  {
    "date": "2021-06-30",
    "symbol": "PPL",
    "reportedCurrency": "USD",
    "cik": "0000922224",
    "fillingDate": "2021-08-05",
    "acceptedDate": "2021-08-05 11:59:34",
    "calendarYear": "2021",
    "period": "Q2",
    "revenue": 1288000000,
    "costOfRevenue": 700000000,
    "grossProfit": 588000000,
    "grossProfitRatio": 0.4565217391,
    "researchAndDevelopmentExpenses": 0,
    "generalAndAdministrativeExpenses": -8000000,
    "sellingAndMarketingExpenses": 0,
    "sellingGeneralAndAdministrativeExpenses": -8000000,
    "otherExpenses": 326000000,
    "operatingExpenses": 318000000,
    "costAndExpenses": 1018000000,
    "interestIncome": 4000000,
    "interestExpense": 474000000,
    "depreciationAndAmortization": 298000000,
    "ebitda": 581000000,
    "ebitdaratio": 0.4510869565,
    "operatingIncome": 270000000,
    "operatingIncomeRatio": 0.2096273292,
    "totalOtherIncomeExpensesNet": -461000000,
    "incomeBeforeTax": -191000000,
    "incomeBeforeTaxRatio": -0.1482919255,
    "incomeTaxExpense": 345000000,
    "netIncome": 19000000,
    "netIncomeRatio": 0.0147515528,
    "eps": 0.03,
    "epsdiluted": 0.03,
    "weightedAverageShsOut": 769466000,
    "weightedAverageShsOutDil": 769466000,
    "link": "https://www.sec.gov/Archives/edgar/data/922224/000092222421000039/0000922224-21-000039-index.htm",
    "finalLink": "https://www.sec.gov/Archives/edgar/data/55387/000092222421000039/ppl-20210630.htm"
  },
  {
    "date": "2021-03-31",
    "symbol": "PPL",
    "reportedCurrency": "USD",
    "cik": "0000922224",
    "fillingDate": "2021-05-06",
    "acceptedDate": "2021-05-06 12:18:15",
    "calendarYear": "2021",
    "period": "Q1",
    "revenue": 1498000000,
    "costOfRevenue": 764000000,
    "grossProfit": 734000000,
    "grossProfitRatio": 0.4899866489,
    "researchAndDevelopmentExpenses": 0,
    "generalAndAdministrativeExpenses": -4000000,
    "sellingAndMarketingExpenses": 0,
    "sellingGeneralAndAdministrativeExpenses": -4000000,
    "otherExpenses": 323000000,
    "operatingExpenses": 319000000,
    "costAndExpenses": 1083000000,
    "interestIncome": 0,
    "interestExpense": 153000000,
    "depreciationAndAmortization": 278000000,
    "ebitda": 693000000,
    "ebitdaratio": 0.4626168224,
    "operatingIncome": 415000000,
    "operatingIncomeRatio": 0.2770360481,
    "totalOtherIncomeExpensesNet": -153000000,
    "incomeBeforeTax": 262000000,
    "incomeBeforeTaxRatio": 0.1748998665,
    "incomeTaxExpense": 59000000,
    "netIncome": -1840000000,
    "netIncomeRatio": -1.2283044059,
    "eps": -2.39,
    "epsdiluted": -2.39,
    "weightedAverageShsOut": 769159000,
    "weightedAverageShsOutDil": 769159000,
    "link": "https://www.sec.gov/Archives/edgar/data/922224/000092222421000021/0000922224-21-000021-index.htm",
    "finalLink": "https://www.sec.gov/Archives/edgar/data/55387/000092222421000021/ppl-20210331.htm"
  },
  {
    "date": "2020-12-31",
    "symbol": "PPL",
    "reportedCurrency": "USD",
    "cik": "0000922224",
    "fillingDate": "2021-02-18",
    "acceptedDate": "2021-02-18 13:43:55",
    "calendarYear": "2020",
    "period": "Q4",
    "revenue": 1929000000,
    "costOfRevenue": 816000000,
    "grossProfit": 1113000000,
    "grossProfitRatio": 0.5769828927,
    "researchAndDevelopmentExpenses": 0,
    "generalAndAdministrativeExpenses": -60000000,
    "sellingAndMarketingExpenses": 0,
    "sellingGeneralAndAdministrativeExpenses": -60000000,
    "otherExpenses": 469000000,
    "operatingExpenses": 409000000,
    "costAndExpenses": 1225000000,
    "interestIncome": 7000000,
    "interestExpense": 251000000,
    "depreciationAndAmortization": 353000000,
    "ebitda": 973000000,
    "ebitdaratio": 0.5044064282,
    "operatingIncome": 704000000,
    "operatingIncomeRatio": 0.3649559357,
    "totalOtherIncomeExpensesNet": -335000000,
    "incomeBeforeTax": 369000000,
    "incomeBeforeTaxRatio": 0.1912908243,
    "incomeTaxExpense": 79000000,
    "netIncome": 290000000,
    "netIncomeRatio": 0.1503369622,
    "eps": 0.38,
    "epsdiluted": 0.38,
    "weightedAverageShsOut": 768852000,
    "weightedAverageShsOutDil": 769725000,
    "link": "https://www.sec.gov/Archives/edgar/data/922224/000092222421000006/0000922224-21-000006-index.htm",
    "finalLink": "https://www.sec.gov/Archives/edgar/data/55387/000092222421000006/ppl-20201231.htm"
  },
  {
    "date": "2020-09-30",
    "symbol": "PPL",
    "reportedCurrency": "USD",
    "cik": "0000922224",
    "fillingDate": "2020-11-05",
    "acceptedDate": "2020-11-05 14:54:25",
    "calendarYear": "2020",
    "period": "Q3",
    "revenue": 1400000000,
    "costOfRevenue": 659000000,
    "grossProfit": 741000000,
    "grossProfitRatio": 0.5292857143,
    "researchAndDevelopmentExpenses": 0,
    "generalAndAdministrativeExpenses": -1000000,
    "sellingAndMarketingExpenses": 0,
    "sellingGeneralAndAdministrativeExpenses": -1000000,
    "otherExpenses": 305000000,
    "operatingExpenses": 304000000,
    "costAndExpenses": 963000000,
    "interestIncome": 0,
    "interestExpense": 161000000,
    "depreciationAndAmortization": 275000000,
    "ebitda": 718000000,
    "ebitdaratio": 0.5128571429,
    "operatingIncome": 437000000,
    "operatingIncomeRatio": 0.3121428571,
    "totalOtherIncomeExpensesNet": -155000000,
    "incomeBeforeTax": 282000000,
    "incomeBeforeTaxRatio": 0.2014285714,
    "incomeTaxExpense": 165000000,
    "netIncome": 281000000,
    "netIncomeRatio": 0.2007142857,
    "eps": 0.37,
    "epsdiluted": 0.37,
    "weightedAverageShsOut": 768786000,
    "weightedAverageShsOutDil": 769660000,
    "link": "https://www.sec.gov/Archives/edgar/data/922224/000092222420000060/0000922224-20-000060-index.htm",
    "finalLink": "https://www.sec.gov/Archives/edgar/data/55387/000092222420000060/ppl-20200930.htm"
  },
  {
    "date": "2020-06-30",
    "symbol": "PPL",
    "reportedCurrency": "USD",
    "cik": "0000922224",
    "fillingDate": "2020-08-10",
    "acceptedDate": "2020-08-10 13:17:58",
    "calendarYear": "2020",
    "period": "Q2",
    "revenue": 1263000000,
    "costOfRevenue": 624000000,
    "grossProfit": 639000000,
    "grossProfitRatio": 0.5059382423,
    "researchAndDevelopmentExpenses": 0,
    "generalAndAdministrativeExpenses": -2000000,
    "sellingAndMarketingExpenses": 0,
    "sellingGeneralAndAdministrativeExpenses": -2000000,
    "otherExpenses": 294000000,
    "operatingExpenses": 292000000,
    "costAndExpenses": 916000000,
    "interestIncome": 1000000,
    "interestExpense": 164000000,
    "depreciationAndAmortization": 268000000,
    "ebitda": 625000000,
    "ebitdaratio": 0.4948535234,
    "operatingIncome": 347000000,
    "operatingIncomeRatio": 0.2747426762,
    "totalOtherIncomeExpensesNet": -154000000,
    "incomeBeforeTax": 193000000,
    "incomeBeforeTaxRatio": 0.152810768,
    "incomeTaxExpense": 40000000,
    "netIncome": 344000000,
    "netIncomeRatio": 0.2723673793,
    "eps": 0.45,
    "epsdiluted": 0.45,
    "weightedAverageShsOut": 768768000,
    "weightedAverageShsOutDil": 769408000,
    "link": "https://www.sec.gov/Archives/edgar/data/922224/000092222420000046/0000922224-20-000046-index.htm",
    "finalLink": "https://www.sec.gov/Archives/edgar/data/55387/000092222420000046/ppl-20200630.htm"
  },
  {
    "date": "2020-03-31",
    "symbol": "PPL",
    "reportedCurrency": "USD",
    "cik": "0000922224",
    "fillingDate": "2020-05-08",
    "acceptedDate": "2020-05-08 12:25:15",
    "calendarYear": "2020",
    "period": "Q1",
    "revenue": 1440000000,
    "costOfRevenue": 719000000,
    "grossProfit": 721000000,
    "grossProfitRatio": 0.5006944444,
    "researchAndDevelopmentExpenses": 0,
    "generalAndAdministrativeExpenses": -1000000,
    "sellingAndMarketingExpenses": 0,
    "sellingGeneralAndAdministrativeExpenses": -1000000,
    "otherExpenses": 298000000,
    "operatingExpenses": 297000000,
    "costAndExpenses": 1016000000,
    "interestIncome": 0,
    "interestExpense": 154000000,
    "depreciationAndAmortization": 259000000,
    "ebitda": 678000000,
    "ebitdaratio": 0.4708333333,
    "operatingIncome": 424000000,
    "operatingIncomeRatio": 0.2944444444,
    "totalOtherIncomeExpensesNet": -159000000,
    "incomeBeforeTax": 265000000,
    "incomeBeforeTaxRatio": 0.1840277778,
    "incomeTaxExpense": 61000000,
    "netIncome": 554000000,
    "netIncomeRatio": 0.3847222222,
    "eps": 0.72,
    "epsdiluted": 0.72,
    "weightedAverageShsOut": 767948000,
    "weightedAverageShsOutDil": 768738000,
    "link": "https://www.sec.gov/Archives/edgar/data/922224/000092222420000024/0000922224-20-000024-index.htm",
    "finalLink": "https://www.sec.gov/Archives/edgar/data/55387/000092222420000024/ppl-3312020x10q.htm"
  },
  {
    "date": "2019-12-31",
    "symbol": "PPL",
    "reportedCurrency": "USD",
    "cik": "0000922224",
    "fillingDate": "2020-02-14",
    "acceptedDate": "2020-02-14 16:10:22",
    "calendarYear": "2019",
    "period": "Q4",
    "revenue": 1954000000,
    "costOfRevenue": 871000000,
    "grossProfit": 1083000000,
    "grossProfitRatio": 0.554247697,
    "researchAndDevelopmentExpenses": 0,
    "generalAndAdministrativeExpenses": -79000000,
    "sellingAndMarketingExpenses": 0,
    "sellingGeneralAndAdministrativeExpenses": -79000000,
    "otherExpenses": 469000000,
    "operatingExpenses": 390000000,
    "costAndExpenses": 1261000000,
    "interestIncome": 4000000,
    "interestExpense": 248000000,
    "depreciationAndAmortization": 330000000,
    "ebitda": 1023000000,
    "ebitdaratio": 0.5235414534,
    "operatingIncome": 693000000,
    "operatingIncomeRatio": 0.3546571136,
    "totalOtherIncomeExpensesNet": -248000000,
    "incomeBeforeTax": 445000000,
    "incomeBeforeTaxRatio": 0.2277379734,
    "incomeTaxExpense": 81000000,
    "netIncome": 364000000,
    "netIncomeRatio": 0.1862845445,
    "eps": 0.49,
    "epsdiluted": 0.48,
    "weightedAverageShsOut": 748745000,
    "weightedAverageShsOutDil": 754762000,
    "link": "https://www.sec.gov/Archives/edgar/data/922224/000092222420000005/0000922224-20-000005-index.htm",
    "finalLink": "https://www.sec.gov/Archives/edgar/data/55387/000092222420000005/ppl-1231201910k.htm"
  },
  {
    "date": "2019-09-30",
    "symbol": "PPL",
    "reportedCurrency": "USD",
    "cik": "0000922224",
    "fillingDate": "2019-11-05",
    "acceptedDate": "2019-11-05 12:08:15",
    "calendarYear": "2019",
    "period": "Q3",
    "revenue": 1933000000,
    "costOfRevenue": 824000000,
    "grossProfit": 1109000000,
    "grossProfitRatio": 0.5737196068,
    "researchAndDevelopmentExpenses": 0,
    "generalAndAdministrativeExpenses": -77000000,
    "sellingAndMarketingExpenses": 0,
    "sellingGeneralAndAdministrativeExpenses": -77000000,
    "otherExpenses": 460000000,
    "operatingExpenses": 383000000,
    "costAndExpenses": 1207000000,
    "interestIncome": 3000000,
    "interestExpense": 259000000,
    "depreciationAndAmortization": 335000000,
    "ebitda": 1187000000,
    "ebitdaratio": 0.6140713916,
    "operatingIncome": 726000000,
    "operatingIncomeRatio": 0.3755819969,
    "totalOtherIncomeExpensesNet": -133000000,
    "incomeBeforeTax": 593000000,
    "incomeBeforeTaxRatio": 0.3067770305,
    "incomeTaxExpense": 118000000,
    "netIncome": 475000000,
    "netIncomeRatio": 0.2457320228,
    "eps": 0.66,
    "epsdiluted": 0.65,
    "weightedAverageShsOut": 722259000,
    "weightedAverageShsOutDil": 731151000,
    "link": "https://www.sec.gov/Archives/edgar/data/922224/000092222419000059/0000922224-19-000059-index.htm",
    "finalLink": "https://www.sec.gov/Archives/edgar/data/55387/000092222419000059/ppl-9302019x10q.htm"
  },
  {
    "date": "2019-06-30",
    "symbol": "PPL",
    "reportedCurrency": "USD",
    "cik": "0000922224",
    "fillingDate": "2019-08-06",
    "acceptedDate": "2019-08-06 13:51:56",
    "calendarYear": "2019",
    "period": "Q2",
    "revenue": 1803000000,
    "costOfRevenue": 788000000,
    "grossProfit": 1015000000,
    "grossProfitRatio": 0.5629506378,
    "researchAndDevelopmentExpenses": 0,
    "generalAndAdministrativeExpenses": -80000000,
    "sellingAndMarketingExpenses": 0,
    "sellingGeneralAndAdministrativeExpenses": -80000000,
    "otherExpenses": 455000000,
    "operatingExpenses": 375000000,
    "costAndExpenses": 1163000000,
    "interestIncome": 3000000,
    "interestExpense": 246000000,
    "depreciationAndAmortization": 309000000,
    "ebitda": 1080000000,
    "ebitdaratio": 0.5990016639,
    "operatingIncome": 640000000,
    "operatingIncomeRatio": 0.354963949,
    "totalOtherIncomeExpensesNet": -115000000,
    "incomeBeforeTax": 525000000,
    "incomeBeforeTaxRatio": 0.2911813644,
    "incomeTaxExpense": 84000000,
    "netIncome": 441000000,
    "netIncomeRatio": 0.2445923461,
    "eps": 0.61,
    "epsdiluted": 0.6,
    "weightedAverageShsOut": 721785000,
    "weightedAverageShsOutDil": 730915000,
    "link": "https://www.sec.gov/Archives/edgar/data/922224/000092222419000050/0000922224-19-000050-index.htm",
    "finalLink": "https://www.sec.gov/Archives/edgar/data/55387/000092222419000050/ppl-6302019x10q.htm"
  },
  {
    "date": "2019-03-31",
    "symbol": "PPL",
    "reportedCurrency": "USD",
    "cik": "0000922224",
    "fillingDate": "2019-05-02",
    "acceptedDate": "2019-05-02 13:50:08",
    "calendarYear": "2019",
    "period": "Q1",
    "revenue": 2079000000,
    "costOfRevenue": 934000000,
    "grossProfit": 1145000000,
    "grossProfitRatio": 0.5507455507,
    "researchAndDevelopmentExpenses": 0,
    "generalAndAdministrativeExpenses": -80000000,
    "sellingAndMarketingExpenses": 0,
    "sellingGeneralAndAdministrativeExpenses": -80000000,
    "otherExpenses": 444000000,
    "operatingExpenses": 364000000,
    "costAndExpenses": 1298000000,
    "interestIncome": 6000000,
    "interestExpense": 241000000,
    "depreciationAndAmortization": 306000000,
    "ebitda": 1139000000,
    "ebitdaratio": 0.5478595479,
    "operatingIncome": 781000000,
    "operatingIncomeRatio": 0.3756613757,
    "totalOtherIncomeExpensesNet": -189000000,
    "incomeBeforeTax": 592000000,
    "incomeBeforeTaxRatio": 0.2847522848,
    "incomeTaxExpense": 126000000,
    "netIncome": 466000000,
    "netIncomeRatio": 0.2241462241,
    "eps": 0.65,
    "epsdiluted": 0.64,
    "weightedAverageShsOut": 721023000,
    "weightedAverageShsOutDil": 729953000,
    "link": "https://www.sec.gov/Archives/edgar/data/922224/000092222419000036/0000922224-19-000036-index.htm",
    "finalLink": "https://www.sec.gov/Archives/edgar/data/55387/000092222419000036/ppl-3312019x10q.htm"
  },
  {
    "date": "2018-12-31",
    "symbol": "PPL",
    "reportedCurrency": "USD",
    "cik": "0000922224",
    "fillingDate": "2019-02-14",
    "acceptedDate": "2019-02-14 12:31:28",
    "calendarYear": "2018",
    "period": "Q4",
    "revenue": 1939000000,
    "costOfRevenue": 927000000,
    "grossProfit": 1012000000,
    "grossProfitRatio": 0.5219185147,
    "researchAndDevelopmentExpenses": 0,
    "generalAndAdministrativeExpenses": -62000000,
    "sellingAndMarketingExpenses": 0,
    "sellingGeneralAndAdministrativeExpenses": -62000000,
    "otherExpenses": 417000000,
    "operatingExpenses": 355000000,
    "costAndExpenses": 1282000000,
    "interestIncome": 1000000,
    "interestExpense": 245000000,
    "depreciationAndAmortization": 299000000,
    "ebitda": 1055000000,
    "ebitdaratio": 0.5440948943,
    "operatingIncome": 657000000,
    "operatingIncomeRatio": 0.3388344507,
    "totalOtherIncomeExpensesNet": -146000000,
    "incomeBeforeTax": 511000000,
    "incomeBeforeTaxRatio": 0.2635379061,
    "incomeTaxExpense": 96000000,
    "netIncome": 415000000,
    "netIncomeRatio": 0.2140278494,
    "eps": 0.57,
    "epsdiluted": 0.57,
    "weightedAverageShsOut": 720234000,
    "weightedAverageShsOutDil": 727387000,
    "link": "https://www.sec.gov/Archives/edgar/data/922224/000092222419000015/0000922224-19-000015-index.htm",
    "finalLink": "https://www.sec.gov/Archives/edgar/data/55387/000092222419000015/ppl-1231201810k.htm"
  },
  {
    "date": "2018-09-30",
    "symbol": "PPL",
    "reportedCurrency": "USD",
    "cik": "0000922224",
    "fillingDate": "2018-11-01",
    "acceptedDate": "2018-11-01 11:37:21",
    "calendarYear": "2018",
    "period": "Q3",
    "revenue": 1872000000,
    "costOfRevenue": 834000000,
    "grossProfit": 1038000000,
    "grossProfitRatio": 0.5544871795,
    "researchAndDevelopmentExpenses": 0,
    "generalAndAdministrativeExpenses": -61000000,
    "sellingAndMarketingExpenses": 0,
    "sellingGeneralAndAdministrativeExpenses": -61000000,
    "otherExpenses": 413000000,
    "operatingExpenses": 352000000,
    "costAndExpenses": 1186000000,
    "interestIncome": 3000000,
    "interestExpense": 244000000,
    "depreciationAndAmortization": 297000000,
    "ebitda": 1089000000,
    "ebitdaratio": 0.5817307692,
    "operatingIncome": 686000000,
    "operatingIncomeRatio": 0.3664529915,
    "totalOtherIncomeExpensesNet": -138000000,
    "incomeBeforeTax": 548000000,
    "incomeBeforeTaxRatio": 0.2927350427,
    "incomeTaxExpense": 103000000,
    "netIncome": 445000000,
    "netIncomeRatio": 0.2377136752,
    "eps": 0.63,
    "epsdiluted": 0.62,
    "weightedAverageShsOut": 703730000,
    "weightedAverageShsOutDil": 710517000,
    "link": "https://www.sec.gov/Archives/edgar/data/922224/000092222418000076/0000922224-18-000076-index.htm",
    "finalLink": "https://www.sec.gov/Archives/edgar/data/55387/000092222418000076/ppl-9302018x10q.htm"
  },
  {
    "date": "2018-06-30",
    "symbol": "PPL",
    "reportedCurrency": "USD",
    "cik": "0000922224",
    "fillingDate": "2018-08-07",
    "acceptedDate": "2018-08-07 12:26:49",
    "calendarYear": "2018",
    "period": "Q2",
    "revenue": 1848000000,
    "costOfRevenue": 843000000,
    "grossProfit": 1005000000,
    "grossProfitRatio": 0.5438311688,
    "researchAndDevelopmentExpenses": 0,
    "generalAndAdministrativeExpenses": -66000000,
    "sellingAndMarketingExpenses": 0,
    "sellingGeneralAndAdministrativeExpenses": -66000000,
    "otherExpenses": 413000000,
    "operatingExpenses": 347000000,
    "costAndExpenses": 1190000000,
    "interestIncome": 2000000,
    "interestExpense": 235000000,
    "depreciationAndAmortization": 286000000,
    "ebitda": 1178000000,
    "ebitdaratio": 0.6374458874,
    "operatingIncome": 658000000,
    "operatingIncomeRatio": 0.3560606061,
    "totalOtherIncomeExpensesNet": -1000000,
    "incomeBeforeTax": 657000000,
    "incomeBeforeTaxRatio": 0.3555194805,
    "incomeTaxExpense": 142000000,
    "netIncome": 515000000,
    "netIncomeRatio": 0.2786796537,
    "eps": 0.74,
    "epsdiluted": 0.73,
    "weightedAverageShsOut": 699006000,
    "weightedAverageShsOutDil": 700976000,
    "link": "https://www.sec.gov/Archives/edgar/data/922224/000092222418000058/0000922224-18-000058-index.htm",
    "finalLink": "https://www.sec.gov/Archives/edgar/data/55387/000092222418000058/ppl-6302018x10q.htm"
  },
  {
    "date": "2018-03-31",
    "symbol": "PPL",
    "reportedCurrency": "USD",
    "cik": "0000922224",
    "fillingDate": "2018-05-03",
    "acceptedDate": "2018-05-03 11:12:50",
    "calendarYear": "2018",
    "period": "Q1",
    "revenue": 2126000000,
    "costOfRevenue": 923000000,
    "grossProfit": 1203000000,
    "grossProfitRatio": 0.5658513641,
    "researchAndDevelopmentExpenses": 0,
    "generalAndAdministrativeExpenses": -68000000,
    "sellingAndMarketingExpenses": 0,
    "sellingGeneralAndAdministrativeExpenses": -68000000,
    "otherExpenses": 420000000,
    "operatingExpenses": 352000000,
    "costAndExpenses": 1275000000,
    "interestIncome": 0,
    "interestExpense": 239000000,
    "depreciationAndAmortization": 290000000,
    "ebitda": 1098000000,
    "ebitdaratio": 0.516462841,
    "operatingIncome": 851000000,
    "operatingIncomeRatio": 0.4002822201,
    "totalOtherIncomeExpensesNet": -282000000,
    "incomeBeforeTax": 569000000,
    "incomeBeforeTaxRatio": 0.2676387582,
    "incomeTaxExpense": 117000000,
    "netIncome": 452000000,
    "netIncomeRatio": 0.2126058325,
    "eps": 0.65,
    "epsdiluted": 0.65,
    "weightedAverageShsOut": 694514000,
    "weightedAverageShsOutDil": 695322000,
    "link": "https://www.sec.gov/Archives/edgar/data/922224/000092222418000038/0000922224-18-000038-index.htm",
    "finalLink": "https://www.sec.gov/Archives/edgar/data/55387/000092222418000038/ppl-3312018x10q.htm"
  },
  {
    "date": "2017-12-31",
    "symbol": "PPL",
    "reportedCurrency": "USD",
    "cik": "0000922224",
    "fillingDate": "2018-02-22",
    "acceptedDate": "2018-02-22 12:04:11",
    "calendarYear": "2017",
    "period": "Q4",
    "revenue": 1926000000,
    "costOfRevenue": 792000000,
    "grossProfit": 1134000000,
    "grossProfitRatio": 0.5887850467,
    "researchAndDevelopmentExpenses": 0,
    "generalAndAdministrativeExpenses": 0,
    "sellingAndMarketingExpenses": 0,
    "sellingGeneralAndAdministrativeExpenses": 0,
    "otherExpenses": 341000000,
    "operatingExpenses": 341000000,
    "costAndExpenses": 1133000000,
    "interestIncome": 0,
    "interestExpense": 232000000,
    "depreciationAndAmortization": 288000000,
    "ebitda": 1061000000,
    "ebitdaratio": 0.5508826584,
    "operatingIncome": 793000000,
    "operatingIncomeRatio": 0.4117341641,
    "totalOtherIncomeExpensesNet": -252000000,
    "incomeBeforeTax": 541000000,
    "incomeBeforeTaxRatio": 0.2808930426,
    "incomeTaxExpense": 463000000,
    "netIncome": 78000000,
    "netIncomeRatio": 0.0404984424,
    "eps": 0.11,
    "epsdiluted": 0.11,
    "weightedAverageShsOut": 689563000,
    "weightedAverageShsOutDil": 691046000,
    "link": "https://www.sec.gov/Archives/edgar/data/922224/000092222418000023/0000922224-18-000023-index.htm",
    "finalLink": "https://www.sec.gov/Archives/edgar/data/55387/000092222418000023/ppl-1231201710k.htm"
  },
  {
    "date": "2017-09-30",
    "symbol": "PPL",
    "reportedCurrency": "USD",
    "cik": "0000922224",
    "fillingDate": "2017-11-01",
    "acceptedDate": "2017-11-01 11:18:01",
    "calendarYear": "2017",
    "period": "Q3",
    "revenue": 1845000000,
    "costOfRevenue": 783000000,
    "grossProfit": 1062000000,
    "grossProfitRatio": 0.5756097561,
    "researchAndDevelopmentExpenses": 0,
    "generalAndAdministrativeExpenses": -41000000,
    "sellingAndMarketingExpenses": 0,
    "sellingGeneralAndAdministrativeExpenses": -41000000,
    "otherExpenses": 367000000,
    "operatingExpenses": 326000000,
    "costAndExpenses": 1109000000,
    "interestIncome": 1000000,
    "interestExpense": 230000000,
    "depreciationAndAmortization": 284000000,
    "ebitda": 985000000,
    "ebitdaratio": 0.5338753388,
    "operatingIncome": 736000000,
    "operatingIncomeRatio": 0.3989159892,
    "totalOtherIncomeExpensesNet": -265000000,
    "incomeBeforeTax": 471000000,
    "incomeBeforeTaxRatio": 0.2552845528,
    "incomeTaxExpense": 116000000,
    "netIncome": 355000000,
    "netIncomeRatio": 0.1924119241,
    "eps": 0.52,
    "epsdiluted": 0.51,
    "weightedAverageShsOut": 686563000,
    "weightedAverageShsOutDil": 688746000,
    "link": "https://www.sec.gov/Archives/edgar/data/922224/000092222417000066/0000922224-17-000066-index.htm",
    "finalLink": "https://www.sec.gov/Archives/edgar/data/55387/000092222417000066/ppl-9302017x10q.htm"
  },
  {
    "date": "2017-06-30",
    "symbol": "PPL",
    "reportedCurrency": "USD",
    "cik": "0000922224",
    "fillingDate": "2017-08-03",
    "acceptedDate": "2017-08-03 10:11:58",
    "calendarYear": "2017",
    "period": "Q2",
    "revenue": 1725000000,
    "costOfRevenue": 751000000,
    "grossProfit": 974000000,
    "grossProfitRatio": 0.5646376812,
    "researchAndDevelopmentExpenses": 0,
    "generalAndAdministrativeExpenses": -44000000,
    "sellingAndMarketingExpenses": 0,
    "sellingGeneralAndAdministrativeExpenses": -44000000,
    "otherExpenses": 360000000,
    "operatingExpenses": 316000000,
    "costAndExpenses": 1067000000,
    "interestIncome": 0,
    "interestExpense": 222000000,
    "depreciationAndAmortization": 268000000,
    "ebitda": 858000000,
    "ebitdaratio": 0.4973913043,
    "operatingIncome": 658000000,
    "operatingIncomeRatio": 0.3814492754,
    "totalOtherIncomeExpensesNet": -290000000,
    "incomeBeforeTax": 368000000,
    "incomeBeforeTaxRatio": 0.2133333333,
    "incomeTaxExpense": 76000000,
    "netIncome": 292000000,
    "netIncomeRatio": 0.1692753623,
    "eps": 0.43,
    "epsdiluted": 0.43,
    "weightedAverageShsOut": 683841000,
    "weightedAverageShsOutDil": 686351000,
    "link": "https://www.sec.gov/Archives/edgar/data/922224/000092222417000054/0000922224-17-000054-index.htm",
    "finalLink": "https://www.sec.gov/Archives/edgar/data/55387/000092222417000054/ppl-6302017x10q.htm"
  },
  {
    "date": "2017-03-31",
    "symbol": "PPL",
    "reportedCurrency": "USD",
    "cik": "0000922224",
    "fillingDate": "2017-05-04",
    "acceptedDate": "2017-05-04 13:28:58",
    "calendarYear": "2017",
    "period": "Q1",
    "revenue": 1951000000,
    "costOfRevenue": 876000000,
    "grossProfit": 1075000000,
    "grossProfitRatio": 0.5509994874,
    "researchAndDevelopmentExpenses": 0,
    "generalAndAdministrativeExpenses": -38000000,
    "sellingAndMarketingExpenses": 0,
    "sellingGeneralAndAdministrativeExpenses": -38000000,
    "otherExpenses": 355000000,
    "operatingExpenses": 317000000,
    "costAndExpenses": 1193000000,
    "interestIncome": 0,
    "interestExpense": 217000000,
    "depreciationAndAmortization": 265000000,
    "ebitda": 1014000000,
    "ebitdaratio": 0.51973347,
    "operatingIncome": 758000000,
    "operatingIncomeRatio": 0.3885187084,
    "totalOtherIncomeExpensesNet": -226000000,
    "incomeBeforeTax": 532000000,
    "incomeBeforeTaxRatio": 0.2726806766,
    "incomeTaxExpense": 129000000,
    "netIncome": 403000000,
    "netIncomeRatio": 0.2065607381,
    "eps": 0.59,
    "epsdiluted": 0.59,
    "weightedAverageShsOut": 680882000,
    "weightedAverageShsOutDil": 683084000,
    "link": "https://www.sec.gov/Archives/edgar/data/922224/000092222417000029/0000922224-17-000029-index.htm",
    "finalLink": "https://www.sec.gov/Archives/edgar/data/55387/000092222417000029/ppl-3312017x10q.htm"
  },
  {
    "date": "2016-12-31",
    "symbol": "PPL",
    "reportedCurrency": "USD",
    "cik": "0000922224",
    "fillingDate": "2017-02-17",
    "acceptedDate": "2017-02-17 11:38:11",
    "calendarYear": "2016",
    "period": "Q4",
    "revenue": 1832000000,
    "costOfRevenue": 812000000,
    "grossProfit": 1020000000,
    "grossProfitRatio": 0.556768559,
    "researchAndDevelopmentExpenses": 0,
    "generalAndAdministrativeExpenses": 0,
    "sellingAndMarketingExpenses": 0,
    "sellingGeneralAndAdministrativeExpenses": 0,
    "otherExpenses": 306000000,
    "operatingExpenses": 306000000,
    "costAndExpenses": 1118000000,
    "interestIncome": 0,
    "interestExpense": 217000000,
    "depreciationAndAmortization": 260000000,
    "ebitda": 1080000000,
    "ebitdaratio": 0.5895196507,
    "operatingIncome": 714000000,
    "operatingIncomeRatio": 0.3897379913,
    "totalOtherIncomeExpensesNet": -111000000,
    "incomeBeforeTax": 603000000,
    "incomeBeforeTaxRatio": 0.3291484716,
    "incomeTaxExpense": 138000000,
    "netIncome": 465000000,
    "netIncomeRatio": 0.2538209607,
    "eps": 0.68,
    "epsdiluted": 0.68,
    "weightedAverageShsOut": 679641000,
    "weightedAverageShsOutDil": 681863000,
    "link": "https://www.sec.gov/Archives/edgar/data/922224/000092222417000010/0000922224-17-000010-index.htm",
    "finalLink": "https://www.sec.gov/Archives/edgar/data/55387/000092222417000010/ppl-1231201610k.htm"
  },
  {
    "date": "2016-09-30",
    "symbol": "PPL",
    "reportedCurrency": "USD",
    "cik": "0000922224",
    "fillingDate": "2016-11-01",
    "acceptedDate": "2016-11-01 12:13:10",
    "calendarYear": "2016",
    "period": "Q3",
    "revenue": 1889000000,
    "costOfRevenue": 795000000,
    "grossProfit": 1094000000,
    "grossProfitRatio": 0.5791424034,
    "researchAndDevelopmentExpenses": 0,
    "generalAndAdministrativeExpenses": 0,
    "sellingAndMarketingExpenses": 0,
    "sellingGeneralAndAdministrativeExpenses": 0,
    "otherExpenses": 308000000,
    "operatingExpenses": 308000000,
    "costAndExpenses": 1103000000,
    "interestIncome": 0,
    "interestExpense": 223000000,
    "depreciationAndAmortization": 249000000,
    "ebitda": 1084000000,
    "ebitdaratio": 0.5738485971,
    "operatingIncome": 786000000,
    "operatingIncomeRatio": 0.416093171,
    "totalOtherIncomeExpensesNet": -174000000,
    "incomeBeforeTax": 612000000,
    "incomeBeforeTaxRatio": 0.3239809423,
    "incomeTaxExpense": 139000000,
    "netIncome": 473000000,
    "netIncomeRatio": 0.2503970355,
    "eps": 0.7,
    "epsdiluted": 0.69,
    "weightedAverageShsOut": 678114000,
    "weightedAverageShsOutDil": 680348000,
    "link": "https://www.sec.gov/Archives/edgar/data/922224/000092222416000201/0000922224-16-000201-index.htm",
    "finalLink": "https://www.sec.gov/Archives/edgar/data/55387/000092222416000201/ppl-9302016x10q.htm"
  },
  {
    "date": "2016-06-30",
    "symbol": "PPL",
    "reportedCurrency": "USD",
    "cik": "0000922224",
    "fillingDate": "2016-08-09",
    "acceptedDate": "2016-08-09 11:44:33",
    "calendarYear": "2016",
    "period": "Q2",
    "revenue": 1785000000,
    "costOfRevenue": 755000000,
    "grossProfit": 1030000000,
    "grossProfitRatio": 0.5770308123,
    "researchAndDevelopmentExpenses": 0,
    "generalAndAdministrativeExpenses": 0,
    "sellingAndMarketingExpenses": 0,
    "sellingGeneralAndAdministrativeExpenses": 0,
    "otherExpenses": 305000000,
    "operatingExpenses": 305000000,
    "costAndExpenses": 1060000000,
    "interestIncome": 0,
    "interestExpense": 224000000,
    "depreciationAndAmortization": 250000000,
    "ebitda": 1149000000,
    "ebitdaratio": 0.643697479,
    "operatingIncome": 725000000,
    "operatingIncomeRatio": 0.406162465,
    "totalOtherIncomeExpensesNet": -50000000,
    "incomeBeforeTax": 675000000,
    "incomeBeforeTaxRatio": 0.3781512605,
    "incomeTaxExpense": 192000000,
    "netIncome": 483000000,
    "netIncomeRatio": 0.2705882353,
    "eps": 0.71,
    "epsdiluted": 0.71,
    "weightedAverageShsOut": 677145000,
    "weightedAverageShsOutDil": 680729000,
    "link": "https://www.sec.gov/Archives/edgar/data/922224/000092222416000182/0000922224-16-000182-index.htm",
    "finalLink": "https://www.sec.gov/Archives/edgar/data/55387/000092222416000182/ppl-6302016x10q.htm"
  },
  {
    "date": "2016-03-31",
    "symbol": "PPL",
    "reportedCurrency": "USD",
    "cik": "0000922224",
    "fillingDate": "2016-04-29",
    "acceptedDate": "2016-04-29 10:25:07",
    "calendarYear": "2016",
    "period": "Q1",
    "revenue": 2011000000,
    "costOfRevenue": 880000000,
    "grossProfit": 1131000000,
    "grossProfitRatio": 0.5624067628,
    "researchAndDevelopmentExpenses": 0,
    "generalAndAdministrativeExpenses": 0,
    "sellingAndMarketingExpenses": 0,
    "sellingGeneralAndAdministrativeExpenses": 0,
    "otherExpenses": 308000000,
    "operatingExpenses": 308000000,
    "costAndExpenses": 1188000000,
    "interestIncome": 0,
    "interestExpense": 224000000,
    "depreciationAndAmortization": 247000000,
    "ebitda": 1131000000,
    "ebitdaratio": 0.5624067628,
    "operatingIncome": 823000000,
    "operatingIncomeRatio": 0.4092491298,
    "totalOtherIncomeExpensesNet": -163000000,
    "incomeBeforeTax": 660000000,
    "incomeBeforeTaxRatio": 0.3281949279,
    "incomeTaxExpense": 179000000,
    "netIncome": 481000000,
    "netIncomeRatio": 0.2391844853,
    "eps": 0.71,
    "epsdiluted": 0.71,
    "weightedAverageShsOut": 675441000,
    "weightedAverageShsOutDil": 678817000,
    "link": "https://www.sec.gov/Archives/edgar/data/922224/000092222416000150/0000922224-16-000150-index.htm",
    "finalLink": "https://www.sec.gov/Archives/edgar/data/55387/000092222416000150/form10q.htm"
  },
  {
    "date": "2015-12-31",
    "symbol": "PPL",
    "reportedCurrency": "USD",
    "cik": "0000922224",
    "fillingDate": "2016-02-19",
    "acceptedDate": "2016-02-19 17:15:38",
    "calendarYear": "2015",
    "period": "Q4",
    "revenue": 1780000000,
    "costOfRevenue": 880000000,
    "grossProfit": 900000000,
    "grossProfitRatio": 0.5056179775,
    "researchAndDevelopmentExpenses": 0,
    "generalAndAdministrativeExpenses": 0,
    "sellingAndMarketingExpenses": 0,
    "sellingGeneralAndAdministrativeExpenses": 0,
    "otherExpenses": 283000000,
    "operatingExpenses": 283000000,
    "costAndExpenses": 1163000000,
    "interestIncome": 0,
    "interestExpense": 226000000,
    "depreciationAndAmortization": 238000000,
    "ebitda": 902000000,
    "ebitdaratio": 0.506741573,
    "operatingIncome": 617000000,
    "operatingIncomeRatio": 0.3466292135,
    "totalOtherIncomeExpensesNet": -179000000,
    "incomeBeforeTax": 438000000,
    "incomeBeforeTaxRatio": 0.2460674157,
    "incomeTaxExpense": 33000000,
    "netIncome": 399000000,
    "netIncomeRatio": 0.2241573034,
    "eps": 0.59,
    "epsdiluted": 0.59,
    "weightedAverageShsOut": 673028000,
    "weightedAverageShsOutDil": 676548000,
    "link": "https://www.sec.gov/Archives/edgar/data/922224/000092222416000130/0000922224-16-000130-index.htm",
    "finalLink": "https://www.sec.gov/Archives/edgar/data/55387/000092222416000130/form10k.htm"
  },
  {
    "date": "2015-09-30",
    "symbol": "PPL",
    "reportedCurrency": "USD",
    "cik": "0000922224",
    "fillingDate": "2015-10-30",
    "acceptedDate": "2015-10-30 12:45:17",
    "calendarYear": "2015",
    "period": "Q3",
    "revenue": 1878000000,
    "costOfRevenue": 887000000,
    "grossProfit": 991000000,
    "grossProfitRatio": 0.5276890309,
    "researchAndDevelopmentExpenses": 0,
    "generalAndAdministrativeExpenses": 0,
    "sellingAndMarketingExpenses": 0,
    "sellingGeneralAndAdministrativeExpenses": 0,
    "otherExpenses": 305000000,
    "operatingExpenses": 305000000,
    "costAndExpenses": 1192000000,
    "interestIncome": 0,
    "interestExpense": 221000000,
    "depreciationAndAmortization": 245000000,
    "ebitda": 1006000000,
    "ebitdaratio": 0.5356762513,
    "operatingIncome": 686000000,
    "operatingIncomeRatio": 0.3652822151,
    "totalOtherIncomeExpensesNet": -146000000,
    "incomeBeforeTax": 540000000,
    "incomeBeforeTaxRatio": 0.2875399361,
    "incomeTaxExpense": 144000000,
    "netIncome": 393000000,
    "netIncomeRatio": 0.2092651757,
    "eps": 0.58,
    "epsdiluted": 0.58,
    "weightedAverageShsOut": 670763000,
    "weightedAverageShsOutDil": 673702000,
    "link": "https://www.sec.gov/Archives/edgar/data/922224/000092222415000089/0000922224-15-000089-index.htm",
    "finalLink": "https://www.sec.gov/Archives/edgar/data/55387/000092222415000089/form10q.htm"
  },
  {
    "date": "2015-06-30",
    "symbol": "PPL",
    "reportedCurrency": "USD",
    "cik": "0000922224",
    "fillingDate": "2015-08-03",
    "acceptedDate": "2015-08-03 11:56:54",
    "calendarYear": "2015",
    "period": "Q2",
    "revenue": 1781000000,
    "costOfRevenue": 851000000,
    "grossProfit": 930000000,
    "grossProfitRatio": 0.5221785514,
    "researchAndDevelopmentExpenses": 0,
    "generalAndAdministrativeExpenses": 0,
    "sellingAndMarketingExpenses": 0,
    "sellingGeneralAndAdministrativeExpenses": 0,
    "otherExpenses": 292000000,
    "operatingExpenses": 292000000,
    "costAndExpenses": 1143000000,
    "interestIncome": 0,
    "interestExpense": 215000000,
    "depreciationAndAmortization": 232000000,
    "ebitda": 768000000,
    "ebitdaratio": 0.4312184166,
    "operatingIncome": 638000000,
    "operatingIncomeRatio": 0.3582257159,
    "totalOtherIncomeExpensesNet": -317000000,
    "incomeBeforeTax": 321000000,
    "incomeBeforeTaxRatio": 0.1802358226,
    "incomeTaxExpense": 71000000,
    "netIncome": -757000000,
    "netIncomeRatio": -0.4250421112,
    "eps": -1.13,
    "epsdiluted": -1.13,
    "weightedAverageShsOut": 668415000,
    "weightedAverageShsOutDil": 671286000,
    "link": "https://www.sec.gov/Archives/edgar/data/922224/000092222415000069/0000922224-15-000069-index.htm",
    "finalLink": "https://www.sec.gov/Archives/edgar/data/55387/000092222415000069/form10q.htm"
  },
  {
    "date": "2015-03-31",
    "symbol": "PPL",
    "reportedCurrency": "USD",
    "cik": "0000922224",
    "fillingDate": "2015-05-07",
    "acceptedDate": "2015-05-07 09:59:48",
    "calendarYear": "2015",
    "period": "Q1",
    "revenue": 2230000000,
    "costOfRevenue": 1038000000,
    "grossProfit": 1192000000,
    "grossProfitRatio": 0.534529148,
    "researchAndDevelopmentExpenses": 0,
    "generalAndAdministrativeExpenses": 0,
    "sellingAndMarketingExpenses": 0,
    "sellingGeneralAndAdministrativeExpenses": 0,
    "otherExpenses": 302000000,
    "operatingExpenses": 302000000,
    "costAndExpenses": 1340000000,
    "interestIncome": 1000000,
    "interestExpense": 209000000,
    "depreciationAndAmortization": 227000000,
    "ebitda": 1205000000,
    "ebitdaratio": 0.5403587444,
    "operatingIncome": 890000000,
    "operatingIncomeRatio": 0.399103139,
    "totalOtherIncomeExpensesNet": -121000000,
    "incomeBeforeTax": 769000000,
    "incomeBeforeTaxRatio": 0.3448430493,
    "incomeTaxExpense": 217000000,
    "netIncome": 647000000,
    "netIncomeRatio": 0.2901345291,
    "eps": 0.97,
    "epsdiluted": 0.96,
    "weightedAverageShsOut": 666974000,
    "weightedAverageShsOutDil": 668732000,
    "link": "https://www.sec.gov/Archives/edgar/data/922224/000092222415000044/0000922224-15-000044-index.htm",
    "finalLink": "https://www.sec.gov/Archives/edgar/data/55387/000092222415000044/form10q.htm"
  },
  {
    "date": "2014-12-31",
    "symbol": "PPL",
    "reportedCurrency": "USD",
    "cik": "0000922224",
    "fillingDate": "2015-02-23",
    "acceptedDate": "2015-02-23 14:38:24",
    "calendarYear": "2014",
    "period": "Q4",
    "revenue": 4023000000,
    "costOfRevenue": 2642000000,
    "grossProfit": 1381000000,
    "grossProfitRatio": 0.3432761621,
    "researchAndDevelopmentExpenses": 0,
    "generalAndAdministrativeExpenses": 0,
    "sellingAndMarketingExpenses": 0,
    "sellingGeneralAndAdministrativeExpenses": 0,
    "otherExpenses": 398000000,
    "operatingExpenses": 398000000,
    "costAndExpenses": 3040000000,
    "interestIncome": 1000000,
    "interestExpense": 249000000,
    "depreciationAndAmortization": 367000000,
    "ebitda": 1428000000,
    "ebitdaratio": 0.3549589858,
    "operatingIncome": 983000000,
    "operatingIncomeRatio": 0.2443450162,
    "totalOtherIncomeExpensesNet": -171000000,
    "incomeBeforeTax": 812000000,
    "incomeBeforeTaxRatio": 0.2018394233,
    "incomeTaxExpense": 261000000,
    "netIncome": 695000000,
    "netIncomeRatio": 0.1727566493,
    "eps": 1.04,
    "epsdiluted": 1.04,
    "weightedAverageShsOut": 665205000,
    "weightedAverageShsOutDil": 667263000,
    "link": "https://www.sec.gov/Archives/edgar/data/922224/000092222415000016/0000922224-15-000016-index.htm",
    "finalLink": "https://www.sec.gov/Archives/edgar/data/55387/000092222415000016/form10k.htm"
  },
  {
    "date": "2014-09-30",
    "symbol": "PPL",
    "reportedCurrency": "USD",
    "cik": "0000922224",
    "fillingDate": "2014-11-07",
    "acceptedDate": "2014-11-07 12:14:07",
    "calendarYear": "2014",
    "period": "Q3",
    "revenue": 1879000000,
    "costOfRevenue": 880000000,
    "grossProfit": 999000000,
    "grossProfitRatio": 0.5316657797,
    "researchAndDevelopmentExpenses": 0,
    "generalAndAdministrativeExpenses": 0,
    "sellingAndMarketingExpenses": 0,
    "sellingGeneralAndAdministrativeExpenses": 0,
    "otherExpenses": 311000000,
    "operatingExpenses": 311000000,
    "costAndExpenses": 1191000000,
    "interestIncome": 0,
    "interestExpense": 213000000,
    "depreciationAndAmortization": 249000000,
    "ebitda": 1073000000,
    "ebitdaratio": 0.57104843,
    "operatingIncome": 688000000,
    "operatingIncomeRatio": 0.3661522086,
    "totalOtherIncomeExpensesNet": -77000000,
    "incomeBeforeTax": 611000000,
    "incomeBeforeTaxRatio": 0.3251729643,
    "incomeTaxExpense": 201000000,
    "netIncome": 497000000,
    "netIncomeRatio": 0.2645023949,
    "eps": 0.74,
    "epsdiluted": 0.74,
    "weightedAverageShsOut": 664432000,
    "weightedAverageShsOutDil": 666402000,
    "link": "https://www.sec.gov/Archives/edgar/data/922224/000092222414000132/0000922224-14-000132-index.htm",
    "finalLink": "https://www.sec.gov/Archives/edgar/data/55387/000092222414000132/form10q.htm"
  },
  {
    "date": "2014-06-30",
    "symbol": "PPL",
    "reportedCurrency": "USD",
    "cik": "0000922224",
    "fillingDate": "2014-07-31",
    "acceptedDate": "2014-07-31 17:28:01",
    "calendarYear": "2014",
    "period": "Q2",
    "revenue": 1849000000,
    "costOfRevenue": 864000000,
    "grossProfit": 985000000,
    "grossProfitRatio": 0.5327203894,
    "researchAndDevelopmentExpenses": 0,
    "generalAndAdministrativeExpenses": 0,
    "sellingAndMarketingExpenses": 0,
    "sellingGeneralAndAdministrativeExpenses": 0,
    "otherExpenses": 307000000,
    "operatingExpenses": 307000000,
    "costAndExpenses": 1171000000,
    "interestIncome": 3000000,
    "interestExpense": 208000000,
    "depreciationAndAmortization": 125000000,
    "ebitda": 834000000,
    "ebitdaratio": 0.4510546241,
    "operatingIncome": 678000000,
    "operatingIncomeRatio": 0.3666846944,
    "totalOtherIncomeExpensesNet": -282000000,
    "incomeBeforeTax": 396000000,
    "incomeBeforeTaxRatio": 0.2141698215,
    "incomeTaxExpense": 166000000,
    "netIncome": 229000000,
    "netIncomeRatio": 0.1238507301,
    "eps": 0.35,
    "epsdiluted": 0.34,
    "weightedAverageShsOut": 653132000,
    "weightedAverageShsOutDil": 665792000,
    "link": "https://www.sec.gov/Archives/edgar/data/922224/000092222414000091/0000922224-14-000091-index.htm",
    "finalLink": "https://www.sec.gov/Archives/edgar/data/55387/000092222414000091/form10q.htm"
  },
  {
    "date": "2014-03-31",
    "symbol": "PPL",
    "reportedCurrency": "USD",
    "cik": "0000922224",
    "fillingDate": "2014-05-02",
    "acceptedDate": "2014-05-01 17:47:59",
    "calendarYear": "2014",
    "period": "Q1",
    "revenue": 1194000000,
    "costOfRevenue": 70000000,
    "grossProfit": 1124000000,
    "grossProfitRatio": 0.9413735343,
    "researchAndDevelopmentExpenses": 0,
    "generalAndAdministrativeExpenses": 0,
    "sellingAndMarketingExpenses": 0,
    "sellingGeneralAndAdministrativeExpenses": 0,
    "otherExpenses": 401000000,
    "operatingExpenses": 401000000,
    "costAndExpenses": 471000000,
    "interestIncome": 1000000,
    "interestExpense": 262000000,
    "depreciationAndAmortization": 365000000,
    "ebitda": 1065000000,
    "ebitdaratio": 0.891959799,
    "operatingIncome": 723000000,
    "operatingIncomeRatio": 0.6055276382,
    "totalOtherIncomeExpensesNet": -285000000,
    "incomeBeforeTax": 438000000,
    "incomeBeforeTaxRatio": 0.3668341709,
    "incomeTaxExpense": 114000000,
    "netIncome": 316000000,
    "netIncomeRatio": 0.2646566164,
    "eps": 0.5,
    "epsdiluted": 0.49,
    "weightedAverageShsOut": 630749000,
    "weightedAverageShsOutDil": 663939000,
    "link": "https://www.sec.gov/Archives/edgar/data/922224/000092222414000044/0000922224-14-000044-index.htm",
    "finalLink": "https://www.sec.gov/Archives/edgar/data/55387/000092222414000044/form10q.htm"
  },
  {
    "date": "2013-12-31",
    "symbol": "PPL",
    "reportedCurrency": "USD",
    "cik": "0000922224",
    "fillingDate": "2014-02-24",
    "acceptedDate": "2014-02-24 15:42:54",
    "calendarYear": "2013",
    "period": "Q4",
    "revenue": 2848000000,
    "costOfRevenue": 1726000000,
    "grossProfit": 1122000000,
    "grossProfitRatio": 0.3939606742,
    "researchAndDevelopmentExpenses": 0,
    "generalAndAdministrativeExpenses": 0,
    "sellingAndMarketingExpenses": 0,
    "sellingGeneralAndAdministrativeExpenses": 0,
    "otherExpenses": 1091000000,
    "operatingExpenses": 1091000000,
    "costAndExpenses": 2817000000,
    "interestIncome": 1000000,
    "interestExpense": 251000000,
    "depreciationAndAmortization": 360000000,
    "ebitda": 349000000,
    "ebitdaratio": 0.1225421348,
    "operatingIncome": 31000000,
    "operatingIncomeRatio": 0.0108848315,
    "totalOtherIncomeExpensesNet": -293000000,
    "incomeBeforeTax": -262000000,
    "incomeBeforeTaxRatio": -0.091994382,
    "incomeTaxExpense": -164000000,
    "netIncome": -98000000,
    "netIncomeRatio": -0.0344101124,
    "eps": -0.16,
    "epsdiluted": -0.16,
    "weightedAverageShsOut": 630192000,
    "weightedAverageShsOutDil": 630192000,
    "link": "https://www.sec.gov/Archives/edgar/data/922224/000092222414000024/0000922224-14-000024-index.htm",
    "finalLink": "https://www.sec.gov/Archives/edgar/data/55387/000092222414000024/form10k.htm"
  },
  {
    "date": "2013-09-30",
    "symbol": "PPL",
    "reportedCurrency": "USD",
    "cik": "0000922224",
    "fillingDate": "2013-11-01",
    "acceptedDate": "2013-11-01 11:13:43",
    "calendarYear": "2013",
    "period": "Q3",
    "revenue": 3074000000,
    "costOfRevenue": 1858000000,
    "grossProfit": 1216000000,
    "grossProfitRatio": 0.395575797,
    "researchAndDevelopmentExpenses": 0,
    "generalAndAdministrativeExpenses": 0,
    "sellingAndMarketingExpenses": 0,
    "sellingGeneralAndAdministrativeExpenses": 0,
    "otherExpenses": 370000000,
    "operatingExpenses": 370000000,
    "costAndExpenses": 2228000000,
    "interestIncome": 1000000,
    "interestExpense": 244000000,
    "depreciationAndAmortization": 340000000,
    "ebitda": 1069000000,
    "ebitdaratio": 0.3477553676,
    "operatingIncome": 846000000,
    "operatingIncomeRatio": 0.2752114509,
    "totalOtherIncomeExpensesNet": -361000000,
    "incomeBeforeTax": 485000000,
    "incomeBeforeTaxRatio": 0.1577748861,
    "incomeTaxExpense": 81000000,
    "netIncome": 410000000,
    "netIncomeRatio": 0.1333767079,
    "eps": 0.65,
    "epsdiluted": 0.62,
    "weightedAverageShsOut": 631046000,
    "weightedAverageShsOutDil": 664343000,
    "link": "https://www.sec.gov/Archives/edgar/data/922224/000092222413000106/0000922224-13-000106-index.htm",
    "finalLink": "https://www.sec.gov/Archives/edgar/data/55387/000092222413000106/form10q.htm"
  },
  {
    "date": "2013-06-30",
    "symbol": "PPL",
    "reportedCurrency": "USD",
    "cik": "0000922224",
    "fillingDate": "2013-08-02",
    "acceptedDate": "2013-08-02 12:01:37",
    "calendarYear": "2013",
    "period": "Q2",
    "revenue": 3450000000,
    "costOfRevenue": 2320000000,
    "grossProfit": 1130000000,
    "grossProfitRatio": 0.3275362319,
    "researchAndDevelopmentExpenses": 0,
    "generalAndAdministrativeExpenses": 0,
    "sellingAndMarketingExpenses": 0,
    "sellingGeneralAndAdministrativeExpenses": 0,
    "otherExpenses": 372000000,
    "operatingExpenses": 372000000,
    "costAndExpenses": 2692000000,
    "interestIncome": 0,
    "interestExpense": 258000000,
    "depreciationAndAmortization": 335000000,
    "ebitda": 1106000000,
    "ebitdaratio": 0.3205797101,
    "operatingIncome": 758000000,
    "operatingIncomeRatio": 0.2197101449,
    "totalOtherIncomeExpensesNet": -245000000,
    "incomeBeforeTax": 513000000,
    "incomeBeforeTaxRatio": 0.1486956522,
    "incomeTaxExpense": 109000000,
    "netIncome": 405000000,
    "netIncomeRatio": 0.1173913043,
    "eps": 0.68,
    "epsdiluted": 0.63,
    "weightedAverageShsOut": 589834000,
    "weightedAverageShsOutDil": 664615000,
    "link": "https://www.sec.gov/Archives/edgar/data/922224/000092222413000076/0000922224-13-000076-index.htm",
    "finalLink": "https://www.sec.gov/Archives/edgar/data/55387/000092222413000076/form10q.htm"
  },
  {
    "date": "2013-03-31",
    "symbol": "PPL",
    "reportedCurrency": "USD",
    "cik": "0000922224",
    "fillingDate": "2013-05-03",
    "acceptedDate": "2013-05-03 15:17:43",
    "calendarYear": "2013",
    "period": "Q1",
    "revenue": 2457000000,
    "costOfRevenue": 1384000000,
    "grossProfit": 1073000000,
    "grossProfitRatio": 0.4367114367,
    "researchAndDevelopmentExpenses": 0,
    "generalAndAdministrativeExpenses": 0,
    "sellingAndMarketingExpenses": 0,
    "sellingGeneralAndAdministrativeExpenses": 0,
    "otherExpenses": 380000000,
    "operatingExpenses": 380000000,
    "costAndExpenses": 1764000000,
    "interestIncome": 1000000,
    "interestExpense": 251000000,
    "depreciationAndAmortization": 348000000,
    "ebitda": 1163000000,
    "ebitdaratio": 0.4733414733,
    "operatingIncome": 693000000,
    "operatingIncomeRatio": 0.2820512821,
    "totalOtherIncomeExpensesNet": -129000000,
    "incomeBeforeTax": 564000000,
    "incomeBeforeTaxRatio": 0.2295482295,
    "incomeTaxExpense": 151000000,
    "netIncome": 413000000,
    "netIncomeRatio": 0.1680911681,
    "eps": 0.7,
    "epsdiluted": 0.65,
    "weightedAverageShsOut": 582640000,
    "weightedAverageShsOutDil": 657020000,
    "link": "https://www.sec.gov/Archives/edgar/data/922224/000092222413000044/0000922224-13-000044-index.htm",
    "finalLink": "https://www.sec.gov/Archives/edgar/data/55387/000092222413000044/form10q.htm"
  },
  {
    "date": "2012-12-31",
    "symbol": "PPL",
    "reportedCurrency": "USD",
    "cik": "0000922224",
    "fillingDate": "2013-02-28",
    "acceptedDate": "2013-02-28 17:21:55",
    "calendarYear": "2012",
    "period": "Q4",
    "revenue": 3222000000,
    "costOfRevenue": 4473000000,
    "grossProfit": -1251000000,
    "grossProfitRatio": -0.3882681564,
    "researchAndDevelopmentExpenses": 0,
    "generalAndAdministrativeExpenses": 0,
    "sellingAndMarketingExpenses": 0,
    "sellingGeneralAndAdministrativeExpenses": 0,
    "otherExpenses": -2073000000,
    "operatingExpenses": -2073000000,
    "costAndExpenses": 2400000000,
    "interestIncome": 0,
    "interestExpense": 247000000,
    "depreciationAndAmortization": 329000000,
    "ebitda": 1117000000,
    "ebitdaratio": 0.3466790813,
    "operatingIncome": 822000000,
    "operatingIncomeRatio": 0.2551210428,
    "totalOtherIncomeExpensesNet": -281000000,
    "incomeBeforeTax": 541000000,
    "incomeBeforeTaxRatio": 0.1679081316,
    "incomeTaxExpense": 181000000,
    "netIncome": 359000000,
    "netIncomeRatio": 0.1114214773,
    "eps": 0.61,
    "epsdiluted": 0.6,
    "weightedAverageShsOut": 581492000,
    "weightedAverageShsOutDil": 583644000,
    "link": "https://www.sec.gov/Archives/edgar/data/922224/000092222413000025/0000922224-13-000025-index.htm",
    "finalLink": "https://www.sec.gov/Archives/edgar/data/55387/000092222413000025/form10k.htm"
  },
  {
    "date": "2012-09-30",
    "symbol": "PPL",
    "reportedCurrency": "USD",
    "cik": "0000922224",
    "fillingDate": "2012-11-08",
    "acceptedDate": "2012-11-08 08:43:57",
    "calendarYear": "2012",
    "period": "Q3",
    "revenue": 2403000000,
    "costOfRevenue": 1371000000,
    "grossProfit": 1032000000,
    "grossProfitRatio": 0.429463171,
    "researchAndDevelopmentExpenses": 0,
    "generalAndAdministrativeExpenses": 0,
    "sellingAndMarketingExpenses": 0,
    "sellingGeneralAndAdministrativeExpenses": 0,
    "otherExpenses": 368000000,
    "operatingExpenses": 368000000,
    "costAndExpenses": 1739000000,
    "interestIncome": 1000000,
    "interestExpense": 248000000,
    "depreciationAndAmortization": 334000000,
    "ebitda": 954000000,
    "ebitdaratio": 0.3970037453,
    "operatingIncome": 664000000,
    "operatingIncomeRatio": 0.2763212651,
    "totalOtherIncomeExpensesNet": -292000000,
    "incomeBeforeTax": 372000000,
    "incomeBeforeTaxRatio": 0.1548064919,
    "incomeTaxExpense": 17000000,
    "netIncome": 355000000,
    "netIncomeRatio": 0.1477320017,
    "eps": 0.61,
    "epsdiluted": 0.61,
    "weightedAverageShsOut": 580585000,
    "weightedAverageShsOutDil": 582636000,
    "link": "https://www.sec.gov/Archives/edgar/data/922224/000092222412000142/0000922224-12-000142-index.htm",
    "finalLink": "https://www.sec.gov/Archives/edgar/data/55387/000092222412000142/form10q.htm"
  },
  {
    "date": "2012-06-30",
    "symbol": "PPL",
    "reportedCurrency": "USD",
    "cik": "0000922224",
    "fillingDate": "2012-08-08",
    "acceptedDate": "2012-08-08 08:40:54",
    "calendarYear": "2012",
    "period": "Q2",
    "revenue": 2549000000,
    "costOfRevenue": 1619000000,
    "grossProfit": 930000000,
    "grossProfitRatio": 0.3648489604,
    "researchAndDevelopmentExpenses": 0,
    "generalAndAdministrativeExpenses": 0,
    "sellingAndMarketingExpenses": 0,
    "sellingGeneralAndAdministrativeExpenses": 0,
    "otherExpenses": 358000000,
    "operatingExpenses": 358000000,
    "costAndExpenses": 1977000000,
    "interestIncome": 2000000,
    "interestExpense": 236000000,
    "depreciationAndAmortization": 304000000,
    "ebitda": 905000000,
    "ebitdaratio": 0.3550411926,
    "operatingIncome": 572000000,
    "operatingIncomeRatio": 0.2244017262,
    "totalOtherIncomeExpensesNet": -207000000,
    "incomeBeforeTax": 365000000,
    "incomeBeforeTaxRatio": 0.1431934092,
    "incomeTaxExpense": 88000000,
    "netIncome": 271000000,
    "netIncomeRatio": 0.1063162024,
    "eps": 0.46,
    "epsdiluted": 0.46,
    "weightedAverageShsOut": 579881000,
    "weightedAverageShsOutDil": 580593000,
    "link": "https://www.sec.gov/Archives/edgar/data/922224/000092222412000095/0000922224-12-000095-index.htm",
    "finalLink": "https://www.sec.gov/Archives/edgar/data/55387/000092222412000095/form10q.htm"
  },
  {
    "date": "2012-03-31",
    "symbol": "PPL",
    "reportedCurrency": "USD",
    "cik": "0000922224",
    "fillingDate": "2012-05-07",
    "acceptedDate": "2012-05-07 15:16:53",
    "calendarYear": "2012",
    "period": "Q1",
    "revenue": 4112000000,
    "costOfRevenue": 2706000000,
    "grossProfit": 1406000000,
    "grossProfitRatio": 0.34192607,
    "researchAndDevelopmentExpenses": 0,
    "generalAndAdministrativeExpenses": 0,
    "sellingAndMarketingExpenses": 0,
    "sellingGeneralAndAdministrativeExpenses": 0,
    "otherExpenses": 355000000,
    "operatingExpenses": 355000000,
    "costAndExpenses": 3061000000,
    "interestIncome": 1000000,
    "interestExpense": 230000000,
    "depreciationAndAmortization": 319000000,
    "ebitda": 1353000000,
    "ebitdaratio": 0.329036965,
    "operatingIncome": 1051000000,
    "operatingIncomeRatio": 0.2555933852,
    "totalOtherIncomeExpensesNet": -247000000,
    "incomeBeforeTax": 804000000,
    "incomeBeforeTaxRatio": 0.1955252918,
    "incomeTaxExpense": 259000000,
    "netIncome": 541000000,
    "netIncomeRatio": 0.1315661479,
    "eps": 0.93,
    "epsdiluted": 0.93,
    "weightedAverageShsOut": 579041000,
    "weightedAverageShsOutDil": 579527000,
    "link": "https://www.sec.gov/Archives/edgar/data/922224/000092222412000054/0000922224-12-000054-index.htm",
    "finalLink": "https://www.sec.gov/Archives/edgar/data/55387/000092222412000054/form10q.htm"
  },
  {
    "date": "2011-12-31",
    "symbol": "PPL",
    "reportedCurrency": "USD",
    "cik": "0000922224",
    "fillingDate": "2012-02-28",
    "acceptedDate": "2012-02-28 15:32:01",
    "calendarYear": "2011",
    "period": "Q4",
    "revenue": 4218000000,
    "costOfRevenue": 2191000000,
    "grossProfit": 2027000000,
    "grossProfitRatio": 0.4805595069,
    "researchAndDevelopmentExpenses": 0,
    "generalAndAdministrativeExpenses": 0,
    "sellingAndMarketingExpenses": 0,
    "sellingGeneralAndAdministrativeExpenses": 0,
    "otherExpenses": 1093000000,
    "operatingExpenses": 1093000000,
    "costAndExpenses": 3284000000,
    "interestIncome": 0,
    "interestExpense": 220000000,
    "depreciationAndAmortization": 338000000,
    "ebitda": 1278000000,
    "ebitdaratio": 0.3029871977,
    "operatingIncome": 934000000,
    "operatingIncomeRatio": 0.2214319583,
    "totalOtherIncomeExpensesNet": -214000000,
    "incomeBeforeTax": 720000000,
    "incomeBeforeTaxRatio": 0.1706970128,
    "incomeTaxExpense": 262000000,
    "netIncome": 454000000,
    "netIncomeRatio": 0.1076339497,
    "eps": 0,
    "epsdiluted": 0,
    "weightedAverageShsOut": 578175000,
    "weightedAverageShsOutDil": 579041000,
    "link": "https://www.sec.gov/Archives/edgar/data/922224/000092222412000023/0000922224-12-000023-index.htm",
    "finalLink": "https://www.sec.gov/Archives/edgar/data/55387/000092222412000023/form10k.htm"
  },
  {
    "date": "2011-09-30",
    "symbol": "PPL",
    "reportedCurrency": "USD",
    "cik": "0000922224",
    "fillingDate": "2011-11-08",
    "acceptedDate": "2011-11-08 08:19:27",
    "calendarYear": "2011",
    "period": "Q3",
    "revenue": 3120000000,
    "costOfRevenue": 1141000000,
    "grossProfit": 1979000000,
    "grossProfitRatio": 0.6342948718,
    "researchAndDevelopmentExpenses": 0,
    "generalAndAdministrativeExpenses": 0,
    "sellingAndMarketingExpenses": 0,
    "sellingGeneralAndAdministrativeExpenses": 0,
    "otherExpenses": 1212000000,
    "operatingExpenses": 1212000000,
    "costAndExpenses": 2353000000,
    "interestIncome": 0,
    "interestExpense": 240000000,
    "depreciationAndAmortization": 305000000,
    "ebitda": 1104000000,
    "ebitdaratio": 0.3538461538,
    "operatingIncome": 767000000,
    "operatingIncomeRatio": 0.2458333333,
    "totalOtherIncomeExpensesNet": -208000000,
    "incomeBeforeTax": 559000000,
    "incomeBeforeTaxRatio": 0.1791666667,
    "incomeTaxExpense": 110000000,
    "netIncome": 444000000,
    "netIncomeRatio": 0.1423076923,
    "eps": 0.76,
    "epsdiluted": 0.76,
    "weightedAverageShsOut": 577595000,
    "weightedAverageShsOutDil": 578054000,
    "link": "https://www.sec.gov/Archives/edgar/data/922224/000092222411000191/0000922224-11-000191-index.htm",
    "finalLink": "https://www.sec.gov/Archives/edgar/data/55387/000092222411000191/form10q.htm"
  },
  {
    "date": "2011-06-30",
    "symbol": "PPL",
    "reportedCurrency": "USD",
    "cik": "0000922224",
    "fillingDate": "2011-08-08",
    "acceptedDate": "2011-08-05 21:27:08",
    "calendarYear": "2011",
    "period": "Q2",
    "revenue": 2489000000,
    "costOfRevenue": 739000000,
    "grossProfit": 1750000000,
    "grossProfitRatio": 0.7030936119,
    "researchAndDevelopmentExpenses": 0,
    "generalAndAdministrativeExpenses": 0,
    "sellingAndMarketingExpenses": 0,
    "sellingGeneralAndAdministrativeExpenses": 0,
    "otherExpenses": 1155000000,
    "operatingExpenses": 1155000000,
    "costAndExpenses": 1894000000,
    "interestIncome": 0,
    "interestExpense": 264000000,
    "depreciationAndAmortization": 317000000,
    "ebitda": 878000000,
    "ebitdaratio": 0.3527521093,
    "operatingIncome": 595000000,
    "operatingIncomeRatio": 0.239051828,
    "totalOtherIncomeExpensesNet": -298000000,
    "incomeBeforeTax": 297000000,
    "incomeBeforeTaxRatio": 0.1193250301,
    "incomeTaxExpense": 96000000,
    "netIncome": 196000000,
    "netIncomeRatio": 0.0787464845,
    "eps": 0.35,
    "epsdiluted": 0.35,
    "weightedAverageShsOut": 561652000,
    "weightedAverageShsOutDil": 562019000,
    "link": "https://www.sec.gov/Archives/edgar/data/922224/000092222411000129/0000922224-11-000129-index.htm",
    "finalLink": "https://www.sec.gov/Archives/edgar/data/317187/000092222411000129/form10q.htm"
  },
  {
    "date": "2011-03-31",
    "symbol": "PPL",
    "reportedCurrency": "USD",
    "cik": "0000922224",
    "fillingDate": "2011-05-06",
    "acceptedDate": "2011-05-06 08:26:48",
    "calendarYear": "2011",
    "period": "Q1",
    "revenue": 2910000000,
    "costOfRevenue": 1128000000,
    "grossProfit": 1782000000,
    "grossProfitRatio": 0.612371134,
    "researchAndDevelopmentExpenses": 0,
    "generalAndAdministrativeExpenses": 0,
    "sellingAndMarketingExpenses": 0,
    "sellingGeneralAndAdministrativeExpenses": 0,
    "otherExpenses": 977000000,
    "operatingExpenses": 977000000,
    "costAndExpenses": 2105000000,
    "interestIncome": 0,
    "interestExpense": 174000000,
    "depreciationAndAmortization": 255000000,
    "ebitda": 1054000000,
    "ebitdaratio": 0.3621993127,
    "operatingIncome": 805000000,
    "operatingIncomeRatio": 0.2766323024,
    "totalOtherIncomeExpensesNet": -180000000,
    "incomeBeforeTax": 625000000,
    "incomeBeforeTaxRatio": 0.2147766323,
    "incomeTaxExpense": 223000000,
    "netIncome": 401000000,
    "netIncomeRatio": 0.1378006873,
    "eps": 0.82,
    "epsdiluted": 0.82,
    "weightedAverageShsOut": 484138000,
    "weightedAverageShsOutDil": 484345000,
    "link": "https://www.sec.gov/Archives/edgar/data/922224/000092222411000072/0000922224-11-000072-index.htm",
    "finalLink": "https://www.sec.gov/Archives/edgar/data/317187/000092222411000072/form10q.htm"
  },
  {
    "date": "2010-12-31",
    "symbol": "PPL",
    "reportedCurrency": "USD",
    "cik": "0000922224",
    "fillingDate": "2011-02-28",
    "acceptedDate": "2011-02-25 21:53:44",
    "calendarYear": "2010",
    "period": "Q4",
    "revenue": 1863000000,
    "costOfRevenue": 457000000,
    "grossProfit": 1406000000,
    "grossProfitRatio": 0.7546967257,
    "researchAndDevelopmentExpenses": 0,
    "generalAndAdministrativeExpenses": 0,
    "sellingAndMarketingExpenses": 0,
    "sellingGeneralAndAdministrativeExpenses": 0,
    "otherExpenses": 764000000,
    "operatingExpenses": 764000000,
    "costAndExpenses": 1221000000,
    "interestIncome": 0,
    "interestExpense": 180000000,
    "depreciationAndAmortization": 182000000,
    "ebitda": 811000000,
    "ebitdaratio": 0.4353193773,
    "operatingIncome": 642000000,
    "operatingIncomeRatio": 0.344605475,
    "totalOtherIncomeExpensesNet": -193000000,
    "incomeBeforeTax": 449000000,
    "incomeBeforeTaxRatio": 0.2410091251,
    "incomeTaxExpense": 111000000,
    "netIncome": 355000000,
    "netIncomeRatio": 0.1905528717,
    "eps": 0,
    "epsdiluted": 0,
    "weightedAverageShsOut": 483176000,
    "weightedAverageShsOutDil": 484138000,
    "link": "https://www.sec.gov/Archives/edgar/data/922224/000092222411000029/0000922224-11-000029-index.htm",
    "finalLink": "https://www.sec.gov/Archives/edgar/data/317187/000092222411000029/form10k.htm"
  },
  {
    "date": "2010-09-30",
    "symbol": "PPL",
    "reportedCurrency": "USD",
    "cik": "0000922224",
    "fillingDate": "2010-10-29",
    "acceptedDate": "2010-10-29 15:00:34",
    "calendarYear": "2010",
    "period": "Q3",
    "revenue": 2179000000,
    "costOfRevenue": 1008000000,
    "grossProfit": 1171000000,
    "grossProfitRatio": 0.5374024782,
    "researchAndDevelopmentExpenses": 0,
    "generalAndAdministrativeExpenses": 0,
    "sellingAndMarketingExpenses": 0,
    "sellingGeneralAndAdministrativeExpenses": 0,
    "otherExpenses": 649000000,
    "operatingExpenses": 649000000,
    "costAndExpenses": 1657000000,
    "interestIncome": 0,
    "interestExpense": 171000000,
    "depreciationAndAmortization": 198000000,
    "ebitda": 694000000,
    "ebitdaratio": 0.3184947223,
    "operatingIncome": 522000000,
    "operatingIncomeRatio": 0.2395594309,
    "totalOtherIncomeExpensesNet": -197000000,
    "incomeBeforeTax": 325000000,
    "incomeBeforeTaxRatio": 0.1491509867,
    "incomeTaxExpense": 19000000,
    "netIncome": 248000000,
    "netIncomeRatio": 0.113813676,
    "eps": 0.51,
    "epsdiluted": 0.51,
    "weightedAverageShsOut": 482552000,
    "weightedAverageShsOutDil": 482762000,
    "link": "https://www.sec.gov/Archives/edgar/data/922224/000092222410000124/0000922224-10-000124-index.htm",
    "finalLink": "https://www.sec.gov/Archives/edgar/data/317187/000092222410000124/form10q.htm"
  },
  {
    "date": "2010-06-30",
    "symbol": "PPL",
    "reportedCurrency": "USD",
    "cik": "0000922224",
    "fillingDate": "2010-08-05",
    "acceptedDate": "2010-08-05 09:00:43",
    "calendarYear": "2010",
    "period": "Q2",
    "revenue": 1473000000,
    "costOfRevenue": 550000000,
    "grossProfit": 923000000,
    "grossProfitRatio": 0.6266123557,
    "researchAndDevelopmentExpenses": 0,
    "generalAndAdministrativeExpenses": 0,
    "sellingAndMarketingExpenses": 0,
    "sellingGeneralAndAdministrativeExpenses": 0,
    "otherExpenses": 697000000,
    "operatingExpenses": 697000000,
    "costAndExpenses": 1247000000,
    "interestIncome": 1000000,
    "interestExpense": 131000000,
    "depreciationAndAmortization": 184000000,
    "ebitda": 407000000,
    "ebitdaratio": 0.2763068568,
    "operatingIncome": 226000000,
    "operatingIncomeRatio": 0.1534283775,
    "totalOtherIncomeExpensesNet": -134000000,
    "incomeBeforeTax": 92000000,
    "incomeBeforeTaxRatio": 0.0624575696,
    "incomeTaxExpense": 7000000,
    "netIncome": 85000000,
    "netIncomeRatio": 0.0577053632,
    "eps": 0.22,
    "epsdiluted": 0.22,
    "weightedAverageShsOut": 381896000,
    "weightedAverageShsOutDil": 382075000,
    "link": "https://www.sec.gov/Archives/edgar/data/922224/000092222410000069/0000922224-10-000069-index.htm",
    "finalLink": "https://www.sec.gov/Archives/edgar/data/317187/000092222410000069/form10q.htm"
  },
  {
    "date": "2010-03-31",
    "symbol": "PPL",
    "reportedCurrency": "USD",
    "cik": "0000922224",
    "fillingDate": "2010-05-06",
    "acceptedDate": "2010-05-06 08:18:31",
    "calendarYear": "2010",
    "period": "Q1",
    "revenue": 3006000000,
    "costOfRevenue": 1802000000,
    "grossProfit": 1204000000,
    "grossProfitRatio": 0.4005322688,
    "researchAndDevelopmentExpenses": 0,
    "generalAndAdministrativeExpenses": 0,
    "sellingAndMarketingExpenses": 0,
    "sellingGeneralAndAdministrativeExpenses": 0,
    "otherExpenses": 728000000,
    "operatingExpenses": 728000000,
    "costAndExpenses": 2530000000,
    "interestIncome": 1000000,
    "interestExpense": 111000000,
    "depreciationAndAmortization": 161000000,
    "ebitda": 645000000,
    "ebitdaratio": 0.2145708583,
    "operatingIncome": 476000000,
    "operatingIncomeRatio": 0.1583499667,
    "totalOtherIncomeExpensesNet": -103000000,
    "incomeBeforeTax": 373000000,
    "incomeBeforeTaxRatio": 0.124085163,
    "incomeTaxExpense": 126000000,
    "netIncome": 250000000,
    "netIncomeRatio": 0.0831669993,
    "eps": 0.66,
    "epsdiluted": 0.66,
    "weightedAverageShsOut": 377717000,
    "weightedAverageShsOutDil": 377986000,
    "link": "https://www.sec.gov/Archives/edgar/data/922224/000092222410000046/0000922224-10-000046-index.htm",
    "finalLink": "https://www.sec.gov/Archives/edgar/data/317187/000092222410000046/form10q.htm"
  },
  {
    "date": "2009-12-31",
    "symbol": "PPL",
    "reportedCurrency": "USD",
    "cik": "0000922224",
    "fillingDate": "2010-02-26",
    "acceptedDate": "2010-02-25 18:25:59",
    "calendarYear": "2009",
    "period": "Q4",
    "revenue": 1727000000,
    "costOfRevenue": 1168000000,
    "grossProfit": 559000000,
    "grossProfitRatio": 0.3236826867,
    "researchAndDevelopmentExpenses": 0,
    "generalAndAdministrativeExpenses": 0,
    "sellingAndMarketingExpenses": -109000000,
    "sellingGeneralAndAdministrativeExpenses": 0,
    "otherExpenses": 295000000,
    "operatingExpenses": 295000000,
    "costAndExpenses": 1463000000,
    "interestIncome": 0,
    "interestExpense": 102000000,
    "depreciationAndAmortization": 126000000,
    "ebitda": 401000000,
    "ebitdaratio": 0.232194557,
    "operatingIncome": 264000000,
    "operatingIncomeRatio": 0.152866242,
    "totalOtherIncomeExpensesNet": -91000000,
    "incomeBeforeTax": 173000000,
    "incomeBeforeTaxRatio": 0.1001737116,
    "incomeTaxExpense": 29000000,
    "netIncome": 153000000,
    "netIncomeRatio": 0.0885929357,
    "eps": 0,
    "epsdiluted": 0,
    "weightedAverageShsOut": 376943000,
    "weightedAverageShsOutDil": 377717000,
    "link": "https://www.sec.gov/Archives/edgar/data/922224/000092222410000012/0000922224-10-000012-index.htm",
    "finalLink": "https://www.sec.gov/Archives/edgar/data/317187/000092222410000012/form10k.htm"
  },
  {
    "date": "2009-09-30",
    "symbol": "PPL",
    "reportedCurrency": "USD",
    "cik": "0000922224",
    "fillingDate": "2009-10-30",
    "acceptedDate": "2009-10-30 11:48:28",
    "calendarYear": "2009",
    "period": "Q3",
    "revenue": 1782000000,
    "costOfRevenue": 1195000000,
    "grossProfit": 587000000,
    "grossProfitRatio": 0.3294051627,
    "researchAndDevelopmentExpenses": 0,
    "generalAndAdministrativeExpenses": 0,
    "sellingAndMarketingExpenses": 109000000,
    "sellingGeneralAndAdministrativeExpenses": 0,
    "otherExpenses": 416000000,
    "operatingExpenses": 416000000,
    "costAndExpenses": 1611000000,
    "interestIncome": 0,
    "interestExpense": 104000000,
    "depreciationAndAmortization": 224000000,
    "ebitda": 404000000,
    "ebitdaratio": 0.22671156,
    "operatingIncome": 171000000,
    "operatingIncomeRatio": 0.095959596,
    "totalOtherIncomeExpensesNet": -95000000,
    "incomeBeforeTax": 76000000,
    "incomeBeforeTaxRatio": 0.0426487093,
    "incomeTaxExpense": 25000000,
    "netIncome": 20000000,
    "netIncomeRatio": 0.0112233446,
    "eps": 0.05,
    "epsdiluted": 0.05,
    "weightedAverageShsOut": 376384000,
    "weightedAverageShsOutDil": 376716000,
    "link": "https://www.sec.gov/Archives/edgar/data/922224/000092222409000114/0000922224-09-000114-index.htm",
    "finalLink": "https://www.sec.gov/Archives/edgar/data/317187/000092222409000114/form10q.htm"
  },
  {
    "date": "2009-06-30",
    "symbol": "PPL",
    "reportedCurrency": "USD",
    "cik": "0000922224",
    "fillingDate": "2009-08-04",
    "acceptedDate": "2009-08-04 09:00:00",
    "calendarYear": "2009",
    "period": "Q2",
    "revenue": 1671000000,
    "costOfRevenue": 1032000000,
    "grossProfit": 639000000,
    "grossProfitRatio": 0.3824057451,
    "researchAndDevelopmentExpenses": 0,
    "generalAndAdministrativeExpenses": 0,
    "sellingAndMarketingExpenses": 0,
    "sellingGeneralAndAdministrativeExpenses": 0,
    "otherExpenses": 535000000,
    "operatingExpenses": 535000000,
    "costAndExpenses": 1567000000,
    "interestIncome": 1000000,
    "interestExpense": 99000000,
    "depreciationAndAmortization": 297000000,
    "ebitda": 394000000,
    "ebitdaratio": 0.2357869539,
    "operatingIncome": 104000000,
    "operatingIncomeRatio": 0.0622381807,
    "totalOtherIncomeExpensesNet": -106000000,
    "incomeBeforeTax": -2000000,
    "incomeBeforeTaxRatio": -0.0011968881,
    "incomeTaxExpense": -31000000,
    "netIncome": -7000000,
    "netIncomeRatio": -0.0041891083,
    "eps": -0.02,
    "epsdiluted": -0.02,
    "weightedAverageShsOut": 375881000,
    "weightedAverageShsOutDil": 376206000,
    "link": "https://www.sec.gov/Archives/edgar/data/922224/000092222409000074/0000922224-09-000074-index.htm",
    "finalLink": "https://www.sec.gov/Archives/edgar/data/317187/000092222409000074/form10q.htm"
  },
  {
    "date": "2009-03-31",
    "symbol": "PPL",
    "reportedCurrency": "USD",
    "cik": "0000922224",
    "fillingDate": "2009-05-01",
    "acceptedDate": "2009-05-01 10:54:41",
    "calendarYear": "2009",
    "period": "Q1",
    "revenue": 2344000000,
    "costOfRevenue": 1379000000,
    "grossProfit": 965000000,
    "grossProfitRatio": 0.4116894198,
    "researchAndDevelopmentExpenses": 0,
    "generalAndAdministrativeExpenses": 0,
    "sellingAndMarketingExpenses": 0,
    "sellingGeneralAndAdministrativeExpenses": 0,
    "otherExpenses": 553000000,
    "operatingExpenses": 553000000,
    "costAndExpenses": 1932000000,
    "interestIncome": 7000000,
    "interestExpense": 89000000,
    "depreciationAndAmortization": 110000000,
    "ebitda": 540000000,
    "ebitdaratio": 0.2303754266,
    "operatingIncome": 412000000,
    "operatingIncomeRatio": 0.1757679181,
    "totalOtherIncomeExpensesNet": -71000000,
    "incomeBeforeTax": 341000000,
    "incomeBeforeTaxRatio": 0.1454778157,
    "incomeTaxExpense": 98000000,
    "netIncome": 241000000,
    "netIncomeRatio": 0.1028156997,
    "eps": 0.64,
    "epsdiluted": 0.64,
    "weightedAverageShsOut": 375112000,
    "weightedAverageShsOutDil": 375409000,
    "link": "https://www.sec.gov/Archives/edgar/data/922224/000092222409000045/0000922224-09-000045-index.htm",
    "finalLink": "https://www.sec.gov/Archives/edgar/data/317187/000092222409000045/form10q.htm"
  },
  {
    "date": "2008-12-31",
    "symbol": "PPL",
    "reportedCurrency": "USD",
    "cik": "0000922224",
    "fillingDate": "2009-02-27",
    "acceptedDate": "2009-02-27 14:44:15",
    "calendarYear": "2008",
    "period": "Q4",
    "revenue": 2513000000,
    "costOfRevenue": 1254000000,
    "grossProfit": 1259000000,
    "grossProfitRatio": 0.5009948269,
    "researchAndDevelopmentExpenses": 0,
    "generalAndAdministrativeExpenses": 0,
    "sellingAndMarketingExpenses": 0,
    "sellingGeneralAndAdministrativeExpenses": 0,
    "otherExpenses": 707000000,
    "operatingExpenses": 707000000,
    "costAndExpenses": 1961000000,
    "interestIncome": 0,
    "interestExpense": 0,
    "depreciationAndAmortization": 497000000,
    "ebitda": 1049000000,
    "ebitdaratio": 0.4174293673,
    "operatingIncome": 552000000,
    "operatingIncomeRatio": 0.2196577795,
    "totalOtherIncomeExpensesNet": -114000000,
    "incomeBeforeTax": 438000000,
    "incomeBeforeTaxRatio": 0.1742936729,
    "incomeTaxExpense": 155000000,
    "netIncome": 281000000,
    "netIncomeRatio": 0.1118185436,
    "eps": 0,
    "epsdiluted": 0,
    "weightedAverageShsOut": 374322000,
    "weightedAverageShsOutDil": 375112000,
    "link": "https://www.sec.gov/Archives/edgar/data/922224/000092222409000020/0000922224-09-000020-index.htm",
    "finalLink": "https://www.sec.gov/Archives/edgar/data/317187/000092222409000020/form10k2008.htm"
  },
  {
    "date": "2008-09-30",
    "symbol": "PPL",
    "reportedCurrency": "USD",
    "cik": "0000922224",
    "fillingDate": "2008-11-04",
    "acceptedDate": "2008-11-04 09:00:13",
    "calendarYear": "2008",
    "period": "Q3",
    "revenue": 2971000000,
    "costOfRevenue": 2259000000,
    "grossProfit": 712000000,
    "grossProfitRatio": 0.2396499495,
    "researchAndDevelopmentExpenses": 0,
    "generalAndAdministrativeExpenses": 0,
    "sellingAndMarketingExpenses": 0,
    "sellingGeneralAndAdministrativeExpenses": 0,
    "otherExpenses": 328000000,
    "operatingExpenses": 328000000,
    "costAndExpenses": 2587000000,
    "interestIncome": 0,
    "interestExpense": 119000000,
    "depreciationAndAmortization": 117000000,
    "ebitda": 503000000,
    "ebitdaratio": 0.1693032649,
    "operatingIncome": 384000000,
    "operatingIncomeRatio": 0.129249411,
    "totalOtherIncomeExpensesNet": -117000000,
    "incomeBeforeTax": 267000000,
    "incomeBeforeTaxRatio": 0.0898687311,
    "incomeTaxExpense": 57000000,
    "netIncome": 203000000,
    "netIncomeRatio": 0.0683271626,
    "eps": 0.54,
    "epsdiluted": 0.54,
    "weightedAverageShsOut": 374290000,
    "weightedAverageShsOutDil": 375096000,
    "link": "https://www.sec.gov/Archives/edgar/data/922224/000092222408000122/0000922224-08-000122-index.htm",
    "finalLink": "https://www.sec.gov/Archives/edgar/data/317187/000092222408000122/form10q.htm"
  },
  {
    "date": "2008-06-30",
    "symbol": "PPL",
    "reportedCurrency": "USD",
    "cik": "0000922224",
    "fillingDate": "2008-08-01",
    "acceptedDate": "2008-08-01 14:17:39",
    "calendarYear": "2008",
    "period": "Q2",
    "revenue": 1014000000,
    "costOfRevenue": 320000000,
    "grossProfit": 694000000,
    "grossProfitRatio": 0.684418146,
    "researchAndDevelopmentExpenses": 0,
    "generalAndAdministrativeExpenses": 0,
    "sellingAndMarketingExpenses": 0,
    "sellingGeneralAndAdministrativeExpenses": 0,
    "otherExpenses": 309000000,
    "operatingExpenses": 309000000,
    "costAndExpenses": 629000000,
    "interestIncome": 0,
    "interestExpense": 108000000,
    "depreciationAndAmortization": 118000000,
    "ebitda": 509000000,
    "ebitdaratio": 0.5019723866,
    "operatingIncome": 385000000,
    "operatingIncomeRatio": 0.3796844181,
    "totalOtherIncomeExpensesNet": -102000000,
    "incomeBeforeTax": 283000000,
    "incomeBeforeTaxRatio": 0.2790927022,
    "incomeTaxExpense": 94000000,
    "netIncome": 190000000,
    "netIncomeRatio": 0.1873767258,
    "eps": 0.5,
    "epsdiluted": 0.5,
    "weightedAverageShsOut": 373158000,
    "weightedAverageShsOutDil": 374902000,
    "link": "https://www.sec.gov/Archives/edgar/data/922224/000092222408000067/0000922224-08-000067-index.htm",
    "finalLink": "https://www.sec.gov/Archives/edgar/data/317187/000092222408000067/form10q.htm"
  },
  {
    "date": "2008-03-31",
    "symbol": "PPL",
    "reportedCurrency": "USD",
    "cik": "0000922224",
    "fillingDate": "2008-05-02",
    "acceptedDate": "2008-05-02 08:47:39",
    "calendarYear": "2008",
    "period": "Q1",
    "revenue": 1526000000,
    "costOfRevenue": 482000000,
    "grossProfit": 1044000000,
    "grossProfitRatio": 0.6841415465,
    "researchAndDevelopmentExpenses": 0,
    "generalAndAdministrativeExpenses": 0,
    "sellingAndMarketingExpenses": 258000000,
    "sellingGeneralAndAdministrativeExpenses": 0,
    "otherExpenses": 564000000,
    "operatingExpenses": 564000000,
    "costAndExpenses": 1046000000,
    "interestIncome": 0,
    "interestExpense": 108000000,
    "depreciationAndAmortization": 112000000,
    "ebitda": 600000000,
    "ebitdaratio": 0.3931847969,
    "operatingIncome": 480000000,
    "operatingIncomeRatio": 0.3145478375,
    "totalOtherIncomeExpensesNet": -100000000,
    "incomeBeforeTax": 380000000,
    "incomeBeforeTaxRatio": 0.249017038,
    "incomeTaxExpense": 129000000,
    "netIncome": 260000000,
    "netIncomeRatio": 0.1703800786,
    "eps": 0.69,
    "epsdiluted": 0.69,
    "weightedAverageShsOut": 372782000,
    "weightedAverageShsOutDil": 375002000,
    "link": "https://www.sec.gov/Archives/edgar/data/922224/000092222408000035/0000922224-08-000035-index.htm",
    "finalLink": "https://www.sec.gov/Archives/edgar/data/317187/000092222408000035/ppl10q.htm"
  },
  {
    "date": "2007-12-31",
    "symbol": "PPL",
    "reportedCurrency": "USD",
    "cik": "0000922224",
    "fillingDate": "2008-02-29",
    "acceptedDate": "2008-02-29 07:25:52",
    "calendarYear": "2007",
    "period": "Q4",
    "revenue": 1621000000,
    "costOfRevenue": 400000000,
    "grossProfit": 1221000000,
    "grossProfitRatio": 0.7532387415,
    "researchAndDevelopmentExpenses": 0,
    "generalAndAdministrativeExpenses": 0,
    "sellingAndMarketingExpenses": 1472000000,
    "sellingGeneralAndAdministrativeExpenses": 0,
    "otherExpenses": 826000000,
    "operatingExpenses": 826000000,
    "costAndExpenses": 1226000000,
    "interestIncome": 0,
    "interestExpense": 0,
    "depreciationAndAmortization": 657000000,
    "ebitda": 1052000000,
    "ebitdaratio": 0.6489821098,
    "operatingIncome": 395000000,
    "operatingIncomeRatio": 0.2436767428,
    "totalOtherIncomeExpensesNet": -80000000,
    "incomeBeforeTax": 315000000,
    "incomeBeforeTaxRatio": 0.1943244911,
    "incomeTaxExpense": 82000000,
    "netIncome": 436000000,
    "netIncomeRatio": 0.2689697717,
    "eps": 0,
    "epsdiluted": 0,
    "weightedAverageShsOut": 370656012,
    "weightedAverageShsOutDil": 371428571,
    "link": "https://www.sec.gov/Archives/edgar/data/922224/000092222408000013/0000922224-08-000013-index.htm",
    "finalLink": "https://www.sec.gov/Archives/edgar/data/317187/000092222408000013/ppl10k2007.htm"
  },
  {
    "date": "2007-09-30",
    "symbol": "PPL",
    "reportedCurrency": "USD",
    "cik": "0000922224",
    "fillingDate": "2007-11-01",
    "acceptedDate": "2007-11-01 11:30:58",
    "calendarYear": "2007",
    "period": "Q3",
    "revenue": 1774000000,
    "costOfRevenue": 492000000,
    "grossProfit": 1282000000,
    "grossProfitRatio": 0.7226606539,
    "researchAndDevelopmentExpenses": 0,
    "generalAndAdministrativeExpenses": 0,
    "sellingAndMarketingExpenses": 516000000,
    "sellingGeneralAndAdministrativeExpenses": 0,
    "otherExpenses": 761000000,
    "operatingExpenses": 761000000,
    "costAndExpenses": 1253000000,
    "interestIncome": 0,
    "interestExpense": 0,
    "depreciationAndAmortization": -100000000,
    "ebitda": 629000000,
    "ebitdaratio": 0.3545659526,
    "operatingIncome": 521000000,
    "operatingIncomeRatio": 0.293686584,
    "totalOtherIncomeExpensesNet": -95000000,
    "incomeBeforeTax": 426000000,
    "incomeBeforeTaxRatio": 0.2401352875,
    "incomeTaxExpense": 88000000,
    "netIncome": 327000000,
    "netIncomeRatio": 0.1843291995,
    "eps": 0.85,
    "epsdiluted": 0.84,
    "weightedAverageShsOut": 379896000,
    "weightedAverageShsOutDil": 384575000,
    "link": "https://www.sec.gov/Archives/edgar/data/922224/000092222407000112/0000922224-07-000112-index.htm",
    "finalLink": "https://www.sec.gov/Archives/edgar/data/317187/000092222407000112/ppl10q.htm"
  },
  {
    "date": "2007-06-30",
    "symbol": "PPL",
    "reportedCurrency": "USD",
    "cik": "0000922224",
    "fillingDate": "2007-08-02",
    "acceptedDate": "2007-08-02 09:23:54",
    "calendarYear": "2007",
    "period": "Q2",
    "revenue": 1573000000,
    "costOfRevenue": 395000000,
    "grossProfit": 1178000000,
    "grossProfitRatio": 0.7488874762,
    "researchAndDevelopmentExpenses": 0,
    "generalAndAdministrativeExpenses": 0,
    "sellingAndMarketingExpenses": 379000000,
    "sellingGeneralAndAdministrativeExpenses": 0,
    "otherExpenses": 800000000,
    "operatingExpenses": 800000000,
    "costAndExpenses": 1195000000,
    "interestIncome": 0,
    "interestExpense": 0,
    "depreciationAndAmortization": 213000000,
    "ebitda": 591000000,
    "ebitdaratio": 0.3757151939,
    "operatingIncome": 378000000,
    "operatingIncomeRatio": 0.2403051494,
    "totalOtherIncomeExpensesNet": -103000000,
    "incomeBeforeTax": 275000000,
    "incomeBeforeTaxRatio": 0.1748251748,
    "incomeTaxExpense": 31000000,
    "netIncome": 345000000,
    "netIncomeRatio": 0.2193261284,
    "eps": 0.89,
    "epsdiluted": 0.88,
    "weightedAverageShsOut": 385300000,
    "weightedAverageShsOutDil": 390109000,
    "link": "https://www.sec.gov/Archives/edgar/data/922224/000092222407000095/0000922224-07-000095-index.htm",
    "finalLink": "https://www.sec.gov/Archives/edgar/data/317187/000092222407000095/ppl10q6-07.htm"
  },
  {
    "date": "2007-03-31",
    "symbol": "PPL",
    "reportedCurrency": "USD",
    "cik": "0000922224",
    "fillingDate": "2007-05-03",
    "acceptedDate": "2007-05-03 08:53:23",
    "calendarYear": "2007",
    "period": "Q1",
    "revenue": 1546000000,
    "costOfRevenue": 355000000,
    "grossProfit": 1191000000,
    "grossProfitRatio": 0.7703751617,
    "researchAndDevelopmentExpenses": 0,
    "generalAndAdministrativeExpenses": 0,
    "sellingAndMarketingExpenses": 249000000,
    "sellingGeneralAndAdministrativeExpenses": 0,
    "otherExpenses": 802000000,
    "operatingExpenses": 802000000,
    "costAndExpenses": 1157000000,
    "interestIncome": 0,
    "interestExpense": 0,
    "depreciationAndAmortization": 232000000,
    "ebitda": 621000000,
    "ebitdaratio": 0.4016817594,
    "operatingIncome": 389000000,
    "operatingIncomeRatio": 0.2516170763,
    "totalOtherIncomeExpensesNet": -99000000,
    "incomeBeforeTax": 290000000,
    "incomeBeforeTaxRatio": 0.1875808538,
    "incomeTaxExpense": 69000000,
    "netIncome": 203000000,
    "netIncomeRatio": 0.1313065977,
    "eps": 0.53,
    "epsdiluted": 0.52,
    "weightedAverageShsOut": 383018868,
    "weightedAverageShsOutDil": 390384615,
    "link": "https://www.sec.gov/Archives/edgar/data/922224/000092222407000047/0000922224-07-000047-index.htm",
    "finalLink": "https://www.sec.gov/Archives/edgar/data/317187/000092222407000047/ppl10q3-07.htm"
  },
  {
    "date": "2006-12-31",
    "symbol": "PPL",
    "reportedCurrency": "USD",
    "cik": "0000922224",
    "fillingDate": "2007-02-28",
    "acceptedDate": "2007-02-28 10:45:04",
    "calendarYear": "2006",
    "period": "Q4",
    "revenue": 1724000000,
    "costOfRevenue": 528000000,
    "grossProfit": 1196000000,
    "grossProfitRatio": 0.6937354988,
    "researchAndDevelopmentExpenses": 0,
    "generalAndAdministrativeExpenses": 0,
    "sellingAndMarketingExpenses": 1532000000,
    "sellingGeneralAndAdministrativeExpenses": 0,
    "otherExpenses": 829000000,
    "operatingExpenses": 829000000,
    "costAndExpenses": 1357000000,
    "interestIncome": 0,
    "interestExpense": 0,
    "depreciationAndAmortization": 195000000,
    "ebitda": 562000000,
    "ebitdaratio": 0.3259860789,
    "operatingIncome": 367000000,
    "operatingIncomeRatio": 0.2128770302,
    "totalOtherIncomeExpensesNet": -133000000,
    "incomeBeforeTax": 234000000,
    "incomeBeforeTaxRatio": 0.1357308585,
    "incomeTaxExpense": 56000000,
    "netIncome": 178000000,
    "netIncomeRatio": 0.1032482599,
    "eps": 0,
    "epsdiluted": 0,
    "weightedAverageShsOut": 383018868,
    "weightedAverageShsOutDil": 383018868,
    "link": "https://www.sec.gov/Archives/edgar/data/922224/000092222407000030/0000922224-07-000030-index.htm",
    "finalLink": "https://www.sec.gov/Archives/edgar/data/317187/000092222407000030/ppl10-k2006.htm"
  },
  {
    "date": "2006-09-30",
    "symbol": "PPL",
    "reportedCurrency": "USD",
    "cik": "0000922224",
    "fillingDate": "2006-11-03",
    "acceptedDate": "2006-11-03 09:07:35",
    "calendarYear": "2006",
    "period": "Q3",
    "revenue": 1589000000,
    "costOfRevenue": 520000000,
    "grossProfit": 1069000000,
    "grossProfitRatio": 0.6727501573,
    "researchAndDevelopmentExpenses": 0,
    "generalAndAdministrativeExpenses": 0,
    "sellingAndMarketingExpenses": 446000000,
    "sellingGeneralAndAdministrativeExpenses": 0,
    "otherExpenses": 709000000,
    "operatingExpenses": 709000000,
    "costAndExpenses": 1229000000,
    "interestIncome": 0,
    "interestExpense": 0,
    "depreciationAndAmortization": -145000000,
    "ebitda": 540000000,
    "ebitdaratio": 0.3398363751,
    "operatingIncome": 360000000,
    "operatingIncomeRatio": 0.2265575834,
    "totalOtherIncomeExpensesNet": -101000000,
    "incomeBeforeTax": 259000000,
    "incomeBeforeTaxRatio": 0.1629955947,
    "incomeTaxExpense": 44000000,
    "netIncome": 226000000,
    "netIncomeRatio": 0.1422278162,
    "eps": 0.59,
    "epsdiluted": 0.58,
    "weightedAverageShsOut": 383050847,
    "weightedAverageShsOutDil": 389655172,
    "link": "https://www.sec.gov/Archives/edgar/data/922224/000092222406000119/0000922224-06-000119-index.htm",
    "finalLink": "https://www.sec.gov/Archives/edgar/data/317187/000092222406000119/ppl10q9-06.htm"
  },
  {
    "date": "2006-06-30",
    "symbol": "PPL",
    "reportedCurrency": "USD",
    "cik": "0000922224",
    "fillingDate": "2006-08-03",
    "acceptedDate": "2006-08-03 10:53:49",
    "calendarYear": "2006",
    "period": "Q2",
    "revenue": 1504000000,
    "costOfRevenue": 443000000,
    "grossProfit": 1061000000,
    "grossProfitRatio": 0.7054521277,
    "researchAndDevelopmentExpenses": 0,
    "generalAndAdministrativeExpenses": 0,
    "sellingAndMarketingExpenses": 383000000,
    "sellingGeneralAndAdministrativeExpenses": 0,
    "otherExpenses": 703000000,
    "operatingExpenses": 703000000,
    "costAndExpenses": 1146000000,
    "interestIncome": 0,
    "interestExpense": 0,
    "depreciationAndAmortization": 185000000,
    "ebitda": 543000000,
    "ebitdaratio": 0.361037234,
    "operatingIncome": 358000000,
    "operatingIncomeRatio": 0.2380319149,
    "totalOtherIncomeExpensesNet": -88000000,
    "incomeBeforeTax": 270000000,
    "incomeBeforeTaxRatio": 0.1795212766,
    "incomeTaxExpense": 80000000,
    "netIncome": 181000000,
    "netIncomeRatio": 0.1203457447,
    "eps": 0.48,
    "epsdiluted": 0.47,
    "weightedAverageShsOut": 377083333,
    "weightedAverageShsOutDil": 385106383,
    "link": "https://www.sec.gov/Archives/edgar/data/922224/000092222406000080/0000922224-06-000080-index.htm",
    "finalLink": "https://www.sec.gov/Archives/edgar/data/317187/000092222406000080/ppl10q6-06.htm"
  },
  {
    "date": "2006-03-31",
    "symbol": "PPL",
    "reportedCurrency": "USD",
    "cik": "0000922224",
    "fillingDate": "2006-05-04",
    "acceptedDate": "2006-05-04 10:11:41",
    "calendarYear": "2006",
    "period": "Q1",
    "revenue": 1650000000,
    "costOfRevenue": 464000000,
    "grossProfit": 1186000000,
    "grossProfitRatio": 0.7187878788,
    "researchAndDevelopmentExpenses": 0,
    "generalAndAdministrativeExpenses": 0,
    "sellingAndMarketingExpenses": 337000000,
    "sellingGeneralAndAdministrativeExpenses": 0,
    "otherExpenses": 721000000,
    "operatingExpenses": 721000000,
    "costAndExpenses": 1185000000,
    "interestIncome": 0,
    "interestExpense": 0,
    "depreciationAndAmortization": 185000000,
    "ebitda": 650000000,
    "ebitdaratio": 0.3939393939,
    "operatingIncome": 465000000,
    "operatingIncomeRatio": 0.2818181818,
    "totalOtherIncomeExpensesNet": -99000000,
    "incomeBeforeTax": 366000000,
    "incomeBeforeTaxRatio": 0.2218181818,
    "incomeTaxExpense": 95000000,
    "netIncome": 280000000,
    "netIncomeRatio": 0.1696969697,
    "eps": 0.74,
    "epsdiluted": 0.73,
    "weightedAverageShsOut": 378378378,
    "weightedAverageShsOutDil": 383561644,
    "link": "https://www.sec.gov/Archives/edgar/data/922224/000092222406000037/0000922224-06-000037-index.htm",
    "finalLink": "https://www.sec.gov/Archives/edgar/data/317187/000092222406000037/ppl10q3-06.htm"
  },
  {
    "date": "2005-12-31",
    "symbol": "PPL",
    "reportedCurrency": "USD",
    "cik": "0000922224",
    "fillingDate": "2006-03-03",
    "acceptedDate": "2006-03-03 10:33:35",
    "calendarYear": "2005",
    "period": "Q4",
    "revenue": 1498000000,
    "costOfRevenue": 427000000,
    "grossProfit": 1071000000,
    "grossProfitRatio": 0.714953271,
    "researchAndDevelopmentExpenses": 0,
    "generalAndAdministrativeExpenses": 0,
    "sellingAndMarketingExpenses": 1128000000,
    "sellingGeneralAndAdministrativeExpenses": 0,
    "otherExpenses": 777000000,
    "operatingExpenses": 777000000,
    "costAndExpenses": 1204000000,
    "interestIncome": 0,
    "interestExpense": 0,
    "depreciationAndAmortization": 213000000,
    "ebitda": 507000000,
    "ebitdaratio": 0.3384512684,
    "operatingIncome": 294000000,
    "operatingIncomeRatio": 0.1962616822,
    "totalOtherIncomeExpensesNet": -117000000,
    "incomeBeforeTax": 177000000,
    "incomeBeforeTaxRatio": 0.1181575434,
    "incomeTaxExpense": -16000000,
    "netIncome": 185000000,
    "netIncomeRatio": 0.1234979973,
    "eps": 0,
    "epsdiluted": 0,
    "weightedAverageShsOut": 378378378,
    "weightedAverageShsOutDil": 378378378,
    "link": "https://www.sec.gov/Archives/edgar/data/922224/000092222406000018/0000922224-06-000018-index.htm",
    "finalLink": "https://www.sec.gov/Archives/edgar/data/317187/000092222406000018/ppl10-k2005.htm"
  },
  {
    "date": "2005-09-30",
    "symbol": "PPL",
    "reportedCurrency": "USD",
    "cik": "0000922224",
    "fillingDate": "2005-11-03",
    "acceptedDate": "2005-11-03 09:07:26",
    "calendarYear": "2005",
    "period": "Q3",
    "revenue": 1620000000,
    "costOfRevenue": 484000000,
    "grossProfit": 1136000000,
    "grossProfitRatio": 0.7012345679,
    "researchAndDevelopmentExpenses": 0,
    "generalAndAdministrativeExpenses": 0,
    "sellingAndMarketingExpenses": 358000000,
    "sellingGeneralAndAdministrativeExpenses": 0,
    "otherExpenses": 753000000,
    "operatingExpenses": 753000000,
    "costAndExpenses": 1237000000,
    "interestIncome": 0,
    "interestExpense": 0,
    "depreciationAndAmortization": 194000000,
    "ebitda": 577000000,
    "ebitdaratio": 0.3561728395,
    "operatingIncome": 383000000,
    "operatingIncomeRatio": 0.2364197531,
    "totalOtherIncomeExpensesNet": -124000000,
    "incomeBeforeTax": 259000000,
    "incomeBeforeTaxRatio": 0.1598765432,
    "incomeTaxExpense": 64000000,
    "netIncome": 193000000,
    "netIncomeRatio": 0.1191358025,
    "eps": 0.52,
    "epsdiluted": 0.51,
    "weightedAverageShsOut": 371153846,
    "weightedAverageShsOutDil": 378431373,
    "link": "https://www.sec.gov/Archives/edgar/data/922224/000092222405000113/0000922224-05-000113-index.htm",
    "finalLink": "https://www.sec.gov/Archives/edgar/data/317187/000092222405000113/ppl10q9-05.htm"
  },
  {
    "date": "2005-06-30",
    "symbol": "PPL",
    "reportedCurrency": "USD",
    "cik": "0000922224",
    "fillingDate": "2005-08-04",
    "acceptedDate": "2005-08-04 13:31:37",
    "calendarYear": "2005",
    "period": "Q2",
    "revenue": 1467000000,
    "costOfRevenue": 398000000,
    "grossProfit": 1069000000,
    "grossProfitRatio": 0.7286980232,
    "researchAndDevelopmentExpenses": 0,
    "generalAndAdministrativeExpenses": 0,
    "sellingAndMarketingExpenses": 276000000,
    "sellingGeneralAndAdministrativeExpenses": 0,
    "otherExpenses": 677000000,
    "operatingExpenses": 677000000,
    "costAndExpenses": 1075000000,
    "interestIncome": 0,
    "interestExpense": 0,
    "depreciationAndAmortization": 173000000,
    "ebitda": 565000000,
    "ebitdaratio": 0.385139741,
    "operatingIncome": 392000000,
    "operatingIncomeRatio": 0.2672119973,
    "totalOtherIncomeExpensesNet": -174000000,
    "incomeBeforeTax": 218000000,
    "incomeBeforeTaxRatio": 0.1486025903,
    "incomeTaxExpense": 40000000,
    "netIncome": 228000000,
    "netIncomeRatio": 0.1554192229,
    "eps": 0.34,
    "epsdiluted": 0.33,
    "weightedAverageShsOut": 377528090,
    "weightedAverageShsOutDil": 381818182,
    "link": "https://www.sec.gov/Archives/edgar/data/922224/000092222405000086/0000922224-05-000086-index.htm",
    "finalLink": "https://www.sec.gov/Archives/edgar/data/317187/000092222405000086/ppl10q6-05.htm"
  },
  {
    "date": "2005-03-31",
    "symbol": "PPL",
    "reportedCurrency": "USD",
    "cik": "0000922224",
    "fillingDate": "2005-05-05",
    "acceptedDate": "2005-05-04 20:50:48",
    "calendarYear": "2005",
    "period": "Q1",
    "revenue": 1600000000,
    "costOfRevenue": 510000000,
    "grossProfit": 1090000000,
    "grossProfitRatio": 0.68125,
    "researchAndDevelopmentExpenses": 0,
    "generalAndAdministrativeExpenses": 0,
    "sellingAndMarketingExpenses": 271000000,
    "sellingGeneralAndAdministrativeExpenses": 0,
    "otherExpenses": 755000000,
    "operatingExpenses": 755000000,
    "costAndExpenses": 1265000000,
    "interestIncome": 0,
    "interestExpense": 0,
    "depreciationAndAmortization": 174000000,
    "ebitda": 509000000,
    "ebitdaratio": 0.318125,
    "operatingIncome": 335000000,
    "operatingIncomeRatio": 0.209375,
    "totalOtherIncomeExpensesNet": -131000000,
    "incomeBeforeTax": 204000000,
    "incomeBeforeTaxRatio": 0.1275,
    "incomeTaxExpense": 34000000,
    "netIncome": 172000000,
    "netIncomeRatio": 0.1075,
    "eps": 0.45,
    "epsdiluted": 0.44,
    "weightedAverageShsOut": 382222222,
    "weightedAverageShsOutDil": 390909091,
    "link": "https://www.sec.gov/Archives/edgar/data/922224/000092222405000037/0000922224-05-000037-index.htm",
    "finalLink": "https://www.sec.gov/Archives/edgar/data/317187/000092222405000037/ppl10q_3-05.htm"
  },
  {
    "date": "2004-12-31",
    "symbol": "PPL",
    "reportedCurrency": "USD",
    "cik": "0000922224",
    "fillingDate": "2005-03-01",
    "acceptedDate": "2005-03-01 16:28:14",
    "calendarYear": "2004",
    "period": "Q4",
    "revenue": 1465000000,
    "costOfRevenue": 416000000,
    "grossProfit": 1049000000,
    "grossProfitRatio": 0.7160409556,
    "researchAndDevelopmentExpenses": 0,
    "generalAndAdministrativeExpenses": 0,
    "sellingAndMarketingExpenses": 1222000000,
    "sellingGeneralAndAdministrativeExpenses": 0,
    "otherExpenses": 708000000,
    "operatingExpenses": 708000000,
    "costAndExpenses": 1124000000,
    "interestIncome": 0,
    "interestExpense": 0,
    "depreciationAndAmortization": 0,
    "ebitda": 512000000,
    "ebitdaratio": 0.3494880546,
    "operatingIncome": 341000000,
    "operatingIncomeRatio": 0.2327645051,
    "totalOtherIncomeExpensesNet": -142000000,
    "incomeBeforeTax": 199000000,
    "incomeBeforeTaxRatio": 0.1358361775,
    "incomeTaxExpense": 22000000,
    "netIncome": 177000000,
    "netIncomeRatio": 0.1208191126,
    "eps": 0,
    "epsdiluted": 0,
    "weightedAverageShsOut": 377528090,
    "weightedAverageShsOutDil": 377528090,
    "link": "https://www.sec.gov/Archives/edgar/data/922224/000092222405000010/0000922224-05-000010-index.htm",
    "finalLink": "https://www.sec.gov/Archives/edgar/data/317187/000092222405000010/ppl10k_2004.htm"
  },
  {
    "date": "2004-09-30",
    "symbol": "PPL",
    "reportedCurrency": "USD",
    "cik": "0000922224",
    "fillingDate": "2004-11-09",
    "acceptedDate": "2004-11-09 15:23:27",
    "calendarYear": "2004",
    "period": "Q3",
    "revenue": 1454000000,
    "costOfRevenue": 409000000,
    "grossProfit": 1045000000,
    "grossProfitRatio": 0.7187070151,
    "researchAndDevelopmentExpenses": 0,
    "generalAndAdministrativeExpenses": 0,
    "sellingAndMarketingExpenses": 374000000,
    "sellingGeneralAndAdministrativeExpenses": 0,
    "otherExpenses": 662000000,
    "operatingExpenses": 662000000,
    "costAndExpenses": 1071000000,
    "interestIncome": 0,
    "interestExpense": 0,
    "depreciationAndAmortization": 0,
    "ebitda": 550000000,
    "ebitdaratio": 0.3782668501,
    "operatingIncome": 383000000,
    "operatingIncomeRatio": 0.2634112792,
    "totalOtherIncomeExpensesNet": -113000000,
    "incomeBeforeTax": 270000000,
    "incomeBeforeTaxRatio": 0.1856946355,
    "incomeTaxExpense": 74000000,
    "netIncome": 196000000,
    "netIncomeRatio": 0.1348005502,
    "eps": 0.52,
    "epsdiluted": 0.52,
    "weightedAverageShsOut": 376923077,
    "weightedAverageShsOutDil": 376923077,
    "link": "https://www.sec.gov/Archives/edgar/data/922224/000092222404000092/0000922224-04-000092-index.htm",
    "finalLink": "https://www.sec.gov/Archives/edgar/data/317187/000092222404000092/ppl10q_9-04.htm"
  },
  {
    "date": "2004-06-30",
    "symbol": "PPL",
    "reportedCurrency": "USD",
    "cik": "0000922224",
    "fillingDate": "2004-08-06",
    "acceptedDate": "2004-08-06 14:51:27",
    "calendarYear": "2004",
    "period": "Q2",
    "revenue": 1361000000,
    "costOfRevenue": 389000000,
    "grossProfit": 972000000,
    "grossProfitRatio": 0.7141807494,
    "researchAndDevelopmentExpenses": 0,
    "generalAndAdministrativeExpenses": 0,
    "sellingAndMarketingExpenses": 294000000,
    "sellingGeneralAndAdministrativeExpenses": 0,
    "otherExpenses": 670000000,
    "operatingExpenses": 670000000,
    "costAndExpenses": 1059000000,
    "interestIncome": 0,
    "interestExpense": 0,
    "depreciationAndAmortization": 0,
    "ebitda": 459000000,
    "ebitdaratio": 0.3372520206,
    "operatingIncome": 302000000,
    "operatingIncomeRatio": 0.221895665,
    "totalOtherIncomeExpensesNet": -117000000,
    "incomeBeforeTax": 185000000,
    "incomeBeforeTaxRatio": 0.1359294636,
    "incomeTaxExpense": 30000000,
    "netIncome": 148000000,
    "netIncomeRatio": 0.1087435709,
    "eps": 0.41,
    "epsdiluted": 0.41,
    "weightedAverageShsOut": 365432099,
    "weightedAverageShsOutDil": 365432099,
    "link": "https://www.sec.gov/Archives/edgar/data/922224/000092222404000070/0000922224-04-000070-index.htm",
    "finalLink": "https://www.sec.gov/Archives/edgar/data/317187/000092222404000070/ppl10q_6-04.htm"
  },
  {
    "date": "2004-03-31",
    "symbol": "PPL",
    "reportedCurrency": "USD",
    "cik": "0000922224",
    "fillingDate": "2004-05-07",
    "acceptedDate": "2004-05-07 13:58:17",
    "calendarYear": "2004",
    "period": "Q1",
    "revenue": 1519000000,
    "costOfRevenue": 473000000,
    "grossProfit": 1046000000,
    "grossProfitRatio": 0.6886109282,
    "researchAndDevelopmentExpenses": 0,
    "generalAndAdministrativeExpenses": 0,
    "sellingAndMarketingExpenses": 278000000,
    "sellingGeneralAndAdministrativeExpenses": 0,
    "otherExpenses": 681000000,
    "operatingExpenses": 681000000,
    "costAndExpenses": 1154000000,
    "interestIncome": 0,
    "interestExpense": 0,
    "depreciationAndAmortization": 0,
    "ebitda": 535000000,
    "ebitdaratio": 0.3522053983,
    "operatingIncome": 365000000,
    "operatingIncomeRatio": 0.2402896643,
    "totalOtherIncomeExpensesNet": -115000000,
    "incomeBeforeTax": 250000000,
    "incomeBeforeTaxRatio": 0.1645819618,
    "incomeTaxExpense": 72000000,
    "netIncome": 177000000,
    "netIncomeRatio": 0.116524029,
    "eps": 0.5,
    "epsdiluted": 0.5,
    "weightedAverageShsOut": 354000000,
    "weightedAverageShsOutDil": 357575758,
    "link": "https://www.sec.gov/Archives/edgar/data/922224/000092222404000045/0000922224-04-000045-index.htm",
    "finalLink": "https://www.sec.gov/Archives/edgar/data/317187/000092222404000045/ppl10q_3-04.htm"
  },
  {
    "date": "2003-12-31",
    "symbol": "PPL",
    "reportedCurrency": "USD",
    "cik": "0000922224",
    "fillingDate": "2004-03-01",
    "acceptedDate": "2004-03-01 15:26:08",
    "calendarYear": "2003",
    "period": "Q4",
    "revenue": 1306000000,
    "costOfRevenue": 310000000,
    "grossProfit": 996000000,
    "grossProfitRatio": 0.7626339969,
    "researchAndDevelopmentExpenses": 0,
    "generalAndAdministrativeExpenses": 0,
    "sellingAndMarketingExpenses": 1214000000,
    "sellingGeneralAndAdministrativeExpenses": 0,
    "otherExpenses": 662000000,
    "operatingExpenses": 662000000,
    "costAndExpenses": 972000000,
    "interestIncome": 0,
    "interestExpense": 0,
    "depreciationAndAmortization": 0,
    "ebitda": 494000000,
    "ebitdaratio": 0.3782542113,
    "operatingIncome": 334000000,
    "operatingIncomeRatio": 0.2557427259,
    "totalOtherIncomeExpensesNet": -108000000,
    "incomeBeforeTax": 226000000,
    "incomeBeforeTaxRatio": 0.1730474732,
    "incomeTaxExpense": -30000000,
    "netIncome": 208000000,
    "netIncomeRatio": 0.1592649311,
    "eps": 0,
    "epsdiluted": 0,
    "weightedAverageShsOut": 346761745,
    "weightedAverageShsOutDil": 354000000,
    "link": "https://www.sec.gov/Archives/edgar/data/922224/000092222404000011/0000922224-04-000011-index.htm",
    "finalLink": "https://www.sec.gov/Archives/edgar/data/317187/000092222404000011/ppl10k_2003.htm"
  },
  {
    "date": "2003-09-30",
    "symbol": "PPL",
    "reportedCurrency": "USD",
    "cik": "0000922224",
    "fillingDate": "2003-11-10",
    "acceptedDate": "2003-11-10 11:46:05",
    "calendarYear": "2003",
    "period": "Q3",
    "revenue": 1462000000,
    "costOfRevenue": 457000000,
    "grossProfit": 1005000000,
    "grossProfitRatio": 0.6874145007,
    "researchAndDevelopmentExpenses": 0,
    "generalAndAdministrativeExpenses": 0,
    "sellingAndMarketingExpenses": 406000000,
    "sellingGeneralAndAdministrativeExpenses": 0,
    "otherExpenses": 642000000,
    "operatingExpenses": 642000000,
    "costAndExpenses": 1099000000,
    "interestIncome": 0,
    "interestExpense": 0,
    "depreciationAndAmortization": 0,
    "ebitda": 527000000,
    "ebitdaratio": 0.3604651163,
    "operatingIncome": 363000000,
    "operatingIncomeRatio": 0.2482900137,
    "totalOtherIncomeExpensesNet": -109000000,
    "incomeBeforeTax": 254000000,
    "incomeBeforeTaxRatio": 0.1737346101,
    "incomeTaxExpense": 83000000,
    "netIncome": 171000000,
    "netIncomeRatio": 0.1169630643,
    "eps": 0.49,
    "epsdiluted": 0.49,
    "weightedAverageShsOut": 352577320,
    "weightedAverageShsOutDil": 352577320,
    "link": "https://www.sec.gov/Archives/edgar/data/922224/000092222403000064/0000922224-03-000064-index.htm",
    "finalLink": "https://www.sec.gov/Archives/edgar/data/317187/000092222403000064/ppl10q_9-03.htm"
  },
  {
    "date": "2003-06-30",
    "symbol": "PPL",
    "reportedCurrency": "USD",
    "cik": "0000922224",
    "fillingDate": "2003-08-12",
    "acceptedDate": "2003-08-12 09:48:58",
    "calendarYear": "2003",
    "period": "Q2",
    "revenue": 1339000000,
    "costOfRevenue": 386000000,
    "grossProfit": 953000000,
    "grossProfitRatio": 0.711725168,
    "researchAndDevelopmentExpenses": 0,
    "generalAndAdministrativeExpenses": 0,
    "sellingAndMarketingExpenses": 303000000,
    "sellingGeneralAndAdministrativeExpenses": 0,
    "otherExpenses": 667000000,
    "operatingExpenses": 667000000,
    "costAndExpenses": 1053000000,
    "interestIncome": 0,
    "interestExpense": 0,
    "depreciationAndAmortization": 0,
    "ebitda": 434000000,
    "ebitdaratio": 0.3241224795,
    "operatingIncome": 286000000,
    "operatingIncomeRatio": 0.213592233,
    "totalOtherIncomeExpensesNet": -120000000,
    "incomeBeforeTax": 166000000,
    "incomeBeforeTaxRatio": 0.1239731143,
    "incomeTaxExpense": 49000000,
    "netIncome": 116000000,
    "netIncomeRatio": 0.0866318148,
    "eps": 0.34,
    "epsdiluted": 0.34,
    "weightedAverageShsOut": 341176471,
    "weightedAverageShsOutDil": 346268657,
    "link": "https://www.sec.gov/Archives/edgar/data/922224/000092222403000046/0000922224-03-000046-index.htm",
    "finalLink": "https://www.sec.gov/Archives/edgar/data/317187/000092222403000046/ppl10q_6-03.htm"
  },
  {
    "date": "2003-03-31",
    "symbol": "PPL",
    "reportedCurrency": "USD",
    "cik": "0000922224",
    "fillingDate": "2003-05-14",
    "acceptedDate": "2003-05-13 21:57:04",
    "calendarYear": "2003",
    "period": "Q1",
    "revenue": 1488000000,
    "costOfRevenue": 499000000,
    "grossProfit": 989000000,
    "grossProfitRatio": 0.6646505376,
    "researchAndDevelopmentExpenses": 0,
    "generalAndAdministrativeExpenses": 0,
    "sellingAndMarketingExpenses": 298000000,
    "sellingGeneralAndAdministrativeExpenses": 0,
    "otherExpenses": 630000000,
    "operatingExpenses": 630000000,
    "costAndExpenses": 1129000000,
    "interestIncome": 0,
    "interestExpense": 0,
    "depreciationAndAmortization": 0,
    "ebitda": 526000000,
    "ebitdaratio": 0.3534946237,
    "operatingIncome": 359000000,
    "operatingIncomeRatio": 0.2412634409,
    "totalOtherIncomeExpensesNet": -114000000,
    "incomeBeforeTax": 245000000,
    "incomeBeforeTaxRatio": 0.1646505376,
    "incomeTaxExpense": 69000000,
    "netIncome": 239000000,
    "netIncomeRatio": 0.1606182796,
    "eps": 0.72,
    "epsdiluted": 0.72,
    "weightedAverageShsOut": 334265734,
    "weightedAverageShsOutDil": 334265734,
    "link": "https://www.sec.gov/Archives/edgar/data/922224/000092222403000017/0000922224-03-000017-index.htm",
    "finalLink": "https://www.sec.gov/Archives/edgar/data/317187/000092222403000017/ppl10q_3-03.htm"
  },
  {
    "date": "2002-12-31",
    "symbol": "PPL",
    "reportedCurrency": "USD",
    "cik": "0000922224",
    "fillingDate": "2003-03-03",
    "acceptedDate": "2003-03-03 17:25:33",
    "calendarYear": "2002",
    "period": "Q4",
    "revenue": 1374000000,
    "costOfRevenue": 403000000,
    "grossProfit": 971000000,
    "grossProfitRatio": 0.7066957787,
    "researchAndDevelopmentExpenses": 0,
    "generalAndAdministrativeExpenses": 0,
    "sellingAndMarketingExpenses": 993000000,
    "sellingGeneralAndAdministrativeExpenses": 0,
    "otherExpenses": 700000000,
    "operatingExpenses": 700000000,
    "costAndExpenses": 1103000000,
    "interestIncome": 0,
    "interestExpense": 0,
    "depreciationAndAmortization": 0,
    "ebitda": 271000000,
    "ebitdaratio": 0.1972343523,
    "operatingIncome": 271000000,
    "operatingIncomeRatio": 0.1972343523,
    "totalOtherIncomeExpensesNet": -124000000,
    "incomeBeforeTax": 147000000,
    "incomeBeforeTaxRatio": 0.1069868996,
    "incomeTaxExpense": 16000000,
    "netIncome": 131000000,
    "netIncomeRatio": 0.095342067,
    "eps": 0,
    "epsdiluted": 0,
    "weightedAverageShsOut": 322050540,
    "weightedAverageShsOutDil": 334265734,
    "link": "https://www.sec.gov/Archives/edgar/data/922224/000092222403000007/0000922224-03-000007-index.htm",
    "finalLink": "https://www.sec.gov/Archives/edgar/data/317187/000092222403000007/ppl10k_2002.htm"
  },
  {
    "date": "2002-09-30",
    "symbol": "PPL",
    "reportedCurrency": "USD",
    "cik": "0000922224",
    "fillingDate": "2002-11-12",
    "acceptedDate": "2002-11-12 15:11:03",
    "calendarYear": "2002",
    "period": "Q3",
    "revenue": 1462000000,
    "costOfRevenue": 428000000,
    "grossProfit": 1034000000,
    "grossProfitRatio": 0.707250342,
    "researchAndDevelopmentExpenses": 0,
    "generalAndAdministrativeExpenses": 0,
    "sellingAndMarketingExpenses": 344000000,
    "sellingGeneralAndAdministrativeExpenses": 0,
    "otherExpenses": 640000000,
    "operatingExpenses": 640000000,
    "costAndExpenses": 1068000000,
    "interestIncome": 0,
    "interestExpense": 0,
    "depreciationAndAmortization": 0,
    "ebitda": 548000000,
    "ebitdaratio": 0.3748290014,
    "operatingIncome": 394000000,
    "operatingIncomeRatio": 0.269493844,
    "totalOtherIncomeExpensesNet": -178000000,
    "incomeBeforeTax": 216000000,
    "incomeBeforeTaxRatio": 0.1477428181,
    "incomeTaxExpense": 78000000,
    "netIncome": 138000000,
    "netIncomeRatio": 0.0943912449,
    "eps": 0.41,
    "epsdiluted": 0.4,
    "weightedAverageShsOut": 303130000,
    "weightedAverageShsOutDil": 303696000,
    "link": "https://www.sec.gov/Archives/edgar/data/922224/000092222402000028/0000922224-02-000028-index.htm",
    "finalLink": "https://www.sec.gov/Archives/edgar/data/317187/000092222402000028/ppl10q_9-02.htm"
  },
  {
    "date": "2002-06-30",
    "symbol": "PPL",
    "reportedCurrency": "USD",
    "cik": "0000922224",
    "fillingDate": "2002-08-13",
    "acceptedDate": "2002-08-13 11:08:49",
    "calendarYear": "2002",
    "period": "Q2",
    "revenue": 1301000000,
    "costOfRevenue": 471000000,
    "grossProfit": 830000000,
    "grossProfitRatio": 0.6379707917,
    "researchAndDevelopmentExpenses": 0,
    "generalAndAdministrativeExpenses": 0,
    "sellingAndMarketingExpenses": 352000000,
    "sellingGeneralAndAdministrativeExpenses": 0,
    "otherExpenses": 743000000,
    "operatingExpenses": 743000000,
    "costAndExpenses": 1214000000,
    "interestIncome": 0,
    "interestExpense": 0,
    "depreciationAndAmortization": 0,
    "ebitda": 201000000,
    "ebitdaratio": 0.1544965411,
    "operatingIncome": 87000000,
    "operatingIncomeRatio": 0.0668716372,
    "totalOtherIncomeExpensesNet": -95000000,
    "incomeBeforeTax": -8000000,
    "incomeBeforeTaxRatio": -0.0061491161,
    "incomeTaxExpense": 4000000,
    "netIncome": -12000000,
    "netIncomeRatio": -0.0092236741,
    "eps": -0.09,
    "epsdiluted": -0.09,
    "weightedAverageShsOut": 294298000,
    "weightedAverageShsOutDil": 294298000,
    "link": "https://www.sec.gov/Archives/edgar/data/922224/000092222402000024/0000922224-02-000024-index.htm",
    "finalLink": "https://www.sec.gov/Archives/edgar/data/317187/000092222402000024/ppl10q_6-02.htm"
  },
  {
    "date": "2002-03-31",
    "symbol": "PPL",
    "reportedCurrency": "USD",
    "cik": "0000922224",
    "fillingDate": "2002-05-13",
    "acceptedDate": "2002-05-13 14:05:06",
    "calendarYear": "2002",
    "period": "Q1",
    "revenue": 1354000000,
    "costOfRevenue": 345000000,
    "grossProfit": 1009000000,
    "grossProfitRatio": 0.7451994092,
    "researchAndDevelopmentExpenses": 0,
    "generalAndAdministrativeExpenses": 0,
    "sellingAndMarketingExpenses": 275000000,
    "sellingGeneralAndAdministrativeExpenses": 0,
    "otherExpenses": 609000000,
    "operatingExpenses": 609000000,
    "costAndExpenses": 954000000,
    "interestIncome": 0,
    "interestExpense": 0,
    "depreciationAndAmortization": 0,
    "ebitda": 539000000,
    "ebitdaratio": 0.3980797637,
    "operatingIncome": 400000000,
    "operatingIncomeRatio": 0.2954209749,
    "totalOtherIncomeExpensesNet": -149000000,
    "incomeBeforeTax": 251000000,
    "incomeBeforeTaxRatio": 0.1853766617,
    "incomeTaxExpense": 86000000,
    "netIncome": 15000000,
    "netIncomeRatio": 0.0110782866,
    "eps": -0.01,
    "epsdiluted": -0.01,
    "weightedAverageShsOut": 293506000,
    "weightedAverageShsOutDil": 294182000,
    "link": "https://www.sec.gov/Archives/edgar/data/922224/000092222402000011/0000922224-02-000011-index.htm",
    "finalLink": "https://www.sec.gov/Archives/edgar/data/317187/000092222402000011/ppl10q3-02.htm"
  },
  {
    "date": "2001-12-31",
    "symbol": "PPL",
    "reportedCurrency": "USD",
    "cik": "0000922224",
    "fillingDate": "2002-03-01",
    "acceptedDate": "2002-03-01 00:00:00",
    "calendarYear": "2001",
    "period": "Q4",
    "revenue": 1312000000,
    "costOfRevenue": 461000000,
    "grossProfit": 851000000,
    "grossProfitRatio": 0.6486280488,
    "researchAndDevelopmentExpenses": 0,
    "generalAndAdministrativeExpenses": 0,
    "sellingAndMarketingExpenses": 1712000000,
    "sellingGeneralAndAdministrativeExpenses": 0,
    "otherExpenses": 1040000000,
    "operatingExpenses": 1040000000,
    "costAndExpenses": 1501000000,
    "interestIncome": 0,
    "interestExpense": 0,
    "depreciationAndAmortization": 0,
    "ebitda": -189000000,
    "ebitdaratio": -0.144054878,
    "operatingIncome": -189000000,
    "operatingIncomeRatio": -0.144054878,
    "totalOtherIncomeExpensesNet": -102000000,
    "incomeBeforeTax": -291000000,
    "incomeBeforeTaxRatio": -0.2217987805,
    "incomeTaxExpense": 14000000,
    "netIncome": -295000000,
    "netIncomeRatio": -0.224847561,
    "eps": 0,
    "epsdiluted": 0,
    "weightedAverageShsOut": 298862492,
    "weightedAverageShsOutDil": 300000000,
    "link": "https://www.sec.gov/Archives/edgar/data/922224/000092222402000003/0000922224-02-000003-index.htm",
    "finalLink": "https://www.sec.gov/Archives/edgar/data/317187/000092222402000003/ppl10k_2001.htm"
  },
  {
    "date": "2001-09-30",
    "symbol": "PPL",
    "reportedCurrency": "USD",
    "cik": "0000922224",
    "fillingDate": "2001-11-13",
    "acceptedDate": "2001-11-13 00:00:00",
    "calendarYear": "2001",
    "period": "Q3",
    "revenue": 1225000000,
    "costOfRevenue": 315000000,
    "grossProfit": 910000000,
    "grossProfitRatio": 0.7428571429,
    "researchAndDevelopmentExpenses": 0,
    "generalAndAdministrativeExpenses": 0,
    "sellingAndMarketingExpenses": 454000000,
    "sellingGeneralAndAdministrativeExpenses": 0,
    "otherExpenses": 573000000,
    "operatingExpenses": 573000000,
    "costAndExpenses": 888000000,
    "interestIncome": 0,
    "interestExpense": 0,
    "depreciationAndAmortization": 0,
    "ebitda": 469000000,
    "ebitdaratio": 0.3828571429,
    "operatingIncome": 337000000,
    "operatingIncomeRatio": 0.2751020408,
    "totalOtherIncomeExpensesNet": -83000000,
    "incomeBeforeTax": 254000000,
    "incomeBeforeTaxRatio": 0.2073469388,
    "incomeTaxExpense": 86000000,
    "netIncome": 168000000,
    "netIncomeRatio": 0.1371428571,
    "eps": 0.52,
    "epsdiluted": 0.52,
    "weightedAverageShsOut": 292482000,
    "weightedAverageShsOutDil": 293504000,
    "link": "https://www.sec.gov/Archives/edgar/data/922224/000092222401500024/0000922224-01-500024-index.htm",
    "finalLink": "https://www.sec.gov/Archives/edgar/data/317187/000092222401500024/ppl10q9-01.htm"
  },
  {
    "date": "2001-06-30",
    "symbol": "PPL",
    "reportedCurrency": "USD",
    "cik": "0000922224",
    "fillingDate": "2001-08-10",
    "acceptedDate": "2001-08-10 00:00:00",
    "calendarYear": "2001",
    "period": "Q2",
    "revenue": 1411000000,
    "costOfRevenue": 554000000,
    "grossProfit": 857000000,
    "grossProfitRatio": 0.6073706591,
    "researchAndDevelopmentExpenses": 0,
    "generalAndAdministrativeExpenses": 0,
    "sellingAndMarketingExpenses": 0,
    "sellingGeneralAndAdministrativeExpenses": 0,
    "otherExpenses": 609000000,
    "operatingExpenses": 609000000,
    "costAndExpenses": 1163000000,
    "interestIncome": 0,
    "interestExpense": 0,
    "depreciationAndAmortization": 0,
    "ebitda": 370000000,
    "ebitdaratio": 0.2622253721,
    "operatingIncome": 248000000,
    "operatingIncomeRatio": 0.175761871,
    "totalOtherIncomeExpensesNet": -83000000,
    "incomeBeforeTax": 165000000,
    "incomeBeforeTaxRatio": 0.1169383416,
    "incomeTaxExpense": 35000000,
    "netIncome": 130000000,
    "netIncomeRatio": 0.0921332388,
    "eps": 0.4,
    "epsdiluted": 0.4,
    "weightedAverageShsOut": 291802000,
    "weightedAverageShsOutDil": 293400000,
    "link": "https://www.sec.gov/Archives/edgar/data/922224/000103605001500840/0001036050-01-500840-index.htm",
    "finalLink": "https://www.sec.gov/Archives/edgar/data/922224/000103605001500840/d10q.txt"
  },
  {
    "date": "2001-03-31",
    "symbol": "PPL",
    "reportedCurrency": "USD",
    "cik": "0000922224",
    "fillingDate": "2001-05-14",
    "acceptedDate": "2001-05-14 00:00:00",
    "calendarYear": "2001",
    "period": "Q1",
    "revenue": 1566000000,
    "costOfRevenue": 583000000,
    "grossProfit": 983000000,
    "grossProfitRatio": 0.6277139208,
    "researchAndDevelopmentExpenses": 0,
    "generalAndAdministrativeExpenses": 0,
    "sellingAndMarketingExpenses": 0,
    "sellingGeneralAndAdministrativeExpenses": 0,
    "otherExpenses": 527000000,
    "operatingExpenses": 527000000,
    "costAndExpenses": 1110000000,
    "interestIncome": 0,
    "interestExpense": 0,
    "depreciationAndAmortization": 0,
    "ebitda": 519000000,
    "ebitdaratio": 0.3314176245,
    "operatingIncome": 456000000,
    "operatingIncomeRatio": 0.2911877395,
    "totalOtherIncomeExpensesNet": -102000000,
    "incomeBeforeTax": 354000000,
    "incomeBeforeTaxRatio": 0.2260536398,
    "incomeTaxExpense": 126000000,
    "netIncome": 228000000,
    "netIncomeRatio": 0.1455938697,
    "eps": 0.77,
    "epsdiluted": 0.76,
    "weightedAverageShsOut": 290196078,
    "weightedAverageShsOutDil": 292105263,
    "link": "https://www.sec.gov/Archives/edgar/data/922224/000103605001500598/0001036050-01-500598-index.htm",
    "finalLink": "https://www.sec.gov/Archives/edgar/data/922224/000103605001500598/d10q.txt"
  },
  {
    "date": "2000-12-31",
    "symbol": "PPL",
    "reportedCurrency": "USD",
    "cik": "0000922224",
    "fillingDate": "2001-03-01",
    "acceptedDate": "2001-03-01 00:00:00",
    "calendarYear": "2000",
    "period": "Q4",
    "revenue": 1515000000,
    "costOfRevenue": 570000000,
    "grossProfit": 945000000,
    "grossProfitRatio": 0.6237623762,
    "researchAndDevelopmentExpenses": 0,
    "generalAndAdministrativeExpenses": 0,
    "sellingAndMarketingExpenses": 0,
    "sellingGeneralAndAdministrativeExpenses": 0,
    "otherExpenses": 617000000,
    "operatingExpenses": 617000000,
    "costAndExpenses": 1187000000,
    "interestIncome": 0,
    "interestExpense": 0,
    "depreciationAndAmortization": 27000000,
    "ebitda": 355000000,
    "ebitdaratio": 0.2343234323,
    "operatingIncome": 328000000,
    "operatingIncomeRatio": 0.2165016502,
    "totalOtherIncomeExpensesNet": -125000000,
    "incomeBeforeTax": 203000000,
    "incomeBeforeTaxRatio": 0.1339933993,
    "incomeTaxExpense": 79000000,
    "netIncome": 135000000,
    "netIncomeRatio": 0.0891089109,
    "eps": 0,
    "epsdiluted": 0,
    "weightedAverageShsOut": 289792609,
    "weightedAverageShsOutDil": 290196078,
    "link": "https://www.sec.gov/Archives/edgar/data/922224/000103605001000345/0001036050-01-000345-index.htm",
    "finalLink": "https://www.sec.gov/Archives/edgar/data/922224/000103605001000345/0001036050-01-000345-0001.txt"
  },
  {
    "date": "2000-09-30",
    "symbol": "PPL",
    "reportedCurrency": "USD",
    "cik": "0000922224",
    "fillingDate": "2000-11-13",
    "acceptedDate": "2000-11-13 00:00:00",
    "calendarYear": "2000",
    "period": "Q3",
    "revenue": 1468000000,
    "costOfRevenue": 690000000,
    "grossProfit": 778000000,
    "grossProfitRatio": 0.529972752,
    "researchAndDevelopmentExpenses": 0,
    "generalAndAdministrativeExpenses": 0,
    "sellingAndMarketingExpenses": 0,
    "sellingGeneralAndAdministrativeExpenses": 0,
    "otherExpenses": 465000000,
    "operatingExpenses": 465000000,
    "costAndExpenses": 1155000000,
    "interestIncome": 0,
    "interestExpense": 0,
    "depreciationAndAmortization": 108000000,
    "ebitda": 421000000,
    "ebitdaratio": 0.2867847411,
    "operatingIncome": 313000000,
    "operatingIncomeRatio": 0.2132152589,
    "totalOtherIncomeExpensesNet": -96000000,
    "incomeBeforeTax": 217000000,
    "incomeBeforeTaxRatio": 0.1478201635,
    "incomeTaxExpense": 75000000,
    "netIncome": 142000000,
    "netIncomeRatio": 0.0967302452,
    "eps": 0.47,
    "epsdiluted": 0.47,
    "weightedAverageShsOut": 289156000,
    "weightedAverageShsOutDil": 290194000,
    "link": "https://www.sec.gov/Archives/edgar/data/922224/000103605000001993/0001036050-00-001993-index.htm",
    "finalLink": "https://www.sec.gov/Archives/edgar/data/922224/000103605000001993/0001036050-00-001993-0001.txt"
  },
  {
    "date": "2000-06-30",
    "symbol": "PPL",
    "reportedCurrency": "USD",
    "cik": "0000922224",
    "fillingDate": "2000-08-14",
    "acceptedDate": "2000-08-14 00:00:00",
    "calendarYear": "2000",
    "period": "Q2",
    "revenue": 1297000000,
    "costOfRevenue": 593000000,
    "grossProfit": 704000000,
    "grossProfitRatio": 0.5427910563,
    "researchAndDevelopmentExpenses": 0,
    "generalAndAdministrativeExpenses": 0,
    "sellingAndMarketingExpenses": 0,
    "sellingGeneralAndAdministrativeExpenses": 0,
    "otherExpenses": 463000000,
    "operatingExpenses": 463000000,
    "costAndExpenses": 1056000000,
    "interestIncome": 0,
    "interestExpense": 0,
    "depreciationAndAmortization": 0,
    "ebitda": 357000000,
    "ebitdaratio": 0.2752505783,
    "operatingIncome": 241000000,
    "operatingIncomeRatio": 0.1858134156,
    "totalOtherIncomeExpensesNet": -84000000,
    "incomeBeforeTax": 157000000,
    "incomeBeforeTaxRatio": 0.1210485736,
    "incomeTaxExpense": 58000000,
    "netIncome": 99000000,
    "netIncomeRatio": 0.0763299923,
    "eps": 0.32,
    "epsdiluted": 0.32,
    "weightedAverageShsOut": 288274000,
    "weightedAverageShsOutDil": 288274000,
    "link": "https://www.sec.gov/Archives/edgar/data/922224/000103605000001543/0001036050-00-001543-index.htm",
    "finalLink": "https://www.sec.gov/Archives/edgar/data/922224/000103605000001543/0001036050-00-001543-0001.txt"
  },
  {
    "date": "2000-03-31",
    "symbol": "PPL",
    "reportedCurrency": "USD",
    "cik": "0000922224",
    "fillingDate": "2000-05-12",
    "acceptedDate": "2000-05-12 00:00:00",
    "calendarYear": "2000",
    "period": "Q1",
    "revenue": 1413000000,
    "costOfRevenue": 608000000,
    "grossProfit": 805000000,
    "grossProfitRatio": 0.5697098372,
    "researchAndDevelopmentExpenses": 0,
    "generalAndAdministrativeExpenses": 0,
    "sellingAndMarketingExpenses": 0,
    "sellingGeneralAndAdministrativeExpenses": 0,
    "otherExpenses": 485000000,
    "operatingExpenses": 485000000,
    "costAndExpenses": 1093000000,
    "interestIncome": 0,
    "interestExpense": 0,
    "depreciationAndAmortization": 0,
    "ebitda": 451000000,
    "ebitdaratio": 0.3191790517,
    "operatingIncome": 320000000,
    "operatingIncomeRatio": 0.2264685067,
    "totalOtherIncomeExpensesNet": -90000000,
    "incomeBeforeTax": 230000000,
    "incomeBeforeTaxRatio": 0.1627742392,
    "incomeTaxExpense": 82000000,
    "netIncome": 148000000,
    "netIncomeRatio": 0.1047416844,
    "eps": 0.5,
    "epsdiluted": 0.5,
    "weightedAverageShsOut": 287394000,
    "weightedAverageShsOutDil": 287394000,
    "link": "https://www.sec.gov/Archives/edgar/data/922224/000103605000000888/0001036050-00-000888-index.html",
    "finalLink": "https://www.sec.gov/Archives/edgar/data/922224/000103605000000888/"
  },
  {
    "date": "1999-12-31",
    "symbol": "PPL",
    "reportedCurrency": "USD",
    "cik": "0000922224",
    "fillingDate": "2000-03-02",
    "acceptedDate": "2000-03-02 00:00:00",
    "calendarYear": "1999",
    "period": "Q4",
    "revenue": 1133000000,
    "costOfRevenue": 460000000,
    "grossProfit": 673000000,
    "grossProfitRatio": 0.5939982348,
    "researchAndDevelopmentExpenses": 0,
    "generalAndAdministrativeExpenses": 0,
    "sellingAndMarketingExpenses": 0,
    "sellingGeneralAndAdministrativeExpenses": 0,
    "otherExpenses": 465000000,
    "operatingExpenses": 465000000,
    "costAndExpenses": 925000000,
    "interestIncome": 0,
    "interestExpense": 0,
    "depreciationAndAmortization": 0,
    "ebitda": 208000000,
    "ebitdaratio": 0.1835834069,
    "operatingIncome": 208000000,
    "operatingIncomeRatio": 0.1835834069,
    "totalOtherIncomeExpensesNet": 15000000,
    "incomeBeforeTax": 223000000,
    "incomeBeforeTaxRatio": 0.1968225949,
    "incomeTaxExpense": 82000000,
    "netIncome": 154000000,
    "netIncomeRatio": 0.1359223301,
    "eps": 0,
    "epsdiluted": 0,
    "weightedAverageShsOut": 286868687,
    "weightedAverageShsOutDil": 286868687,
    "link": "https://www.sec.gov/Archives/edgar/data/922224/000103605000000298/0001036050-00-000298-index.html",
    "finalLink": "https://www.sec.gov/Archives/edgar/data/922224/000103605000000298/"
  },
  {
    "date": "1999-09-30",
    "symbol": "PPL",
    "reportedCurrency": "USD",
    "cik": "0000922224",
    "fillingDate": "1999-11-12",
    "acceptedDate": "1999-11-12 00:00:00",
    "calendarYear": "1999",
    "period": "Q3",
    "revenue": 1386000000,
    "costOfRevenue": 691000000,
    "grossProfit": 695000000,
    "grossProfitRatio": 0.5014430014,
    "researchAndDevelopmentExpenses": 0,
    "generalAndAdministrativeExpenses": 0,
    "sellingAndMarketingExpenses": 0,
    "sellingGeneralAndAdministrativeExpenses": 0,
    "otherExpenses": 457000000,
    "operatingExpenses": 457000000,
    "costAndExpenses": 1148000000,
    "interestIncome": 0,
    "interestExpense": 0,
    "depreciationAndAmortization": 100000000,
    "ebitda": 338000000,
    "ebitdaratio": 0.2438672439,
    "operatingIncome": 238000000,
    "operatingIncomeRatio": 0.1717171717,
    "totalOtherIncomeExpensesNet": -93000000,
    "incomeBeforeTax": 145000000,
    "incomeBeforeTaxRatio": 0.1046176046,
    "incomeTaxExpense": -22000000,
    "netIncome": 108000000,
    "netIncomeRatio": 0.0779220779,
    "eps": 0.34,
    "epsdiluted": 0.34,
    "weightedAverageShsOut": 300000000,
    "weightedAverageShsOutDil": 300000000,
    "link": "https://www.sec.gov/Archives/edgar/data/922224/000103605099002350/0001036050-99-002350-index.html",
    "finalLink": "https://www.sec.gov/Archives/edgar/data/922224/000103605099002350/"
  },
  {
    "date": "1999-06-30",
    "symbol": "PPL",
    "reportedCurrency": "USD",
    "cik": "0000922224",
    "fillingDate": "1999-08-16",
    "acceptedDate": "1999-08-16 00:00:00",
    "calendarYear": "1999",
    "period": "Q2",
    "revenue": 1004000000,
    "costOfRevenue": 458000000,
    "grossProfit": 546000000,
    "grossProfitRatio": 0.5438247012,
    "researchAndDevelopmentExpenses": 0,
    "generalAndAdministrativeExpenses": 0,
    "sellingAndMarketingExpenses": 0,
    "sellingGeneralAndAdministrativeExpenses": 0,
    "otherExpenses": 382000000,
    "operatingExpenses": 382000000,
    "costAndExpenses": 840000000,
    "interestIncome": 0,
    "interestExpense": 0,
    "depreciationAndAmortization": 102000000,
    "ebitda": 266000000,
    "ebitdaratio": 0.264940239,
    "operatingIncome": 164000000,
    "operatingIncomeRatio": 0.1633466135,
    "totalOtherIncomeExpensesNet": -54000000,
    "incomeBeforeTax": 110000000,
    "incomeBeforeTaxRatio": 0.109561753,
    "incomeTaxExpense": 40000000,
    "netIncome": 70000000,
    "netIncomeRatio": 0.0697211155,
    "eps": 0.2,
    "epsdiluted": 0.2,
    "weightedAverageShsOut": 315000000,
    "weightedAverageShsOutDil": 315000000,
    "link": "https://www.sec.gov/Archives/edgar/data/922224/000103605099001734/0001036050-99-001734-index.html",
    "finalLink": "https://www.sec.gov/Archives/edgar/data/922224/000103605099001734/"
  },
  {
    "date": "1999-03-31",
    "symbol": "PPL",
    "reportedCurrency": "USD",
    "cik": "0000922224",
    "fillingDate": "1999-05-13",
    "acceptedDate": "1999-05-13 00:00:00",
    "calendarYear": "1999",
    "period": "Q1",
    "revenue": 1067000000,
    "costOfRevenue": 401000000,
    "grossProfit": 666000000,
    "grossProfitRatio": 0.6241799438,
    "researchAndDevelopmentExpenses": 0,
    "generalAndAdministrativeExpenses": 0,
    "sellingAndMarketingExpenses": 0,
    "sellingGeneralAndAdministrativeExpenses": 0,
    "otherExpenses": 404000000,
    "operatingExpenses": 404000000,
    "costAndExpenses": 805000000,
    "interestIncome": 0,
    "interestExpense": 0,
    "depreciationAndAmortization": 105000000,
    "ebitda": 367000000,
    "ebitdaratio": 0.3439550141,
    "operatingIncome": 262000000,
    "operatingIncomeRatio": 0.2455482662,
    "totalOtherIncomeExpensesNet": -62000000,
    "incomeBeforeTax": 200000000,
    "incomeBeforeTaxRatio": 0.1874414246,
    "incomeTaxExpense": 74000000,
    "netIncome": 126000000,
    "netIncomeRatio": 0.1180880975,
    "eps": 0.38,
    "epsdiluted": 0.38,
    "weightedAverageShsOut": 315789474,
    "weightedAverageShsOutDil": 315789474,
    "link": "https://www.sec.gov/Archives/edgar/data/922224/000103605099001066/0001036050-99-001066-index.html",
    "finalLink": "https://www.sec.gov/Archives/edgar/data/922224/"
  },
  {
    "date": "1998-12-31",
    "symbol": "PPL",
    "reportedCurrency": "USD",
    "cik": "0000922224",
    "fillingDate": "1999-03-03",
    "acceptedDate": "1999-03-03 00:00:00",
    "calendarYear": "1998",
    "period": "Q4",
    "revenue": 902000000,
    "costOfRevenue": 327000000,
    "grossProfit": 575000000,
    "grossProfitRatio": 0.6374722838,
    "researchAndDevelopmentExpenses": 0,
    "generalAndAdministrativeExpenses": 0,
    "sellingAndMarketingExpenses": 0,
    "sellingGeneralAndAdministrativeExpenses": 0,
    "otherExpenses": 356000000,
    "operatingExpenses": 356000000,
    "costAndExpenses": 683000000,
    "interestIncome": 0,
    "interestExpense": 0,
    "depreciationAndAmortization": 0,
    "ebitda": 358000000,
    "ebitdaratio": 0.3968957871,
    "operatingIncome": 219000000,
    "operatingIncomeRatio": 0.2427937916,
    "totalOtherIncomeExpensesNet": -65000000,
    "incomeBeforeTax": 154000000,
    "incomeBeforeTaxRatio": 0.1707317073,
    "incomeTaxExpense": 59000000,
    "netIncome": 95000000,
    "netIncomeRatio": 0.1053215078,
    "eps": 0,
    "epsdiluted": 0,
    "weightedAverageShsOut": 313576480,
    "weightedAverageShsOutDil": 315789474,
    "link": "https://www.sec.gov/Archives/edgar/data/922224/000103605099000403/0001036050-99-000403-index.html",
    "finalLink": "https://www.sec.gov/Archives/edgar/data/922224/"
  },
  {
    "date": "1998-09-30",
    "symbol": "PPL",
    "reportedCurrency": "USD",
    "cik": "0000922224",
    "fillingDate": "1998-11-12",
    "acceptedDate": "1998-11-12 00:00:00",
    "calendarYear": "1998",
    "period": "Q3",
    "revenue": 1166000000,
    "costOfRevenue": 564000000,
    "grossProfit": 602000000,
    "grossProfitRatio": 0.5162950257,
    "researchAndDevelopmentExpenses": 0,
    "generalAndAdministrativeExpenses": 0,
    "sellingAndMarketingExpenses": 0,
    "sellingGeneralAndAdministrativeExpenses": 0,
    "otherExpenses": 315000000,
    "operatingExpenses": 315000000,
    "costAndExpenses": 879000000,
    "interestIncome": 0,
    "interestExpense": 0,
    "depreciationAndAmortization": 0,
    "ebitda": 355000000,
    "ebitdaratio": 0.3044596913,
    "operatingIncome": 287000000,
    "operatingIncomeRatio": 0.2461406518,
    "totalOtherIncomeExpensesNet": -67000000,
    "incomeBeforeTax": 220000000,
    "incomeBeforeTaxRatio": 0.1886792453,
    "incomeTaxExpense": 78000000,
    "netIncome": 142000000,
    "netIncomeRatio": 0.1217838765,
    "eps": 0.41,
    "epsdiluted": 0.41,
    "weightedAverageShsOut": 335802469,
    "weightedAverageShsOutDil": 335802469,
    "link": "https://www.sec.gov/Archives/edgar/data/922224/000092222498000051/0000922224-98-000051-index.html",
    "finalLink": "https://www.sec.gov/Archives/edgar/data/922224/"
  },
  {
    "date": "1998-06-30",
    "symbol": "PPL",
    "reportedCurrency": "USD",
    "cik": "0000922224",
    "fillingDate": "1998-08-14",
    "acceptedDate": "1998-08-14 00:00:00",
    "calendarYear": "1998",
    "period": "Q2",
    "revenue": 838000000,
    "costOfRevenue": 336000000,
    "grossProfit": 502000000,
    "grossProfitRatio": 0.5990453461,
    "researchAndDevelopmentExpenses": 0,
    "generalAndAdministrativeExpenses": 0,
    "sellingAndMarketingExpenses": 0,
    "sellingGeneralAndAdministrativeExpenses": 0,
    "otherExpenses": 354000000,
    "operatingExpenses": 354000000,
    "costAndExpenses": 690000000,
    "interestIncome": 0,
    "interestExpense": 0,
    "depreciationAndAmortization": 0,
    "ebitda": 242000000,
    "ebitdaratio": 0.2887828162,
    "operatingIncome": 148000000,
    "operatingIncomeRatio": 0.1766109785,
    "totalOtherIncomeExpensesNet": -50000000,
    "incomeBeforeTax": 98000000,
    "incomeBeforeTaxRatio": 0.1169451074,
    "incomeTaxExpense": 38000000,
    "netIncome": -888000000,
    "netIncomeRatio": -1.0596658711,
    "eps": -2.67,
    "epsdiluted": -2.67,
    "weightedAverageShsOut": 335205993,
    "weightedAverageShsOutDil": 335205993,
    "link": "https://www.sec.gov/Archives/edgar/data/922224/000092222498000034/0000922224-98-000034-index.html",
    "finalLink": "https://www.sec.gov/Archives/edgar/data/922224/"
  },
  {
    "date": "1998-03-31",
    "symbol": "PPL",
    "reportedCurrency": "USD",
    "cik": "0000922224",
    "fillingDate": "1998-05-13",
    "acceptedDate": "1998-05-13 00:00:00",
    "calendarYear": "1998",
    "period": "Q1",
    "revenue": 880000000,
    "costOfRevenue": 327000000,
    "grossProfit": 553000000,
    "grossProfitRatio": 0.6284090909,
    "researchAndDevelopmentExpenses": 0,
    "generalAndAdministrativeExpenses": 0,
    "sellingAndMarketingExpenses": 0,
    "sellingGeneralAndAdministrativeExpenses": 0,
    "otherExpenses": 317000000,
    "operatingExpenses": 317000000,
    "costAndExpenses": 644000000,
    "interestIncome": 0,
    "interestExpense": 0,
    "depreciationAndAmortization": 0,
    "ebitda": 330000000,
    "ebitdaratio": 0.375,
    "operatingIncome": 236000000,
    "operatingIncomeRatio": 0.2681818182,
    "totalOtherIncomeExpensesNet": -45000000,
    "incomeBeforeTax": 191000000,
    "incomeBeforeTaxRatio": 0.2170454545,
    "incomeTaxExpense": 84000000,
    "netIncome": 107000000,
    "netIncomeRatio": 0.1215909091,
    "eps": 0.3,
    "epsdiluted": 0.3,
    "weightedAverageShsOut": 336666667,
    "weightedAverageShsOutDil": 336666667,
    "link": "https://www.sec.gov/Archives/edgar/data/922224/000092222498000018/0000922224-98-000018-index.html",
    "finalLink": "https://www.sec.gov/Archives/edgar/data/922224/"
  },
  {
    "date": "1997-12-31",
    "symbol": "PPL",
    "reportedCurrency": "USD",
    "cik": "0000922224",
    "fillingDate": "1998-03-03",
    "acceptedDate": "1998-03-03 00:00:00",
    "calendarYear": "1997",
    "period": "Q4",
    "revenue": 799200000,
    "costOfRevenue": 262000000,
    "grossProfit": 537200000,
    "grossProfitRatio": 0.6721721722,
    "researchAndDevelopmentExpenses": 0,
    "generalAndAdministrativeExpenses": 0,
    "sellingAndMarketingExpenses": 0,
    "sellingGeneralAndAdministrativeExpenses": 0,
    "otherExpenses": 356000000,
    "operatingExpenses": 356000000,
    "costAndExpenses": 618000000,
    "interestIncome": 0,
    "interestExpense": 0,
    "depreciationAndAmortization": 0,
    "ebitda": 347200000,
    "ebitdaratio": 0.4344344344,
    "operatingIncome": 181200000,
    "operatingIncomeRatio": 0.2267267267,
    "totalOtherIncomeExpensesNet": -49200000,
    "incomeBeforeTax": 132000000,
    "incomeBeforeTaxRatio": 0.1651651652,
    "incomeTaxExpense": 52000000,
    "netIncome": 80000000,
    "netIncomeRatio": 0.1001001001,
    "eps": 0,
    "epsdiluted": 0,
    "weightedAverageShsOut": 331732026,
    "weightedAverageShsOutDil": 336666667,
    "link": "https://www.sec.gov/Archives/edgar/data/922224/000092222498000009/0000922224-98-000009-index.html",
    "finalLink": "https://www.sec.gov/Archives/edgar/data/922224/"
  },
  {
    "date": "1997-09-30",
    "symbol": "PPL",
    "reportedCurrency": "USD",
    "cik": "0000922224",
    "fillingDate": "1997-11-10",
    "acceptedDate": "1997-11-10 00:00:00",
    "calendarYear": "1997",
    "period": "Q3",
    "revenue": 777800000,
    "costOfRevenue": 272000000,
    "grossProfit": 505800000,
    "grossProfitRatio": 0.6502957058,
    "researchAndDevelopmentExpenses": 0,
    "generalAndAdministrativeExpenses": 0,
    "sellingAndMarketingExpenses": 0,
    "sellingGeneralAndAdministrativeExpenses": 0,
    "otherExpenses": 355000000,
    "operatingExpenses": 355000000,
    "costAndExpenses": 627000000,
    "interestIncome": 0,
    "interestExpense": 0,
    "depreciationAndAmortization": 0,
    "ebitda": 244800000,
    "ebitdaratio": 0.3147338647,
    "operatingIncome": 150800000,
    "operatingIncomeRatio": 0.1938801749,
    "totalOtherIncomeExpensesNet": -49800000,
    "incomeBeforeTax": 101000000,
    "incomeBeforeTaxRatio": 0.1298534328,
    "incomeTaxExpense": 53000000,
    "netIncome": 48000000,
    "netIncomeRatio": 0.0617125225,
    "eps": 0.13,
    "epsdiluted": 0.13,
    "weightedAverageShsOut": 336000000,
    "weightedAverageShsOutDil": 336000000,
    "link": "https://www.sec.gov/Archives/edgar/data/922224/000092222497000038/0000922224-97-000038-index.html",
    "finalLink": "https://www.sec.gov/Archives/edgar/data/922224/"
  },
  {
    "date": "1997-06-30",
    "symbol": "PPL",
    "reportedCurrency": "USD",
    "cik": "0000922224",
    "fillingDate": "1997-08-14",
    "acceptedDate": "1997-08-14 00:00:00",
    "calendarYear": "1997",
    "period": "Q2",
    "revenue": 686000000,
    "costOfRevenue": 209000000,
    "grossProfit": 477000000,
    "grossProfitRatio": 0.695335277,
    "researchAndDevelopmentExpenses": 0,
    "generalAndAdministrativeExpenses": 0,
    "sellingAndMarketingExpenses": 0,
    "sellingGeneralAndAdministrativeExpenses": 0,
    "otherExpenses": 263000000,
    "operatingExpenses": 263000000,
    "costAndExpenses": 472000000,
    "interestIncome": 0,
    "interestExpense": 0,
    "depreciationAndAmortization": 0,
    "ebitda": 307000000,
    "ebitdaratio": 0.4475218659,
    "operatingIncome": 214000000,
    "operatingIncomeRatio": 0.3119533528,
    "totalOtherIncomeExpensesNet": -49000000,
    "incomeBeforeTax": 165000000,
    "incomeBeforeTaxRatio": 0.2405247813,
    "incomeTaxExpense": 96000000,
    "netIncome": 69000000,
    "netIncomeRatio": 0.1005830904,
    "eps": 0.2,
    "epsdiluted": 0.2,
    "weightedAverageShsOut": 333333333,
    "weightedAverageShsOutDil": 333333333,
    "link": "https://www.sec.gov/Archives/edgar/data/922224/000092222497000019/0000922224-97-000019-index.html",
    "finalLink": "https://www.sec.gov/Archives/edgar/data/922224/"
  },
  {
    "date": "1997-03-31",
    "symbol": "PPL",
    "reportedCurrency": "USD",
    "cik": "0000922224",
    "fillingDate": "1997-05-14",
    "acceptedDate": "1997-05-14 00:00:00",
    "calendarYear": "1997",
    "period": "Q1",
    "revenue": 786000000,
    "costOfRevenue": 227000000,
    "grossProfit": 559000000,
    "grossProfitRatio": 0.7111959288,
    "researchAndDevelopmentExpenses": 0,
    "generalAndAdministrativeExpenses": 0,
    "sellingAndMarketingExpenses": 0,
    "sellingGeneralAndAdministrativeExpenses": 0,
    "otherExpenses": 300000000,
    "operatingExpenses": 300000000,
    "costAndExpenses": 527000000,
    "interestIncome": 0,
    "interestExpense": 0,
    "depreciationAndAmortization": 0,
    "ebitda": 351000000,
    "ebitdaratio": 0.4465648855,
    "operatingIncome": 259000000,
    "operatingIncomeRatio": 0.3295165394,
    "totalOtherIncomeExpensesNet": -47000000,
    "incomeBeforeTax": 212000000,
    "incomeBeforeTaxRatio": 0.2697201018,
    "incomeTaxExpense": 88000000,
    "netIncome": 124000000,
    "netIncomeRatio": 0.1577608142,
    "eps": 0.36,
    "epsdiluted": 0.36,
    "weightedAverageShsOut": 325000000,
    "weightedAverageShsOutDil": 325000000,
    "link": "https://www.sec.gov/Archives/edgar/data/922224/000092222497000010/0000922224-97-000010-index.html",
    "finalLink": "https://www.sec.gov/Archives/edgar/data/922224/"
  },
  {
    "date": "1996-12-31",
    "symbol": "PPL",
    "reportedCurrency": "USD",
    "cik": "0000922224",
    "fillingDate": "1997-02-28",
    "acceptedDate": "1997-02-28 00:00:00",
    "calendarYear": "1996",
    "period": "Q4",
    "revenue": 737000000,
    "costOfRevenue": 202000000,
    "grossProfit": 535000000,
    "grossProfitRatio": 0.7259158752,
    "researchAndDevelopmentExpenses": 0,
    "generalAndAdministrativeExpenses": 0,
    "sellingAndMarketingExpenses": 0,
    "sellingGeneralAndAdministrativeExpenses": 0,
    "otherExpenses": 350000000,
    "operatingExpenses": 350000000,
    "costAndExpenses": 552000000,
    "interestIncome": 0,
    "interestExpense": 0,
    "depreciationAndAmortization": 0,
    "ebitda": 285000000,
    "ebitdaratio": 0.3867028494,
    "operatingIncome": 185000000,
    "operatingIncomeRatio": 0.2510176391,
    "totalOtherIncomeExpensesNet": -45000000,
    "incomeBeforeTax": 140000000,
    "incomeBeforeTaxRatio": 0.1899592944,
    "incomeTaxExpense": 60000000,
    "netIncome": 80000000,
    "netIncomeRatio": 0.1085481682,
    "eps": 0,
    "epsdiluted": 0,
    "weightedAverageShsOut": 323902439,
    "weightedAverageShsOutDil": 325000000,
    "link": "https://www.sec.gov/Archives/edgar/data/922224/000092222497000002/0000922224-97-000002-index.html",
    "finalLink": "https://www.sec.gov/Archives/edgar/data/922224/"
  },
  {
    "date": "1996-09-30",
    "symbol": "PPL",
    "reportedCurrency": "USD",
    "cik": "0000922224",
    "fillingDate": "1996-11-13",
    "acceptedDate": "1996-11-13 00:00:00",
    "calendarYear": "1996",
    "period": "Q3",
    "revenue": 715000000,
    "costOfRevenue": 208000000,
    "grossProfit": 507000000,
    "grossProfitRatio": 0.7090909091,
    "researchAndDevelopmentExpenses": 0,
    "generalAndAdministrativeExpenses": 0,
    "sellingAndMarketingExpenses": 0,
    "sellingGeneralAndAdministrativeExpenses": 0,
    "otherExpenses": 319000000,
    "operatingExpenses": 319000000,
    "costAndExpenses": 527000000,
    "interestIncome": 0,
    "interestExpense": 0,
    "depreciationAndAmortization": 0,
    "ebitda": 300000000,
    "ebitdaratio": 0.4195804196,
    "operatingIncome": 188000000,
    "operatingIncomeRatio": 0.2629370629,
    "totalOtherIncomeExpensesNet": -50000000,
    "incomeBeforeTax": 138000000,
    "incomeBeforeTaxRatio": 0.193006993,
    "incomeTaxExpense": 52000000,
    "netIncome": 86000000,
    "netIncomeRatio": 0.1202797203,
    "eps": 0.25,
    "epsdiluted": 0.25,
    "weightedAverageShsOut": 322448980,
    "weightedAverageShsOutDil": 322448980,
    "link": "https://www.sec.gov/Archives/edgar/data/922224/000031718796000015/0000317187-96-000015-index.html",
    "finalLink": "https://www.sec.gov/Archives/edgar/data/922224/"
  },
  {
    "date": "1996-06-30",
    "symbol": "PPL",
    "reportedCurrency": "USD",
    "cik": "0000922224",
    "fillingDate": "1996-08-12",
    "acceptedDate": "1996-08-12 00:00:00",
    "calendarYear": "1996",
    "period": "Q2",
    "revenue": 669000000,
    "costOfRevenue": 175000000,
    "grossProfit": 494000000,
    "grossProfitRatio": 0.7384155456,
    "researchAndDevelopmentExpenses": 0,
    "generalAndAdministrativeExpenses": 0,
    "sellingAndMarketingExpenses": 0,
    "sellingGeneralAndAdministrativeExpenses": 0,
    "otherExpenses": 321000000,
    "operatingExpenses": 321000000,
    "costAndExpenses": 496000000,
    "interestIncome": 0,
    "interestExpense": 0,
    "depreciationAndAmortization": 0,
    "ebitda": 669000000,
    "ebitdaratio": 1,
    "operatingIncome": 173000000,
    "operatingIncomeRatio": 0.2585949178,
    "totalOtherIncomeExpensesNet": -52000000,
    "incomeBeforeTax": 121000000,
    "incomeBeforeTaxRatio": 0.1808669656,
    "incomeTaxExpense": 53000000,
    "netIncome": 68000000,
    "netIncomeRatio": 0.1016442451,
    "eps": 0.19,
    "epsdiluted": 0.19,
    "weightedAverageShsOut": 321052632,
    "weightedAverageShsOutDil": 321052632,
    "link": "https://www.sec.gov/Archives/edgar/data/922224/000092222496000011/0000922224-96-000011-index.html",
    "finalLink": "https://www.sec.gov/Archives/edgar/data/922224/"
  },
  {
    "date": "1996-03-31",
    "symbol": "PPL",
    "reportedCurrency": "USD",
    "cik": "0000922224",
    "fillingDate": "1996-05-15",
    "acceptedDate": "1996-05-15 00:00:00",
    "calendarYear": "1996",
    "period": "Q1",
    "revenue": 789000000,
    "costOfRevenue": 215000000,
    "grossProfit": 574000000,
    "grossProfitRatio": 0.7275031686,
    "researchAndDevelopmentExpenses": 0,
    "generalAndAdministrativeExpenses": 0,
    "sellingAndMarketingExpenses": 0,
    "sellingGeneralAndAdministrativeExpenses": 0,
    "otherExpenses": 309000000,
    "operatingExpenses": 309000000,
    "costAndExpenses": 524000000,
    "interestIncome": 0,
    "interestExpense": 0,
    "depreciationAndAmortization": 0,
    "ebitda": 369000000,
    "ebitdaratio": 0.4676806084,
    "operatingIncome": 265000000,
    "operatingIncomeRatio": 0.3358681876,
    "totalOtherIncomeExpensesNet": -53000000,
    "incomeBeforeTax": 212000000,
    "incomeBeforeTaxRatio": 0.2686945501,
    "incomeTaxExpense": 89000000,
    "netIncome": 123000000,
    "netIncomeRatio": 0.1558935361,
    "eps": 0.37,
    "epsdiluted": 0.37,
    "weightedAverageShsOut": 317808219,
    "weightedAverageShsOutDil": 317808219,
    "link": "https://www.sec.gov/Archives/edgar/data/922224/000092222496000005/0000922224-96-000005-index.html",
    "finalLink": "https://www.sec.gov/Archives/edgar/data/922224/"
  },
  {
    "date": "1995-12-31",
    "symbol": "PPL",
    "reportedCurrency": "USD",
    "cik": "0000922224",
    "fillingDate": "1996-03-01",
    "acceptedDate": "1996-03-01 00:00:00",
    "calendarYear": "1995",
    "period": "Q4",
    "revenue": 732900000,
    "costOfRevenue": 188600000,
    "grossProfit": 544300000,
    "grossProfitRatio": 0.7426661209,
    "researchAndDevelopmentExpenses": 0,
    "generalAndAdministrativeExpenses": 0,
    "sellingAndMarketingExpenses": 0,
    "sellingGeneralAndAdministrativeExpenses": 0,
    "otherExpenses": 364000000,
    "operatingExpenses": 364000000,
    "costAndExpenses": 552600000,
    "interestIncome": 0,
    "interestExpense": 0,
    "depreciationAndAmortization": 0,
    "ebitda": 277300000,
    "ebitdaratio": 0.37835994,
    "operatingIncome": 180300000,
    "operatingIncomeRatio": 0.2460090053,
    "totalOtherIncomeExpensesNet": -16500000,
    "incomeBeforeTax": 163800000,
    "incomeBeforeTaxRatio": 0.223495702,
    "incomeTaxExpense": 67300000,
    "netIncome": 96500000,
    "netIncomeRatio": 0.1316687133,
    "eps": 0,
    "epsdiluted": 0,
    "weightedAverageShsOut": 317808219,
    "weightedAverageShsOutDil": 317808219,
    "link": "https://www.sec.gov/Archives/edgar/data/922224/000092222496000002/0000922224-96-000002-index.html",
    "finalLink": "https://www.sec.gov/Archives/edgar/data/922224/"
  },
  {
    "date": "1995-09-30",
    "symbol": "PPL",
    "reportedCurrency": "USD",
    "cik": "0000922224",
    "fillingDate": "1995-11-14",
    "acceptedDate": "1995-11-14 00:00:00",
    "calendarYear": "1995",
    "period": "Q3",
    "revenue": 682200000,
    "costOfRevenue": 192100000,
    "grossProfit": 490100000,
    "grossProfitRatio": 0.7184110232,
    "researchAndDevelopmentExpenses": 0,
    "generalAndAdministrativeExpenses": 0,
    "sellingAndMarketingExpenses": 0,
    "sellingGeneralAndAdministrativeExpenses": 0,
    "otherExpenses": 218800000,
    "operatingExpenses": 218800000,
    "costAndExpenses": 410900000,
    "interestIncome": 0,
    "interestExpense": 0,
    "depreciationAndAmortization": 0,
    "ebitda": 370600000,
    "ebitdaratio": 0.5432424509,
    "operatingIncome": 271300000,
    "operatingIncomeRatio": 0.3976839636,
    "totalOtherIncomeExpensesNet": -76800000,
    "incomeBeforeTax": 194500000,
    "incomeBeforeTaxRatio": 0.2851070067,
    "incomeTaxExpense": 100400000,
    "netIncome": 94100000,
    "netIncomeRatio": 0.1379360891,
    "eps": 0.28,
    "epsdiluted": 0.28,
    "weightedAverageShsOut": 317090909,
    "weightedAverageShsOutDil": 317090909,
    "link": "https://www.sec.gov/Archives/edgar/data/922224/000031718795000031/0000317187-95-000031-index.html",
    "finalLink": "https://www.sec.gov/Archives/edgar/data/922224/"
  }
]