[
  {
    "date": "2024-12-31",
    "symbol": "PPL",
    "reportedCurrency": "USD",
    "cik": "0000922224",
    "fillingDate": "2025-02-13",
    "acceptedDate": "2025-02-13 12:21:22",
    "calendarYear": "2024",
    "period": "FY",
    "revenue": 8462000000,
    "costOfRevenue": 5069000000,
    "grossProfit": 3393000000,
    "grossProfitRatio": 0.4009690381,
    "researchAndDevelopmentExpenses": 0,
    "generalAndAdministrativeExpenses": 0,
    "sellingAndMarketingExpenses": 0,
    "sellingGeneralAndAdministrativeExpenses": 0,
    "otherExpenses": 1653000000,
    "operatingExpenses": 1653000000,
    "costAndExpenses": 6722000000,
    "interestIncome": 33000000,
    "interestExpense": 738000000,
    "depreciationAndAmortization": 1357000000,
    "ebitda": 3211000000,
    "ebitdaratio": 0.3794611203,
    "operatingIncome": 1740000000,
    "operatingIncomeRatio": 0.2056251477,
    "totalOtherIncomeExpensesNet": -624000000,
    "incomeBeforeTax": 1116000000,
    "incomeBeforeTaxRatio": 0.1318837154,
    "incomeTaxExpense": 228000000,
    "netIncome": 888000000,
    "netIncomeRatio": 0.1049397306,
    "eps": 1.2,
    "epsdiluted": 1.2,
    "weightedAverageShsOut": 737756000,
    "weightedAverageShsOutDil": 739853000,
    "link": "https://www.sec.gov/Archives/edgar/data/922224/000092222425000009/0000922224-25-000009-index.htm",
    "finalLink": "https://www.sec.gov/Archives/edgar/data/922224/000092222425000009/ppl-20241231.htm"
  },
  {
    "date": "2023-12-31",
    "symbol": "PPL",
    "reportedCurrency": "USD",
    "cik": "0000922224",
    "fillingDate": "2024-02-16",
    "acceptedDate": "2024-02-16 11:54:54",
    "calendarYear": "2023",
    "period": "FY",
    "revenue": 8312000000,
    "costOfRevenue": 5036000000,
    "grossProfit": 3276000000,
    "grossProfitRatio": 0.3941289702,
    "researchAndDevelopmentExpenses": 0,
    "generalAndAdministrativeExpenses": -40000000,
    "sellingAndMarketingExpenses": 0,
    "sellingGeneralAndAdministrativeExpenses": -40000000,
    "otherExpenses": 1686000000,
    "operatingExpenses": 1646000000,
    "costAndExpenses": 6682000000,
    "interestIncome": 32000000,
    "interestExpense": 666000000,
    "depreciationAndAmortization": 1335000000,
    "ebitda": 2925000000,
    "ebitdaratio": 0.3519008662,
    "operatingIncome": 1630000000,
    "operatingIncomeRatio": 0.1961020212,
    "totalOtherIncomeExpensesNet": -706000000,
    "incomeBeforeTax": 924000000,
    "incomeBeforeTaxRatio": 0.1111645813,
    "incomeTaxExpense": 184000000,
    "netIncome": 740000000,
    "netIncomeRatio": 0.0890279115,
    "eps": 1,
    "epsdiluted": 1,
    "weightedAverageShsOut": 737036000,
    "weightedAverageShsOutDil": 738166000,
    "link": "https://www.sec.gov/Archives/edgar/data/922224/000092222424000008/0000922224-24-000008-index.htm",
    "finalLink": "https://www.sec.gov/Archives/edgar/data/55387/000092222424000008/ppl-20231231.htm"
  },
  {
    "date": "2022-12-31",
    "symbol": "PPL",
    "reportedCurrency": "USD",
    "cik": "0000922224",
    "fillingDate": "2023-02-17",
    "acceptedDate": "2023-02-17 14:09:21",
    "calendarYear": "2022",
    "period": "FY",
    "revenue": 7902000000,
    "costOfRevenue": 5015000000,
    "grossProfit": 2887000000,
    "grossProfitRatio": 0.3653505442,
    "researchAndDevelopmentExpenses": 0,
    "generalAndAdministrativeExpenses": -47000000,
    "sellingAndMarketingExpenses": 0,
    "sellingGeneralAndAdministrativeExpenses": -47000000,
    "otherExpenses": 1560000000,
    "operatingExpenses": 1513000000,
    "costAndExpenses": 6528000000,
    "interestIncome": 4000000,
    "interestExpense": 513000000,
    "depreciationAndAmortization": 1233000000,
    "ebitda": 2661000000,
    "ebitdaratio": 0.3367501898,
    "operatingIncome": 1374000000,
    "operatingIncomeRatio": 0.1738800304,
    "totalOtherIncomeExpensesNet": -459000000,
    "incomeBeforeTax": 915000000,
    "incomeBeforeTaxRatio": 0.11579347,
    "incomeTaxExpense": 201000000,
    "netIncome": 756000000,
    "netIncomeRatio": 0.0956719818,
    "eps": 1.02,
    "epsdiluted": 1.02,
    "weightedAverageShsOut": 736027000,
    "weightedAverageShsOutDil": 736902000,
    "link": "https://www.sec.gov/Archives/edgar/data/922224/000092222423000010/0000922224-23-000010-index.htm",
    "finalLink": "https://www.sec.gov/Archives/edgar/data/55387/000092222423000010/ppl-20221231.htm"
  },
  {
    "date": "2021-12-31",
    "symbol": "PPL",
    "reportedCurrency": "USD",
    "cik": "0000922224",
    "fillingDate": "2022-02-18",
    "acceptedDate": "2022-02-18 12:06:53",
    "calendarYear": "2021",
    "period": "FY",
    "revenue": 5783000000,
    "costOfRevenue": 3070000000,
    "grossProfit": 2713000000,
    "grossProfitRatio": 0.4691336676,
    "researchAndDevelopmentExpenses": 0,
    "generalAndAdministrativeExpenses": -21000000,
    "sellingAndMarketingExpenses": 0,
    "sellingGeneralAndAdministrativeExpenses": -21000000,
    "otherExpenses": 1310000000,
    "operatingExpenses": 1289000000,
    "costAndExpenses": 4359000000,
    "interestIncome": 12000000,
    "interestExpense": 918000000,
    "depreciationAndAmortization": 1121000000,
    "ebitda": 2560000000,
    "ebitdaratio": 0.4426768113,
    "operatingIncome": 1424000000,
    "operatingIncomeRatio": 0.2462389763,
    "totalOtherIncomeExpensesNet": -903000000,
    "incomeBeforeTax": 521000000,
    "incomeBeforeTaxRatio": 0.0900916479,
    "incomeTaxExpense": 503000000,
    "netIncome": -1480000000,
    "netIncomeRatio": -0.2559225316,
    "eps": -1.93,
    "epsdiluted": -1.93,
    "weightedAverageShsOut": 762902000,
    "weightedAverageShsOutDil": 764819000,
    "link": "https://www.sec.gov/Archives/edgar/data/922224/000092222422000005/0000922224-22-000005-index.htm",
    "finalLink": "https://www.sec.gov/Archives/edgar/data/55387/000092222422000005/ppl-20211231.htm"
  },
  {
    "date": "2020-12-31",
    "symbol": "PPL",
    "reportedCurrency": "USD",
    "cik": "0000922224",
    "fillingDate": "2021-02-18",
    "acceptedDate": "2021-02-18 13:43:55",
    "calendarYear": "2020",
    "period": "FY",
    "revenue": 5474000000,
    "costOfRevenue": 2686000000,
    "grossProfit": 2788000000,
    "grossProfitRatio": 0.5093167702,
    "researchAndDevelopmentExpenses": 0,
    "generalAndAdministrativeExpenses": 2000000,
    "sellingAndMarketingExpenses": 0,
    "sellingGeneralAndAdministrativeExpenses": 2000000,
    "otherExpenses": 1200000000,
    "operatingExpenses": 1202000000,
    "costAndExpenses": 3888000000,
    "interestIncome": 9000000,
    "interestExpense": 634000000,
    "depreciationAndAmortization": 1080000000,
    "ebitda": 2668000000,
    "ebitdaratio": 0.487394958,
    "operatingIncome": 1586000000,
    "operatingIncomeRatio": 0.2897332846,
    "totalOtherIncomeExpensesNet": -632000000,
    "incomeBeforeTax": 954000000,
    "incomeBeforeTaxRatio": 0.174278407,
    "incomeTaxExpense": 314000000,
    "netIncome": 1469000000,
    "netIncomeRatio": 0.2683595177,
    "eps": 1.91,
    "epsdiluted": 1.91,
    "weightedAverageShsOut": 768590000,
    "weightedAverageShsOutDil": 769384000,
    "link": "https://www.sec.gov/Archives/edgar/data/922224/000092222421000006/0000922224-21-000006-index.htm",
    "finalLink": "https://www.sec.gov/Archives/edgar/data/55387/000092222421000006/ppl-20201231.htm"
  },
  {
    "date": "2019-12-31",
    "symbol": "PPL",
    "reportedCurrency": "USD",
    "cik": "0000922224",
    "fillingDate": "2020-02-14",
    "acceptedDate": "2020-02-14 16:10:22",
    "calendarYear": "2019",
    "period": "FY",
    "revenue": 5602000000,
    "costOfRevenue": 2941000000,
    "grossProfit": 2661000000,
    "grossProfitRatio": 0.4750089254,
    "researchAndDevelopmentExpenses": 0,
    "generalAndAdministrativeExpenses": -8000000,
    "sellingAndMarketingExpenses": 0,
    "sellingGeneralAndAdministrativeExpenses": -8000000,
    "otherExpenses": 1143000000,
    "operatingExpenses": 1135000000,
    "costAndExpenses": 4076000000,
    "interestIncome": 15000000,
    "interestExpense": 621000000,
    "depreciationAndAmortization": 1007000000,
    "ebitda": 2547000000,
    "ebitdaratio": 0.4546590503,
    "operatingIncome": 1526000000,
    "operatingIncomeRatio": 0.2724027133,
    "totalOtherIncomeExpensesNet": -607000000,
    "incomeBeforeTax": 919000000,
    "incomeBeforeTaxRatio": 0.1640485541,
    "incomeTaxExpense": 183000000,
    "netIncome": 1746000000,
    "netIncomeRatio": 0.311674402,
    "eps": 2.39,
    "epsdiluted": 2.37,
    "weightedAverageShsOut": 728512000,
    "weightedAverageShsOutDil": 736754000,
    "link": "https://www.sec.gov/Archives/edgar/data/922224/000092222420000005/0000922224-20-000005-index.htm",
    "finalLink": "https://www.sec.gov/Archives/edgar/data/55387/000092222420000005/ppl-1231201910k.htm"
  },
  {
    "date": "2018-12-31",
    "symbol": "PPL",
    "reportedCurrency": "USD",
    "cik": "0000922224",
    "fillingDate": "2019-02-14",
    "acceptedDate": "2019-02-14 12:31:28",
    "calendarYear": "2018",
    "period": "FY",
    "revenue": 7785000000,
    "costOfRevenue": 3527000000,
    "grossProfit": 4258000000,
    "grossProfitRatio": 0.5469492614,
    "researchAndDevelopmentExpenses": 0,
    "generalAndAdministrativeExpenses": -257000000,
    "sellingAndMarketingExpenses": 0,
    "sellingGeneralAndAdministrativeExpenses": -257000000,
    "otherExpenses": 1663000000,
    "operatingExpenses": 1406000000,
    "costAndExpenses": 4933000000,
    "interestIncome": 6000000,
    "interestExpense": 963000000,
    "depreciationAndAmortization": 1172000000,
    "ebitda": 4420000000,
    "ebitdaratio": 0.56775851,
    "operatingIncome": 2852000000,
    "operatingIncomeRatio": 0.3663455363,
    "totalOtherIncomeExpensesNet": -567000000,
    "incomeBeforeTax": 2285000000,
    "incomeBeforeTaxRatio": 0.2935131663,
    "incomeTaxExpense": 458000000,
    "netIncome": 1827000000,
    "netIncomeRatio": 0.2346820809,
    "eps": 2.59,
    "epsdiluted": 2.58,
    "weightedAverageShsOut": 704439000,
    "weightedAverageShsOutDil": 708619000,
    "link": "https://www.sec.gov/Archives/edgar/data/922224/000092222419000015/0000922224-19-000015-index.htm",
    "finalLink": "https://www.sec.gov/Archives/edgar/data/55387/000092222419000015/ppl-1231201810k.htm"
  },
  {
    "date": "2017-12-31",
    "symbol": "PPL",
    "reportedCurrency": "USD",
    "cik": "0000922224",
    "fillingDate": "2018-02-22",
    "acceptedDate": "2018-02-22 12:04:11",
    "calendarYear": "2017",
    "period": "FY",
    "revenue": 7447000000,
    "costOfRevenue": 3246000000,
    "grossProfit": 4201000000,
    "grossProfitRatio": 0.5641197798,
    "researchAndDevelopmentExpenses": 0,
    "generalAndAdministrativeExpenses": -167000000,
    "sellingAndMarketingExpenses": 0,
    "sellingGeneralAndAdministrativeExpenses": -167000000,
    "otherExpenses": 1467000000,
    "operatingExpenses": 1300000000,
    "costAndExpenses": 4546000000,
    "interestIncome": 2000000,
    "interestExpense": 901000000,
    "depreciationAndAmortization": 1105000000,
    "ebitda": 3918000000,
    "ebitdaratio": 0.5261178998,
    "operatingIncome": 2901000000,
    "operatingIncomeRatio": 0.3895528401,
    "totalOtherIncomeExpensesNet": -989000000,
    "incomeBeforeTax": 1912000000,
    "incomeBeforeTaxRatio": 0.2567476836,
    "incomeTaxExpense": 784000000,
    "netIncome": 1128000000,
    "netIncomeRatio": 0.1514703908,
    "eps": 1.64,
    "epsdiluted": 1.64,
    "weightedAverageShsOut": 685240000,
    "weightedAverageShsOutDil": 687334000,
    "link": "https://www.sec.gov/Archives/edgar/data/922224/000092222418000023/0000922224-18-000023-index.htm",
    "finalLink": "https://www.sec.gov/Archives/edgar/data/55387/000092222418000023/ppl-1231201710k.htm"
  },
  {
    "date": "2016-12-31",
    "symbol": "PPL",
    "reportedCurrency": "USD",
    "cik": "0000922224",
    "fillingDate": "2017-02-17",
    "acceptedDate": "2017-02-17 11:38:11",
    "calendarYear": "2016",
    "period": "FY",
    "revenue": 7517000000,
    "costOfRevenue": 3354000000,
    "grossProfit": 4163000000,
    "grossProfitRatio": 0.5538113609,
    "researchAndDevelopmentExpenses": 0,
    "generalAndAdministrativeExpenses": -112000000,
    "sellingAndMarketingExpenses": 0,
    "sellingGeneralAndAdministrativeExpenses": -112000000,
    "otherExpenses": 1339000000,
    "operatingExpenses": 1227000000,
    "costAndExpenses": 4581000000,
    "interestIncome": 3000000,
    "interestExpense": 888000000,
    "depreciationAndAmortization": 1006000000,
    "ebitda": 4444000000,
    "ebitdaratio": 0.5911932952,
    "operatingIncome": 2936000000,
    "operatingIncomeRatio": 0.3905813489,
    "totalOtherIncomeExpensesNet": -386000000,
    "incomeBeforeTax": 2550000000,
    "incomeBeforeTaxRatio": 0.3392310762,
    "incomeTaxExpense": 648000000,
    "netIncome": 1902000000,
    "netIncomeRatio": 0.2530264733,
    "eps": 2.8,
    "epsdiluted": 2.79,
    "weightedAverageShsOut": 677592000,
    "weightedAverageShsOutDil": 680446000,
    "link": "https://www.sec.gov/Archives/edgar/data/922224/000092222417000010/0000922224-17-000010-index.htm",
    "finalLink": "https://www.sec.gov/Archives/edgar/data/55387/000092222417000010/ppl-1231201610k.htm"
  },
  {
    "date": "2015-12-31",
    "symbol": "PPL",
    "reportedCurrency": "USD",
    "cik": "0000922224",
    "fillingDate": "2016-02-19",
    "acceptedDate": "2016-02-19 17:15:38",
    "calendarYear": "2015",
    "period": "FY",
    "revenue": 7669000000,
    "costOfRevenue": 3656000000,
    "grossProfit": 4013000000,
    "grossProfitRatio": 0.5232755248,
    "researchAndDevelopmentExpenses": 0,
    "generalAndAdministrativeExpenses": 0,
    "sellingAndMarketingExpenses": 0,
    "sellingGeneralAndAdministrativeExpenses": 0,
    "otherExpenses": 1182000000,
    "operatingExpenses": 1182000000,
    "costAndExpenses": 4838000000,
    "interestIncome": 4000000,
    "interestExpense": 871000000,
    "depreciationAndAmortization": 942000000,
    "ebitda": 3881000000,
    "ebitdaratio": 0.506063372,
    "operatingIncome": 2831000000,
    "operatingIncomeRatio": 0.36914852,
    "totalOtherIncomeExpensesNet": -763000000,
    "incomeBeforeTax": 2068000000,
    "incomeBeforeTaxRatio": 0.2696570609,
    "incomeTaxExpense": 465000000,
    "netIncome": 682000000,
    "netIncomeRatio": 0.0889294563,
    "eps": 1.01,
    "epsdiluted": 1.01,
    "weightedAverageShsOut": 669814000,
    "weightedAverageShsOutDil": 672586000,
    "link": "https://www.sec.gov/Archives/edgar/data/922224/000092222416000130/0000922224-16-000130-index.htm",
    "finalLink": "https://www.sec.gov/Archives/edgar/data/55387/000092222416000130/form10k.htm"
  },
  {
    "date": "2014-12-31",
    "symbol": "PPL",
    "reportedCurrency": "USD",
    "cik": "0000922224",
    "fillingDate": "2015-02-23",
    "acceptedDate": "2015-02-23 14:38:24",
    "calendarYear": "2014",
    "period": "FY",
    "revenue": 7852000000,
    "costOfRevenue": 3745000000,
    "grossProfit": 4107000000,
    "grossProfitRatio": 0.5230514519,
    "researchAndDevelopmentExpenses": 0,
    "generalAndAdministrativeExpenses": 0,
    "sellingAndMarketingExpenses": 0,
    "sellingGeneralAndAdministrativeExpenses": 0,
    "otherExpenses": 1240000000,
    "operatingExpenses": 1240000000,
    "costAndExpenses": 4985000000,
    "interestIncome": 1000000,
    "interestExpense": 843000000,
    "depreciationAndAmortization": 988000000,
    "ebitda": 3960000000,
    "ebitdaratio": 0.504330107,
    "operatingIncome": 2867000000,
    "operatingIncomeRatio": 0.3651299032,
    "totalOtherIncomeExpensesNet": -738000000,
    "incomeBeforeTax": 2129000000,
    "incomeBeforeTaxRatio": 0.2711411105,
    "incomeTaxExpense": 692000000,
    "netIncome": 1737000000,
    "netIncomeRatio": 0.2212175242,
    "eps": 2.64,
    "epsdiluted": 2.61,
    "weightedAverageShsOut": 653504000,
    "weightedAverageShsOutDil": 665973000,
    "link": "https://www.sec.gov/Archives/edgar/data/922224/000092222415000016/0000922224-15-000016-index.htm",
    "finalLink": "https://www.sec.gov/Archives/edgar/data/55387/000092222415000016/form10k.htm"
  },
  {
    "date": "2013-12-31",
    "symbol": "PPL",
    "reportedCurrency": "USD",
    "cik": "0000922224",
    "fillingDate": "2014-02-24",
    "acceptedDate": "2014-02-24 15:42:54",
    "calendarYear": "2013",
    "period": "FY",
    "revenue": 7263000000,
    "costOfRevenue": 3561000000,
    "grossProfit": 3702000000,
    "grossProfitRatio": 0.5097067328,
    "researchAndDevelopmentExpenses": 0,
    "generalAndAdministrativeExpenses": 0,
    "sellingAndMarketingExpenses": 0,
    "sellingGeneralAndAdministrativeExpenses": 0,
    "otherExpenses": 1141000000,
    "operatingExpenses": 1141000000,
    "costAndExpenses": 4702000000,
    "interestIncome": 3000000,
    "interestExpense": 778000000,
    "depreciationAndAmortization": 909000000,
    "ebitda": 3415000000,
    "ebitdaratio": 0.470191381,
    "operatingIncome": 2561000000,
    "operatingIncomeRatio": 0.3526091147,
    "totalOtherIncomeExpensesNet": -833000000,
    "incomeBeforeTax": 1728000000,
    "incomeBeforeTaxRatio": 0.2379182156,
    "incomeTaxExpense": 360000000,
    "netIncome": 1130000000,
    "netIncomeRatio": 0.1555830924,
    "eps": 1.85,
    "epsdiluted": 1.76,
    "weightedAverageShsOut": 608983000,
    "weightedAverageShsOutDil": 663073000,
    "link": "https://www.sec.gov/Archives/edgar/data/922224/000092222414000024/0000922224-14-000024-index.htm",
    "finalLink": "https://www.sec.gov/Archives/edgar/data/55387/000092222414000024/form10k.htm"
  },
  {
    "date": "2012-12-31",
    "symbol": "PPL",
    "reportedCurrency": "USD",
    "cik": "0000922224",
    "fillingDate": "2013-02-28",
    "acceptedDate": "2013-02-28 17:21:55",
    "calendarYear": "2012",
    "period": "FY",
    "revenue": 12132000000,
    "costOfRevenue": 7667000000,
    "grossProfit": 4465000000,
    "grossProfitRatio": 0.3680349489,
    "researchAndDevelopmentExpenses": 0,
    "generalAndAdministrativeExpenses": 0,
    "sellingAndMarketingExpenses": 0,
    "sellingGeneralAndAdministrativeExpenses": 0,
    "otherExpenses": 1439000000,
    "operatingExpenses": 1439000000,
    "costAndExpenses": 9106000000,
    "interestIncome": 5000000,
    "interestExpense": 951000000,
    "depreciationAndAmortization": 1286000000,
    "ebitda": 4246000000,
    "ebitdaratio": 0.3499835147,
    "operatingIncome": 3026000000,
    "operatingIncomeRatio": 0.2494230135,
    "totalOtherIncomeExpensesNet": -1017000000,
    "incomeBeforeTax": 2009000000,
    "incomeBeforeTaxRatio": 0.1655951203,
    "incomeTaxExpense": 518000000,
    "netIncome": 1526000000,
    "netIncomeRatio": 0.1257830531,
    "eps": 2.61,
    "epsdiluted": 2.6,
    "weightedAverageShsOut": 580276000,
    "weightedAverageShsOutDil": 581626000,
    "link": "https://www.sec.gov/Archives/edgar/data/922224/000092222413000025/0000922224-13-000025-index.htm",
    "finalLink": "https://www.sec.gov/Archives/edgar/data/55387/000092222413000025/form10k.htm"
  },
  {
    "date": "2011-12-31",
    "symbol": "PPL",
    "reportedCurrency": "USD",
    "cik": "0000922224",
    "fillingDate": "2012-02-28",
    "acceptedDate": "2012-02-28 15:32:01",
    "calendarYear": "2011",
    "period": "FY",
    "revenue": 12737000000,
    "costOfRevenue": 8350000000,
    "grossProfit": 4387000000,
    "grossProfitRatio": 0.3444296145,
    "researchAndDevelopmentExpenses": 0,
    "generalAndAdministrativeExpenses": 0,
    "sellingAndMarketingExpenses": 0,
    "sellingGeneralAndAdministrativeExpenses": 0,
    "otherExpenses": 1286000000,
    "operatingExpenses": 1286000000,
    "costAndExpenses": 9636000000,
    "interestIncome": 7000000,
    "interestExpense": 898000000,
    "depreciationAndAmortization": 1215000000,
    "ebitda": 4314000000,
    "ebitdaratio": 0.3386982806,
    "operatingIncome": 3101000000,
    "operatingIncomeRatio": 0.243463924,
    "totalOtherIncomeExpensesNet": -900000000,
    "incomeBeforeTax": 2201000000,
    "incomeBeforeTaxRatio": 0.1728036429,
    "incomeTaxExpense": 691000000,
    "netIncome": 1495000000,
    "netIncomeRatio": 0.117374578,
    "eps": 2.61,
    "epsdiluted": 2.61,
    "weightedAverageShsOut": 550395000,
    "weightedAverageShsOutDil": 550952000,
    "link": "https://www.sec.gov/Archives/edgar/data/922224/000092222412000023/0000922224-12-000023-index.htm",
    "finalLink": "https://www.sec.gov/Archives/edgar/data/55387/000092222412000023/form10k.htm"
  },
  {
    "date": "2010-12-31",
    "symbol": "PPL",
    "reportedCurrency": "USD",
    "cik": "0000922224",
    "fillingDate": "2011-02-28",
    "acceptedDate": "2011-02-25 21:53:44",
    "calendarYear": "2010",
    "period": "FY",
    "revenue": 8521000000,
    "costOfRevenue": 5861000000,
    "grossProfit": 2660000000,
    "grossProfitRatio": 0.3121699331,
    "researchAndDevelopmentExpenses": 0,
    "generalAndAdministrativeExpenses": 0,
    "sellingAndMarketingExpenses": 0,
    "sellingGeneralAndAdministrativeExpenses": 0,
    "otherExpenses": 794000000,
    "operatingExpenses": 794000000,
    "costAndExpenses": 6655000000,
    "interestIncome": 8000000,
    "interestExpense": 593000000,
    "depreciationAndAmortization": 780000000,
    "ebitda": 2612000000,
    "ebitdaratio": 0.3065367915,
    "operatingIncome": 1866000000,
    "operatingIncomeRatio": 0.2189883816,
    "totalOtherIncomeExpensesNet": -627000000,
    "incomeBeforeTax": 1239000000,
    "incomeBeforeTaxRatio": 0.1454054688,
    "incomeTaxExpense": 263000000,
    "netIncome": 938000000,
    "netIncomeRatio": 0.1100809764,
    "eps": 2.17,
    "epsdiluted": 2.17,
    "weightedAverageShsOut": 431345000,
    "weightedAverageShsOutDil": 431569000,
    "link": "https://www.sec.gov/Archives/edgar/data/922224/000092222411000029/0000922224-11-000029-index.htm",
    "finalLink": "https://www.sec.gov/Archives/edgar/data/317187/000092222411000029/form10k.htm"
  },
  {
    "date": "2009-12-31",
    "symbol": "PPL",
    "reportedCurrency": "USD",
    "cik": "0000922224",
    "fillingDate": "2010-02-26",
    "acceptedDate": "2010-02-25 18:25:59",
    "calendarYear": "2009",
    "period": "FY",
    "revenue": 7449000000,
    "costOfRevenue": 3700000000,
    "grossProfit": 3749000000,
    "grossProfitRatio": 0.5032890321,
    "researchAndDevelopmentExpenses": 0,
    "generalAndAdministrativeExpenses": 0,
    "sellingAndMarketingExpenses": 0,
    "sellingGeneralAndAdministrativeExpenses": 0,
    "otherExpenses": 2853000000,
    "operatingExpenses": 2853000000,
    "costAndExpenses": 6553000000,
    "interestIncome": 0,
    "interestExpense": 387000000,
    "depreciationAndAmortization": 860000000,
    "ebitda": 1785000000,
    "ebitdaratio": 0.2396294805,
    "operatingIncome": 896000000,
    "operatingIncomeRatio": 0.120284602,
    "totalOtherIncomeExpensesNet": -358000000,
    "incomeBeforeTax": 538000000,
    "incomeBeforeTaxRatio": 0.0722244597,
    "incomeTaxExpense": 105000000,
    "netIncome": 407000000,
    "netIncomeRatio": 0.0546382065,
    "eps": 1.08,
    "epsdiluted": 1.08,
    "weightedAverageShsOut": 376082000,
    "weightedAverageShsOutDil": 376406000,
    "link": "https://www.sec.gov/Archives/edgar/data/922224/000092222410000012/0000922224-10-000012-index.htm",
    "finalLink": "https://www.sec.gov/Archives/edgar/data/317187/000092222410000012/form10k.htm"
  },
  {
    "date": "2008-12-31",
    "symbol": "PPL",
    "reportedCurrency": "USD",
    "cik": "0000922224",
    "fillingDate": "2009-02-27",
    "acceptedDate": "2009-02-27 14:44:15",
    "calendarYear": "2008",
    "period": "FY",
    "revenue": 8007000000,
    "costOfRevenue": 4987000000,
    "grossProfit": 3020000000,
    "grossProfitRatio": 0.3771699763,
    "researchAndDevelopmentExpenses": 0,
    "generalAndAdministrativeExpenses": 0,
    "sellingAndMarketingExpenses": 0,
    "sellingGeneralAndAdministrativeExpenses": 0,
    "otherExpenses": 1227000000,
    "operatingExpenses": 1227000000,
    "costAndExpenses": 6214000000,
    "interestIncome": 0,
    "interestExpense": 455000000,
    "depreciationAndAmortization": 461000000,
    "ebitda": 2273000000,
    "ebitdaratio": 0.283876608,
    "operatingIncome": 1793000000,
    "operatingIncomeRatio": 0.2239290621,
    "totalOtherIncomeExpensesNet": -436000000,
    "incomeBeforeTax": 1357000000,
    "incomeBeforeTaxRatio": 0.1694767079,
    "incomeTaxExpense": 430000000,
    "netIncome": 930000000,
    "netIncomeRatio": 0.1161483702,
    "eps": 2.48,
    "epsdiluted": 2.47,
    "weightedAverageShsOut": 373626000,
    "weightedAverageShsOutDil": 374901000,
    "link": "https://www.sec.gov/Archives/edgar/data/922224/000092222409000020/0000922224-09-000020-index.htm",
    "finalLink": "https://www.sec.gov/Archives/edgar/data/317187/000092222409000020/form10k2008.htm"
  },
  {
    "date": "2007-12-31",
    "symbol": "PPL",
    "reportedCurrency": "USD",
    "cik": "0000922224",
    "fillingDate": "2008-02-29",
    "acceptedDate": "2008-02-29 07:25:52",
    "calendarYear": "2007",
    "period": "FY",
    "revenue": 6498000000,
    "costOfRevenue": 1626000000,
    "grossProfit": 4872000000,
    "grossProfitRatio": 0.7497691597,
    "researchAndDevelopmentExpenses": 0,
    "generalAndAdministrativeExpenses": 0,
    "sellingAndMarketingExpenses": 1472000000,
    "sellingGeneralAndAdministrativeExpenses": 0,
    "otherExpenses": 3189000000,
    "operatingExpenses": 3189000000,
    "costAndExpenses": 4815000000,
    "interestIncome": 0,
    "interestExpense": 0,
    "depreciationAndAmortization": 891000000,
    "ebitda": 2574000000,
    "ebitdaratio": 0.3961218837,
    "operatingIncome": 1683000000,
    "operatingIncomeRatio": 0.2590027701,
    "totalOtherIncomeExpensesNet": -382000000,
    "incomeBeforeTax": 1301000000,
    "incomeBeforeTaxRatio": 0.2002154509,
    "incomeTaxExpense": 270000000,
    "netIncome": 1306000000,
    "netIncomeRatio": 0.2009849184,
    "eps": 3.39,
    "epsdiluted": 3.35,
    "weightedAverageShsOut": 379941003,
    "weightedAverageShsOutDil": 384477612,
    "link": "https://www.sec.gov/Archives/edgar/data/922224/000092222408000013/0000922224-08-000013-index.htm",
    "finalLink": "https://www.sec.gov/Archives/edgar/data/317187/000092222408000013/ppl10k2007.htm"
  },
  {
    "date": "2006-12-31",
    "symbol": "PPL",
    "reportedCurrency": "USD",
    "cik": "0000922224",
    "fillingDate": "2007-02-28",
    "acceptedDate": "2007-02-28 10:45:04",
    "calendarYear": "2006",
    "period": "FY",
    "revenue": 6131000000,
    "costOfRevenue": 763000000,
    "grossProfit": 5368000000,
    "grossProfitRatio": 0.8755504812,
    "researchAndDevelopmentExpenses": 0,
    "generalAndAdministrativeExpenses": 0,
    "sellingAndMarketingExpenses": 1532000000,
    "sellingGeneralAndAdministrativeExpenses": 0,
    "otherExpenses": 3859000000,
    "operatingExpenses": 3859000000,
    "costAndExpenses": 4622000000,
    "interestIncome": 0,
    "interestExpense": 0,
    "depreciationAndAmortization": 755000000,
    "ebitda": 2264000000,
    "ebitdaratio": 0.3692709183,
    "operatingIncome": 1509000000,
    "operatingIncomeRatio": 0.2461262437,
    "totalOtherIncomeExpensesNet": -388000000,
    "incomeBeforeTax": 1121000000,
    "incomeBeforeTaxRatio": 0.1828412983,
    "incomeTaxExpense": 268000000,
    "netIncome": 827000000,
    "netIncomeRatio": 0.1348882727,
    "eps": 2.27,
    "epsdiluted": 2.24,
    "weightedAverageShsOut": 358149780,
    "weightedAverageShsOutDil": 362946429,
    "link": "https://www.sec.gov/Archives/edgar/data/922224/000092222407000030/0000922224-07-000030-index.htm",
    "finalLink": "https://www.sec.gov/Archives/edgar/data/317187/000092222407000030/ppl10-k2006.htm"
  },
  {
    "date": "2005-12-31",
    "symbol": "PPL",
    "reportedCurrency": "USD",
    "cik": "0000922224",
    "fillingDate": "2006-03-03",
    "acceptedDate": "2006-03-03 10:33:35",
    "calendarYear": "2005",
    "period": "FY",
    "revenue": 5539000000,
    "costOfRevenue": 796000000,
    "grossProfit": 4743000000,
    "grossProfitRatio": 0.8562917494,
    "researchAndDevelopmentExpenses": 0,
    "generalAndAdministrativeExpenses": 0,
    "sellingAndMarketingExpenses": 1128000000,
    "sellingGeneralAndAdministrativeExpenses": 0,
    "otherExpenses": 3470000000,
    "operatingExpenses": 3470000000,
    "costAndExpenses": 4266000000,
    "interestIncome": 0,
    "interestExpense": 0,
    "depreciationAndAmortization": 721000000,
    "ebitda": 1994000000,
    "ebitdaratio": 0.3599927785,
    "operatingIncome": 1273000000,
    "operatingIncomeRatio": 0.2298248781,
    "totalOtherIncomeExpensesNet": -452000000,
    "incomeBeforeTax": 821000000,
    "incomeBeforeTaxRatio": 0.1482217007,
    "incomeTaxExpense": 128000000,
    "netIncome": 678000000,
    "netIncomeRatio": 0.1224047662,
    "eps": 1.67,
    "epsdiluted": 1.65,
    "weightedAverageShsOut": 404790419,
    "weightedAverageShsOutDil": 409696970,
    "link": "https://www.sec.gov/Archives/edgar/data/922224/000092222406000018/0000922224-06-000018-index.htm",
    "finalLink": "https://www.sec.gov/Archives/edgar/data/317187/000092222406000018/ppl10-k2005.htm"
  },
  {
    "date": "2004-12-31",
    "symbol": "PPL",
    "reportedCurrency": "USD",
    "cik": "0000922224",
    "fillingDate": "2005-03-01",
    "acceptedDate": "2005-03-01 16:28:14",
    "calendarYear": "2004",
    "period": "FY",
    "revenue": 5754000000,
    "costOfRevenue": 1636000000,
    "grossProfit": 4118000000,
    "grossProfitRatio": 0.7156760514,
    "researchAndDevelopmentExpenses": 0,
    "generalAndAdministrativeExpenses": 0,
    "sellingAndMarketingExpenses": 1247000000,
    "sellingGeneralAndAdministrativeExpenses": 0,
    "otherExpenses": 2712000000,
    "operatingExpenses": 2712000000,
    "costAndExpenses": 4348000000,
    "interestIncome": 0,
    "interestExpense": 0,
    "depreciationAndAmortization": 691000000,
    "ebitda": 2097000000,
    "ebitdaratio": 0.3644421272,
    "operatingIncome": 1406000000,
    "operatingIncomeRatio": 0.2443517553,
    "totalOtherIncomeExpensesNet": -497000000,
    "incomeBeforeTax": 909000000,
    "incomeBeforeTaxRatio": 0.1579770594,
    "incomeTaxExpense": 201000000,
    "netIncome": 696000000,
    "netIncomeRatio": 0.1209593326,
    "eps": 1.89,
    "epsdiluted": 1.87,
    "weightedAverageShsOut": 368253968,
    "weightedAverageShsOutDil": 372192513,
    "link": "https://www.sec.gov/Archives/edgar/data/922224/000092222405000010/0000922224-05-000010-index.htm",
    "finalLink": "https://www.sec.gov/Archives/edgar/data/317187/000092222405000010/ppl10k_2004.htm"
  },
  {
    "date": "2003-12-31",
    "symbol": "PPL",
    "reportedCurrency": "USD",
    "cik": "0000922224",
    "fillingDate": "2004-03-01",
    "acceptedDate": "2004-03-01 15:26:08",
    "calendarYear": "2003",
    "period": "FY",
    "revenue": 5585000000,
    "costOfRevenue": 1651000000,
    "grossProfit": 3934000000,
    "grossProfitRatio": 0.7043867502,
    "researchAndDevelopmentExpenses": 0,
    "generalAndAdministrativeExpenses": 0,
    "sellingAndMarketingExpenses": 1214000000,
    "sellingGeneralAndAdministrativeExpenses": 0,
    "otherExpenses": 2568000000,
    "operatingExpenses": 2568000000,
    "costAndExpenses": 4219000000,
    "interestIncome": 0,
    "interestExpense": 0,
    "depreciationAndAmortization": 624000000,
    "ebitda": 2002000000,
    "ebitdaratio": 0.3584601611,
    "operatingIncome": 1366000000,
    "operatingIncomeRatio": 0.2445837064,
    "totalOtherIncomeExpensesNet": -425000000,
    "incomeBeforeTax": 941000000,
    "incomeBeforeTaxRatio": 0.1684870188,
    "incomeTaxExpense": 179000000,
    "netIncome": 763000000,
    "netIncomeRatio": 0.1366159355,
    "eps": 2.22,
    "epsdiluted": 2.17,
    "weightedAverageShsOut": 343693694,
    "weightedAverageShsOutDil": 350804598,
    "link": "https://www.sec.gov/Archives/edgar/data/922224/000092222404000011/0000922224-04-000011-index.htm",
    "finalLink": "https://www.sec.gov/Archives/edgar/data/317187/000092222404000011/ppl10k_2003.htm"
  },
  {
    "date": "2002-12-31",
    "symbol": "PPL",
    "reportedCurrency": "USD",
    "cik": "0000922224",
    "fillingDate": "2003-03-03",
    "acceptedDate": "2003-03-03 17:25:33",
    "calendarYear": "2002",
    "period": "FY",
    "revenue": 5481000000,
    "costOfRevenue": 1500000000,
    "grossProfit": 3981000000,
    "grossProfitRatio": 0.7263273125,
    "researchAndDevelopmentExpenses": 0,
    "generalAndAdministrativeExpenses": 0,
    "sellingAndMarketingExpenses": 993000000,
    "sellingGeneralAndAdministrativeExpenses": 0,
    "otherExpenses": 2735000000,
    "operatingExpenses": 2735000000,
    "costAndExpenses": 4235000000,
    "interestIncome": 0,
    "interestExpense": 0,
    "depreciationAndAmortization": 487000000,
    "ebitda": 1839000000,
    "ebitdaratio": 0.3355227148,
    "operatingIncome": 1246000000,
    "operatingIncomeRatio": 0.2273307791,
    "totalOtherIncomeExpensesNet": -609000000,
    "incomeBeforeTax": 637000000,
    "incomeBeforeTaxRatio": 0.1162196679,
    "incomeTaxExpense": 210000000,
    "netIncome": 275000000,
    "netIncomeRatio": 0.050173326,
    "eps": 0.69,
    "epsdiluted": 0.68,
    "weightedAverageShsOut": 303649635,
    "weightedAverageShsOutDil": 305882353,
    "link": "https://www.sec.gov/Archives/edgar/data/922224/000092222403000007/0000922224-03-000007-index.htm",
    "finalLink": "https://www.sec.gov/Archives/edgar/data/317187/000092222403000007/ppl10k_2002.htm"
  },
  {
    "date": "2001-12-31",
    "symbol": "PPL",
    "reportedCurrency": "USD",
    "cik": "0000922224",
    "fillingDate": "2002-03-01",
    "acceptedDate": "2002-03-01 00:00:00",
    "calendarYear": "2001",
    "period": "FY",
    "revenue": 5115000000,
    "costOfRevenue": 1513000000,
    "grossProfit": 3602000000,
    "grossProfitRatio": 0.7042033236,
    "researchAndDevelopmentExpenses": 0,
    "generalAndAdministrativeExpenses": 0,
    "sellingAndMarketingExpenses": 1712000000,
    "sellingGeneralAndAdministrativeExpenses": 0,
    "otherExpenses": 2752000000,
    "operatingExpenses": 2752000000,
    "costAndExpenses": 4265000000,
    "interestIncome": 0,
    "interestExpense": 0,
    "depreciationAndAmortization": 490000000,
    "ebitda": 1367000000,
    "ebitdaratio": 0.2672531769,
    "operatingIncome": 850000000,
    "operatingIncomeRatio": 0.1661779081,
    "totalOtherIncomeExpensesNet": -368000000,
    "incomeBeforeTax": 482000000,
    "incomeBeforeTaxRatio": 0.0942326491,
    "incomeTaxExpense": 261000000,
    "netIncome": 231000000,
    "netIncomeRatio": 0.0451612903,
    "eps": 0.61,
    "epsdiluted": 0.61,
    "weightedAverageShsOut": 293442623,
    "weightedAverageShsOutDil": 293442623,
    "link": "https://www.sec.gov/Archives/edgar/data/922224/000092222402000003/0000922224-02-000003-index.htm",
    "finalLink": "https://www.sec.gov/Archives/edgar/data/317187/000092222402000003/ppl10k_2001.htm"
  },
  {
    "date": "2000-12-31",
    "symbol": "PPL",
    "reportedCurrency": "USD",
    "cik": "0000922224",
    "fillingDate": "2001-03-01",
    "acceptedDate": "2001-03-01 00:00:00",
    "calendarYear": "2000",
    "period": "FY",
    "revenue": 4545000000,
    "costOfRevenue": 1322000000,
    "grossProfit": 3223000000,
    "grossProfitRatio": 0.7091309131,
    "researchAndDevelopmentExpenses": 0,
    "generalAndAdministrativeExpenses": 0,
    "sellingAndMarketingExpenses": 0,
    "sellingGeneralAndAdministrativeExpenses": 0,
    "otherExpenses": 2029000000,
    "operatingExpenses": 2029000000,
    "costAndExpenses": 3351000000,
    "interestIncome": 0,
    "interestExpense": 0,
    "depreciationAndAmortization": 382000000,
    "ebitda": 1576000000,
    "ebitdaratio": 0.3467546755,
    "operatingIncome": 1194000000,
    "operatingIncomeRatio": 0.2627062706,
    "totalOtherIncomeExpensesNet": -387000000,
    "incomeBeforeTax": 807000000,
    "incomeBeforeTaxRatio": 0.1775577558,
    "incomeTaxExpense": 294000000,
    "netIncome": 524000000,
    "netIncomeRatio": 0.1152915292,
    "eps": 1.73,
    "epsdiluted": 1.72,
    "weightedAverageShsOut": 288695652,
    "weightedAverageShsOutDil": 289534884,
    "link": "https://www.sec.gov/Archives/edgar/data/922224/000103605001000345/0001036050-01-000345-index.htm",
    "finalLink": "https://www.sec.gov/Archives/edgar/data/922224/000103605001000345/0001036050-01-000345-0001.txt"
  },
  {
    "date": "1999-12-31",
    "symbol": "PPL",
    "reportedCurrency": "USD",
    "cik": "0000922224",
    "fillingDate": "2000-06-28",
    "acceptedDate": "2000-06-28 00:00:00",
    "calendarYear": "1999",
    "period": "FY",
    "revenue": 4590000000,
    "costOfRevenue": 2010000000,
    "grossProfit": 2580000000,
    "grossProfitRatio": 0.5620915033,
    "researchAndDevelopmentExpenses": 0,
    "generalAndAdministrativeExpenses": 0,
    "sellingAndMarketingExpenses": 0,
    "sellingGeneralAndAdministrativeExpenses": 0,
    "otherExpenses": 1708000000,
    "operatingExpenses": 1708000000,
    "costAndExpenses": 3718000000,
    "interestIncome": 0,
    "interestExpense": 0,
    "depreciationAndAmortization": 212000000,
    "ebitda": 1084000000,
    "ebitdaratio": 0.2361655773,
    "operatingIncome": 872000000,
    "operatingIncomeRatio": 0.1899782135,
    "totalOtherIncomeExpensesNet": -194000000,
    "incomeBeforeTax": 678000000,
    "incomeBeforeTaxRatio": 0.1477124183,
    "incomeTaxExpense": 174000000,
    "netIncome": 458000000,
    "netIncomeRatio": 0.0997821351,
    "eps": 1.42,
    "epsdiluted": 1.42,
    "weightedAverageShsOut": 304225352,
    "weightedAverageShsOutDil": 304225352,
    "link": "https://www.sec.gov/Archives/edgar/data/922224/000103605000001201/0001036050-00-001201-index.htm",
    "finalLink": "https://www.sec.gov/Archives/edgar/data/922224/000103605000001201/0001036050-00-001201-0001.txt"
  },
  {
    "date": "1998-12-31",
    "symbol": "PPL",
    "reportedCurrency": "USD",
    "cik": "0000922224",
    "fillingDate": "1999-03-03",
    "acceptedDate": "1999-03-03 00:00:00",
    "calendarYear": "1998",
    "period": "FY",
    "revenue": 3786000000,
    "costOfRevenue": 1553000000,
    "grossProfit": 2233000000,
    "grossProfitRatio": 0.5898045431,
    "researchAndDevelopmentExpenses": 0,
    "generalAndAdministrativeExpenses": 0,
    "sellingAndMarketingExpenses": 0,
    "sellingGeneralAndAdministrativeExpenses": 0,
    "otherExpenses": 1313000000,
    "operatingExpenses": 1313000000,
    "costAndExpenses": 2866000000,
    "interestIncome": 0,
    "interestExpense": 0,
    "depreciationAndAmortization": 396000000,
    "ebitda": 1316000000,
    "ebitdaratio": 0.3475964078,
    "operatingIncome": 920000000,
    "operatingIncomeRatio": 0.2430005283,
    "totalOtherIncomeExpensesNet": -257000000,
    "incomeBeforeTax": 663000000,
    "incomeBeforeTaxRatio": 0.175118859,
    "incomeTaxExpense": 259000000,
    "netIncome": -544000000,
    "netIncomeRatio": -0.1436872689,
    "eps": -1.73,
    "epsdiluted": -1.73,
    "weightedAverageShsOut": 328901734,
    "weightedAverageShsOutDil": 334010152,
    "link": "https://www.sec.gov/Archives/edgar/data/922224/000103605099000403/0001036050-99-000403-index.html",
    "finalLink": "https://www.sec.gov/Archives/edgar/data/922224/"
  },
  {
    "date": "1997-12-31",
    "symbol": "PPL",
    "reportedCurrency": "USD",
    "cik": "0000922224",
    "fillingDate": "1998-03-03",
    "acceptedDate": "1998-03-03 00:00:00",
    "calendarYear": "1997",
    "period": "FY",
    "revenue": 3077000000,
    "costOfRevenue": 980000000,
    "grossProfit": 2097000000,
    "grossProfitRatio": 0.6815079623,
    "researchAndDevelopmentExpenses": 0,
    "generalAndAdministrativeExpenses": 0,
    "sellingAndMarketingExpenses": 0,
    "sellingGeneralAndAdministrativeExpenses": 0,
    "otherExpenses": 1297000000,
    "operatingExpenses": 1297000000,
    "costAndExpenses": 2277000000,
    "interestIncome": 0,
    "interestExpense": 0,
    "depreciationAndAmortization": 0,
    "ebitda": 1253000000,
    "ebitdaratio": 0.4072148196,
    "operatingIncome": 800000000,
    "operatingIncomeRatio": 0.2599935002,
    "totalOtherIncomeExpensesNet": -243000000,
    "incomeBeforeTax": 557000000,
    "incomeBeforeTaxRatio": 0.1810204745,
    "incomeTaxExpense": 237000000,
    "netIncome": 320000000,
    "netIncomeRatio": 0.1039974001,
    "eps": 0.9,
    "epsdiluted": 0.9,
    "weightedAverageShsOut": 328888889,
    "weightedAverageShsOutDil": 328888889,
    "link": "https://www.sec.gov/Archives/edgar/data/922224/000092222498000009/0000922224-98-000009-index.html",
    "finalLink": "https://www.sec.gov/Archives/edgar/data/922224/"
  },
  {
    "date": "1996-12-31",
    "symbol": "PPL",
    "reportedCurrency": "USD",
    "cik": "0000922224",
    "fillingDate": "1997-02-28",
    "acceptedDate": "1997-02-28 00:00:00",
    "calendarYear": "1996",
    "period": "FY",
    "revenue": 2910000000,
    "costOfRevenue": 800000000,
    "grossProfit": 2110000000,
    "grossProfitRatio": 0.7250859107,
    "researchAndDevelopmentExpenses": 0,
    "generalAndAdministrativeExpenses": 0,
    "sellingAndMarketingExpenses": 0,
    "sellingGeneralAndAdministrativeExpenses": 0,
    "otherExpenses": 1301000000,
    "operatingExpenses": 1301000000,
    "costAndExpenses": 2101000000,
    "interestIncome": 0,
    "interestExpense": 0,
    "depreciationAndAmortization": 0,
    "ebitda": 1246000000,
    "ebitdaratio": 0.4281786942,
    "operatingIncome": 809000000,
    "operatingIncomeRatio": 0.2780068729,
    "totalOtherIncomeExpensesNet": -199000000,
    "incomeBeforeTax": 610000000,
    "incomeBeforeTaxRatio": 0.2096219931,
    "incomeTaxExpense": 253000000,
    "netIncome": 357000000,
    "netIncomeRatio": 0.1226804124,
    "eps": 1.02,
    "epsdiluted": 1.02,
    "weightedAverageShsOut": 320975610,
    "weightedAverageShsOutDil": 320975610,
    "link": "https://www.sec.gov/Archives/edgar/data/922224/000092222497000002/0000922224-97-000002-index.html",
    "finalLink": "https://www.sec.gov/Archives/edgar/data/922224/"
  },
  {
    "date": "1995-12-31",
    "symbol": "PPL",
    "reportedCurrency": "USD",
    "cik": "0000922224",
    "fillingDate": "1996-03-01",
    "acceptedDate": "1996-03-01 00:00:00",
    "calendarYear": "1995",
    "period": "FY",
    "revenue": 2751800000,
    "costOfRevenue": 729200000,
    "grossProfit": 2022600000,
    "grossProfitRatio": 0.7350098118,
    "researchAndDevelopmentExpenses": 0,
    "generalAndAdministrativeExpenses": 0,
    "sellingAndMarketingExpenses": 0,
    "sellingGeneralAndAdministrativeExpenses": 0,
    "otherExpenses": 1187200000,
    "operatingExpenses": 1187200000,
    "costAndExpenses": 1916400000,
    "interestIncome": 0,
    "interestExpense": 0,
    "depreciationAndAmortization": 0,
    "ebitda": 1228500000,
    "ebitdaratio": 0.4464350607,
    "operatingIncome": 835400000,
    "operatingIncomeRatio": 0.3035831092,
    "totalOtherIncomeExpensesNet": -199400000,
    "incomeBeforeTax": 636000000,
    "incomeBeforeTaxRatio": 0.2311214478,
    "incomeTaxExpense": 285500000,
    "netIncome": 350500000,
    "netIncomeRatio": 0.1273711752,
    "eps": 1.02,
    "epsdiluted": 1.02,
    "weightedAverageShsOut": 314829268,
    "weightedAverageShsOutDil": 314829268,
    "link": "https://www.sec.gov/Archives/edgar/data/922224/000092222496000002/0000922224-96-000002-index.html",
    "finalLink": "https://www.sec.gov/Archives/edgar/data/922224/"
  },
  {
    "date": "1994-12-31",
    "symbol": "PPL",
    "reportedCurrency": "USD",
    "cik": "0000922224",
    "fillingDate": "1994-12-31",
    "acceptedDate": "1994-12-30 19:00:00",
    "calendarYear": "1994",
    "period": "FY",
    "revenue": 2725100000,
    "costOfRevenue": 0,
    "grossProfit": 0,
    "grossProfitRatio": 0,
    "researchAndDevelopmentExpenses": 0,
    "generalAndAdministrativeExpenses": 0,
    "sellingAndMarketingExpenses": 0,
    "sellingGeneralAndAdministrativeExpenses": 0,
    "otherExpenses": 2725100000,
    "operatingExpenses": 2725100000,
    "costAndExpenses": 2725100000,
    "interestIncome": 0,
    "interestExpense": 0,
    "depreciationAndAmortization": 0,
    "ebitda": 2725100000,
    "ebitdaratio": 1,
    "operatingIncome": 2725100000,
    "operatingIncomeRatio": 1,
    "totalOtherIncomeExpensesNet": -2725100000,
    "incomeBeforeTax": 0,
    "incomeBeforeTaxRatio": 0,
    "incomeTaxExpense": 0,
    "netIncome": 244300000,
    "netIncomeRatio": 0.0896480863,
    "eps": 0.71,
    "epsdiluted": 0.71,
    "weightedAverageShsOut": 306241135,
    "weightedAverageShsOutDil": 306241135,
    "link": "",
    "finalLink": ""
  },
  {
    "date": "1993-12-31",
    "symbol": "PPL",
    "reportedCurrency": "USD",
    "cik": "0000922224",
    "fillingDate": "1993-12-31",
    "acceptedDate": "1993-12-30 19:00:00",
    "calendarYear": "1993",
    "period": "FY",
    "revenue": 2727000000,
    "costOfRevenue": 0,
    "grossProfit": 0,
    "grossProfitRatio": 0,
    "researchAndDevelopmentExpenses": 0,
    "generalAndAdministrativeExpenses": 0,
    "sellingAndMarketingExpenses": 0,
    "sellingGeneralAndAdministrativeExpenses": 0,
    "otherExpenses": 2727000000,
    "operatingExpenses": 2727000000,
    "costAndExpenses": 2727000000,
    "interestIncome": 0,
    "interestExpense": 0,
    "depreciationAndAmortization": 0,
    "ebitda": 2727000000,
    "ebitdaratio": 1,
    "operatingIncome": 2727000000,
    "operatingIncomeRatio": 1,
    "totalOtherIncomeExpensesNet": -2727000000,
    "incomeBeforeTax": 0,
    "incomeBeforeTaxRatio": 0,
    "incomeTaxExpense": 0,
    "netIncome": 348100000,
    "netIncomeRatio": 0.1276494316,
    "eps": 1.03,
    "epsdiluted": 1.03,
    "weightedAverageShsOut": 303574879,
    "weightedAverageShsOutDil": 303574879,
    "link": "",
    "finalLink": ""
  },
  {
    "date": "1992-12-31",
    "symbol": "PPL",
    "reportedCurrency": "USD",
    "cik": "0000922224",
    "fillingDate": "1992-12-31",
    "acceptedDate": "1992-12-30 19:00:00",
    "calendarYear": "1992",
    "period": "FY",
    "revenue": 2744100000,
    "costOfRevenue": 0,
    "grossProfit": 0,
    "grossProfitRatio": 0,
    "researchAndDevelopmentExpenses": 0,
    "generalAndAdministrativeExpenses": 0,
    "sellingAndMarketingExpenses": 0,
    "sellingGeneralAndAdministrativeExpenses": 0,
    "otherExpenses": 2744100000,
    "operatingExpenses": 2744100000,
    "costAndExpenses": 2744100000,
    "interestIncome": 0,
    "interestExpense": 0,
    "depreciationAndAmortization": 0,
    "ebitda": 2744100000,
    "ebitdaratio": 1,
    "operatingIncome": 2744100000,
    "operatingIncomeRatio": 1,
    "totalOtherIncomeExpensesNet": -2744100000,
    "incomeBeforeTax": 0,
    "incomeBeforeTaxRatio": 0,
    "incomeTaxExpense": 0,
    "netIncome": 346700000,
    "netIncomeRatio": 0.1263437921,
    "eps": 1.01,
    "epsdiluted": 1.01,
    "weightedAverageShsOut": 303168317,
    "weightedAverageShsOutDil": 303168317,
    "link": "",
    "finalLink": ""
  },
  {
    "date": "1991-12-31",
    "symbol": "PPL",
    "reportedCurrency": "USD",
    "cik": "0000922224",
    "fillingDate": "1991-12-31",
    "acceptedDate": "1991-12-30 19:00:00",
    "calendarYear": "1991",
    "period": "FY",
    "revenue": 2559700000,
    "costOfRevenue": 0,
    "grossProfit": 0,
    "grossProfitRatio": 0,
    "researchAndDevelopmentExpenses": 0,
    "generalAndAdministrativeExpenses": 0,
    "sellingAndMarketingExpenses": 0,
    "sellingGeneralAndAdministrativeExpenses": 0,
    "otherExpenses": 2559700000,
    "operatingExpenses": 2559700000,
    "costAndExpenses": 2559700000,
    "interestIncome": 0,
    "interestExpense": 0,
    "depreciationAndAmortization": 0,
    "ebitda": 2559700000,
    "ebitdaratio": 1,
    "operatingIncome": 2559700000,
    "operatingIncomeRatio": 1,
    "totalOtherIncomeExpensesNet": -2559700000,
    "incomeBeforeTax": 0,
    "incomeBeforeTaxRatio": 0,
    "incomeTaxExpense": 0,
    "netIncome": 348400000,
    "netIncomeRatio": 0.1361097004,
    "eps": 1,
    "epsdiluted": 1,
    "weightedAverageShsOut": 302189055,
    "weightedAverageShsOutDil": 302189055,
    "link": "",
    "finalLink": ""
  },
  {
    "date": "1990-12-31",
    "symbol": "PPL",
    "reportedCurrency": "USD",
    "cik": "0000922224",
    "fillingDate": "1990-12-31",
    "acceptedDate": "1990-12-30 19:00:00",
    "calendarYear": "1990",
    "period": "FY",
    "revenue": 2388700000,
    "costOfRevenue": 0,
    "grossProfit": 0,
    "grossProfitRatio": 0,
    "researchAndDevelopmentExpenses": 0,
    "generalAndAdministrativeExpenses": 0,
    "sellingAndMarketingExpenses": 0,
    "sellingGeneralAndAdministrativeExpenses": 0,
    "otherExpenses": 2388700000,
    "operatingExpenses": 2388700000,
    "costAndExpenses": 2388700000,
    "interestIncome": 0,
    "interestExpense": 0,
    "depreciationAndAmortization": 0,
    "ebitda": 2388700000,
    "ebitdaratio": 1,
    "operatingIncome": 2388700000,
    "operatingIncomeRatio": 1,
    "totalOtherIncomeExpensesNet": -2388700000,
    "incomeBeforeTax": 0,
    "incomeBeforeTaxRatio": 0,
    "incomeTaxExpense": 0,
    "netIncome": 343900000,
    "netIncomeRatio": 0.1439695232,
    "eps": 0.99,
    "epsdiluted": 0.99,
    "weightedAverageShsOut": 300808081,
    "weightedAverageShsOutDil": 300808081,
    "link": "",
    "finalLink": ""
  },
  {
    "date": "1989-12-31",
    "symbol": "PPL",
    "reportedCurrency": "USD",
    "cik": "0000922224",
    "fillingDate": "1989-12-31",
    "acceptedDate": "1989-12-30 19:00:00",
    "calendarYear": "1989",
    "period": "FY",
    "revenue": 2356400000,
    "costOfRevenue": 0,
    "grossProfit": 0,
    "grossProfitRatio": 0,
    "researchAndDevelopmentExpenses": 0,
    "generalAndAdministrativeExpenses": 0,
    "sellingAndMarketingExpenses": 0,
    "sellingGeneralAndAdministrativeExpenses": 0,
    "otherExpenses": 2356400000,
    "operatingExpenses": 2356400000,
    "costAndExpenses": 2356400000,
    "interestIncome": 0,
    "interestExpense": 0,
    "depreciationAndAmortization": 0,
    "ebitda": 2356400000,
    "ebitdaratio": 1,
    "operatingIncome": 2356400000,
    "operatingIncomeRatio": 1,
    "totalOtherIncomeExpensesNet": -2356400000,
    "incomeBeforeTax": 0,
    "incomeBeforeTaxRatio": 0,
    "incomeTaxExpense": 0,
    "netIncome": 353400000,
    "netIncomeRatio": 0.1499745374,
    "eps": 1.01,
    "epsdiluted": 1.01,
    "weightedAverageShsOut": 300492611,
    "weightedAverageShsOutDil": 300492611,
    "link": "",
    "finalLink": ""
  },
  {
    "date": "1988-12-31",
    "symbol": "PPL",
    "reportedCurrency": "USD",
    "cik": "0000922224",
    "fillingDate": "1988-12-31",
    "acceptedDate": "1988-12-30 19:00:00",
    "calendarYear": "1988",
    "period": "FY",
    "revenue": 2213900000,
    "costOfRevenue": 0,
    "grossProfit": 0,
    "grossProfitRatio": 0,
    "researchAndDevelopmentExpenses": 0,
    "generalAndAdministrativeExpenses": 0,
    "sellingAndMarketingExpenses": 0,
    "sellingGeneralAndAdministrativeExpenses": 0,
    "otherExpenses": 2213900000,
    "operatingExpenses": 2213900000,
    "costAndExpenses": 2213900000,
    "interestIncome": 0,
    "interestExpense": 0,
    "depreciationAndAmortization": 0,
    "ebitda": 2213900000,
    "ebitdaratio": 1,
    "operatingIncome": 2213900000,
    "operatingIncomeRatio": 1,
    "totalOtherIncomeExpensesNet": -2213900000,
    "incomeBeforeTax": 0,
    "incomeBeforeTaxRatio": 0,
    "incomeTaxExpense": 0,
    "netIncome": 332000000,
    "netIncomeRatio": 0.1499616062,
    "eps": 0.94,
    "epsdiluted": 0.94,
    "weightedAverageShsOut": 299251337,
    "weightedAverageShsOutDil": 299251337,
    "link": "",
    "finalLink": ""
  },
  {
    "date": "1987-12-31",
    "symbol": "PPL",
    "reportedCurrency": "USD",
    "cik": "0000922224",
    "fillingDate": "1987-12-31",
    "acceptedDate": "1987-12-30 19:00:00",
    "calendarYear": "1987",
    "period": "FY",
    "revenue": 2088800000,
    "costOfRevenue": 0,
    "grossProfit": 0,
    "grossProfitRatio": 0,
    "researchAndDevelopmentExpenses": 0,
    "generalAndAdministrativeExpenses": 0,
    "sellingAndMarketingExpenses": 0,
    "sellingGeneralAndAdministrativeExpenses": 0,
    "otherExpenses": 2088800000,
    "operatingExpenses": 2088800000,
    "costAndExpenses": 2088800000,
    "interestIncome": 0,
    "interestExpense": 0,
    "depreciationAndAmortization": 0,
    "ebitda": 2088800000,
    "ebitdaratio": 1,
    "operatingIncome": 2088800000,
    "operatingIncomeRatio": 1,
    "totalOtherIncomeExpensesNet": -2088800000,
    "incomeBeforeTax": 0,
    "incomeBeforeTaxRatio": 0,
    "incomeTaxExpense": 0,
    "netIncome": 302500000,
    "netIncomeRatio": 0.1448199923,
    "eps": 0.83,
    "epsdiluted": 0.83,
    "weightedAverageShsOut": 298915663,
    "weightedAverageShsOutDil": 298915663,
    "link": "",
    "finalLink": ""
  },
  {
    "date": "1986-12-31",
    "symbol": "PPL",
    "reportedCurrency": "USD",
    "cik": "0000922224",
    "fillingDate": "1986-12-31",
    "acceptedDate": "1986-12-30 19:00:00",
    "calendarYear": "1986",
    "period": "FY",
    "revenue": 2188900000,
    "costOfRevenue": 0,
    "grossProfit": 0,
    "grossProfitRatio": 0,
    "researchAndDevelopmentExpenses": 0,
    "generalAndAdministrativeExpenses": 0,
    "sellingAndMarketingExpenses": 0,
    "sellingGeneralAndAdministrativeExpenses": 0,
    "otherExpenses": 2188900000,
    "operatingExpenses": 2188900000,
    "costAndExpenses": 2188900000,
    "interestIncome": 0,
    "interestExpense": 0,
    "depreciationAndAmortization": 0,
    "ebitda": 2188900000,
    "ebitdaratio": 1,
    "operatingIncome": 2188900000,
    "operatingIncomeRatio": 1,
    "totalOtherIncomeExpensesNet": -2188900000,
    "incomeBeforeTax": 0,
    "incomeBeforeTaxRatio": 0,
    "incomeTaxExpense": 0,
    "netIncome": 300100000,
    "netIncomeRatio": 0.1371008269,
    "eps": 0.78,
    "epsdiluted": 0.78,
    "weightedAverageShsOut": 298064516,
    "weightedAverageShsOutDil": 298064516,
    "link": "",
    "finalLink": ""
  },
  {
    "date": "1985-12-31",
    "symbol": "PPL",
    "reportedCurrency": "USD",
    "cik": "0000922224",
    "fillingDate": "1985-12-31",
    "acceptedDate": "1985-12-30 19:00:00",
    "calendarYear": "1985",
    "period": "FY",
    "revenue": 1976500000,
    "costOfRevenue": 0,
    "grossProfit": 0,
    "grossProfitRatio": 0,
    "researchAndDevelopmentExpenses": 0,
    "generalAndAdministrativeExpenses": 0,
    "sellingAndMarketingExpenses": 0,
    "sellingGeneralAndAdministrativeExpenses": 0,
    "otherExpenses": 1976500000,
    "operatingExpenses": 1976500000,
    "costAndExpenses": 1976500000,
    "interestIncome": 0,
    "interestExpense": 0,
    "depreciationAndAmortization": 0,
    "ebitda": 1976500000,
    "ebitdaratio": 1,
    "operatingIncome": 1976500000,
    "operatingIncomeRatio": 1,
    "totalOtherIncomeExpensesNet": -1976500000,
    "incomeBeforeTax": 0,
    "incomeBeforeTaxRatio": 0,
    "incomeTaxExpense": 0,
    "netIncome": 290600000,
    "netIncomeRatio": 0.147027574,
    "eps": 0.67,
    "epsdiluted": 0.67,
    "weightedAverageShsOut": 297462687,
    "weightedAverageShsOutDil": 297462687,
    "link": "",
    "finalLink": ""
  }
]