[
  {
    "date": "2025-06-30",
    "symbol": "PRU",
    "reportedCurrency": "USD",
    "cik": "0001137774",
    "fillingDate": "2025-07-31",
    "acceptedDate": "2025-07-31 16:22:28",
    "calendarYear": "2025",
    "period": "Q2",
    "revenue": 13771000000,
    "costOfRevenue": 9551000000,
    "grossProfit": 4220000000,
    "grossProfitRatio": 0.3064410718,
    "researchAndDevelopmentExpenses": 0,
    "generalAndAdministrativeExpenses": 3176000000,
    "sellingAndMarketingExpenses": 0,
    "sellingGeneralAndAdministrativeExpenses": 3176000000,
    "otherExpenses": 304000000,
    "operatingExpenses": 3480000000,
    "costAndExpenses": 13031000000,
    "interestIncome": 0,
    "interestExpense": 0,
    "depreciationAndAmortization": 482000000,
    "ebitda": 1222000000,
    "ebitdaratio": 0.0887372014,
    "operatingIncome": 740000000,
    "operatingIncomeRatio": 0.0537361121,
    "totalOtherIncomeExpensesNet": 0,
    "incomeBeforeTax": 740000000,
    "incomeBeforeTaxRatio": 0.0537361121,
    "incomeTaxExpense": 195000000,
    "netIncome": 533000000,
    "netIncomeRatio": 0.038704524,
    "eps": 1.49,
    "epsdiluted": 1.48,
    "weightedAverageShsOut": 353100000,
    "weightedAverageShsOutDil": 354900000,
    "link": "https://www.sec.gov/Archives/edgar/data/1137774/000113777425000108/0001137774-25-000108-index.htm",
    "finalLink": "https://www.sec.gov/Archives/edgar/data/1137774/000113777425000108/pru-20250630.htm"
  },
  {
    "date": "2025-03-31",
    "symbol": "PRU",
    "reportedCurrency": "USD",
    "cik": "0001137774",
    "fillingDate": "2025-05-01",
    "acceptedDate": "2025-05-01 16:19:47",
    "calendarYear": "2025",
    "period": "Q1",
    "revenue": 13537000000,
    "costOfRevenue": 9322000000,
    "grossProfit": 4215000000,
    "grossProfitRatio": 0.311368841,
    "researchAndDevelopmentExpenses": 0,
    "generalAndAdministrativeExpenses": 3083000000,
    "sellingAndMarketingExpenses": 0,
    "sellingGeneralAndAdministrativeExpenses": 3083000000,
    "otherExpenses": 212000000,
    "operatingExpenses": 3295000000,
    "costAndExpenses": 12617000000,
    "interestIncome": 0,
    "interestExpense": 0,
    "depreciationAndAmortization": -161000000,
    "ebitda": 759000000,
    "ebitdaratio": 0.0560685529,
    "operatingIncome": 920000000,
    "operatingIncomeRatio": 0.0679618822,
    "totalOtherIncomeExpensesNet": 0,
    "incomeBeforeTax": 920000000,
    "incomeBeforeTaxRatio": 0.0679618822,
    "incomeTaxExpense": 207000000,
    "netIncome": 707000000,
    "netIncomeRatio": 0.0522272291,
    "eps": 1.96,
    "epsdiluted": 1.96,
    "weightedAverageShsOut": 354300000,
    "weightedAverageShsOutDil": 356100000,
    "link": "https://www.sec.gov/Archives/edgar/data/1137774/000113777425000060/0001137774-25-000060-index.htm",
    "finalLink": "https://www.sec.gov/Archives/edgar/data/1137774/000113777425000060/pru-20250331.htm"
  },
  {
    "date": "2024-12-31",
    "symbol": "PRU",
    "reportedCurrency": "USD",
    "cik": "0001137774",
    "fillingDate": "2025-02-13",
    "acceptedDate": "2025-02-13 16:24:16",
    "calendarYear": "2024",
    "period": "Q4",
    "revenue": 12615000000,
    "costOfRevenue": 9319000000,
    "grossProfit": 3296000000,
    "grossProfitRatio": 0.2612762584,
    "researchAndDevelopmentExpenses": 0,
    "generalAndAdministrativeExpenses": 3310000000,
    "sellingAndMarketingExpenses": 0,
    "sellingGeneralAndAdministrativeExpenses": 3310000000,
    "otherExpenses": 135000000,
    "operatingExpenses": 3445000000,
    "costAndExpenses": 12764000000,
    "interestIncome": 0,
    "interestExpense": 0,
    "depreciationAndAmortization": 53000000,
    "ebitda": -96000000,
    "ebitdaratio": -0.0076099881,
    "operatingIncome": -149000000,
    "operatingIncomeRatio": -0.0118113357,
    "totalOtherIncomeExpensesNet": 0,
    "incomeBeforeTax": -149000000,
    "incomeBeforeTaxRatio": -0.0118113357,
    "incomeTaxExpense": -186000000,
    "netIncome": -57000000,
    "netIncomeRatio": -0.0045184304,
    "eps": -0.16,
    "epsdiluted": -0.16,
    "weightedAverageShsOut": 355400000,
    "weightedAverageShsOutDil": 357300000,
    "link": "https://www.sec.gov/Archives/edgar/data/1137774/000113777425000044/0001137774-25-000044-index.htm",
    "finalLink": "https://www.sec.gov/Archives/edgar/data/1137774/000113777425000044/pru-20241231.htm"
  },
  {
    "date": "2024-09-30",
    "symbol": "PRU",
    "reportedCurrency": "USD",
    "cik": "0001137774",
    "fillingDate": "2024-10-31",
    "acceptedDate": "2024-10-31 16:19:39",
    "calendarYear": "2024",
    "period": "Q3",
    "revenue": 19533000000,
    "costOfRevenue": 15437000000,
    "grossProfit": 4096000000,
    "grossProfitRatio": 0.2096964112,
    "researchAndDevelopmentExpenses": 0,
    "generalAndAdministrativeExpenses": 3311000000,
    "sellingAndMarketingExpenses": 0,
    "sellingGeneralAndAdministrativeExpenses": 3311000000,
    "otherExpenses": 232000000,
    "operatingExpenses": 3543000000,
    "costAndExpenses": 18980000000,
    "interestIncome": 0,
    "interestExpense": 0,
    "depreciationAndAmortization": -41000000,
    "ebitda": 512000000,
    "ebitdaratio": 0.0262120514,
    "operatingIncome": 553000000,
    "operatingIncomeRatio": 0.0283110633,
    "totalOtherIncomeExpensesNet": 0,
    "incomeBeforeTax": 553000000,
    "incomeBeforeTaxRatio": 0.0283110633,
    "incomeTaxExpense": 140000000,
    "netIncome": 448000000,
    "netIncomeRatio": 0.022935545,
    "eps": 1.24,
    "epsdiluted": 1.24,
    "weightedAverageShsOut": 356900000,
    "weightedAverageShsOutDil": 358700000,
    "link": "https://www.sec.gov/Archives/edgar/data/1137774/000113777424000247/0001137774-24-000247-index.htm",
    "finalLink": "https://www.sec.gov/Archives/edgar/data/1137774/000113777424000247/pru-20240930.htm"
  },
  {
    "date": "2024-06-30",
    "symbol": "PRU",
    "reportedCurrency": "USD",
    "cik": "0001137774",
    "fillingDate": "2024-08-02",
    "acceptedDate": "2024-08-02 16:20:42",
    "calendarYear": "2024",
    "period": "Q2",
    "revenue": 14935000000,
    "costOfRevenue": 10165000000,
    "grossProfit": 4770000000,
    "grossProfitRatio": 0.3193839973,
    "researchAndDevelopmentExpenses": 0,
    "generalAndAdministrativeExpenses": 3127000000,
    "sellingAndMarketingExpenses": 0,
    "sellingGeneralAndAdministrativeExpenses": 3127000000,
    "otherExpenses": 228000000,
    "operatingExpenses": 3355000000,
    "costAndExpenses": 13520000000,
    "interestIncome": 0,
    "interestExpense": 0,
    "depreciationAndAmortization": -26000000,
    "ebitda": 1389000000,
    "ebitdaratio": 0.0930030131,
    "operatingIncome": 1415000000,
    "operatingIncomeRatio": 0.0947438902,
    "totalOtherIncomeExpensesNet": 0,
    "incomeBeforeTax": 1415000000,
    "incomeBeforeTaxRatio": 0.0947438902,
    "incomeTaxExpense": 264000000,
    "netIncome": 1198000000,
    "netIncomeRatio": 0.0802142618,
    "eps": 3.28,
    "epsdiluted": 3.28,
    "weightedAverageShsOut": 358800000,
    "weightedAverageShsOutDil": 360500000,
    "link": "https://www.sec.gov/Archives/edgar/data/1137774/000113777424000151/0001137774-24-000151-index.htm",
    "finalLink": "https://www.sec.gov/Archives/edgar/data/1137774/000113777424000151/pru-20240630.htm"
  },
  {
    "date": "2024-03-31",
    "symbol": "PRU",
    "reportedCurrency": "USD",
    "cik": "0001137774",
    "fillingDate": "2024-05-02",
    "acceptedDate": "2024-05-02 16:21:46",
    "calendarYear": "2024",
    "period": "Q1",
    "revenue": 23562000000,
    "costOfRevenue": 18235000000,
    "grossProfit": 5327000000,
    "grossProfitRatio": 0.2260843731,
    "researchAndDevelopmentExpenses": 0,
    "generalAndAdministrativeExpenses": 3594000000,
    "sellingAndMarketingExpenses": 0,
    "sellingGeneralAndAdministrativeExpenses": 3594000000,
    "otherExpenses": 343000000,
    "operatingExpenses": 3937000000,
    "costAndExpenses": 22172000000,
    "interestIncome": 0,
    "interestExpense": 0,
    "depreciationAndAmortization": 397000000,
    "ebitda": 1787000000,
    "ebitdaratio": 0.0758424582,
    "operatingIncome": 1390000000,
    "operatingIncomeRatio": 0.0589932943,
    "totalOtherIncomeExpensesNet": 0,
    "incomeBeforeTax": 1390000000,
    "incomeBeforeTaxRatio": 0.0589932943,
    "incomeTaxExpense": 289000000,
    "netIncome": 1138000000,
    "netIncomeRatio": 0.0482981071,
    "eps": 3.12,
    "epsdiluted": 3.12,
    "weightedAverageShsOut": 359000000,
    "weightedAverageShsOutDil": 360500000,
    "link": "https://www.sec.gov/Archives/edgar/data/1137774/000113777424000068/0001137774-24-000068-index.htm",
    "finalLink": "https://www.sec.gov/Archives/edgar/data/1137774/000113777424000068/pru-20240331.htm"
  },
  {
    "date": "2023-12-31",
    "symbol": "PRU",
    "reportedCurrency": "USD",
    "cik": "0001137774",
    "fillingDate": "2024-02-21",
    "acceptedDate": "2024-02-21 10:45:26",
    "calendarYear": "2023",
    "period": "Q4",
    "revenue": 8696000000,
    "costOfRevenue": 2711000000,
    "grossProfit": 5985000000,
    "grossProfitRatio": 0.6882474701,
    "researchAndDevelopmentExpenses": 0,
    "generalAndAdministrativeExpenses": 3538000000,
    "sellingAndMarketingExpenses": 0,
    "sellingGeneralAndAdministrativeExpenses": 3538000000,
    "otherExpenses": 785000000,
    "operatingExpenses": 4323000000,
    "costAndExpenses": 7034000000,
    "interestIncome": 0,
    "interestExpense": 0,
    "depreciationAndAmortization": -71000000,
    "ebitda": 1591000000,
    "ebitdaratio": 0.1829576817,
    "operatingIncome": 1662000000,
    "operatingIncomeRatio": 0.1911223551,
    "totalOtherIncomeExpensesNet": 0,
    "incomeBeforeTax": 1662000000,
    "incomeBeforeTaxRatio": 0.1911223551,
    "incomeTaxExpense": 359000000,
    "netIncome": 1317000000,
    "netIncomeRatio": 0.151448942,
    "eps": 3.62,
    "epsdiluted": 3.62,
    "weightedAverageShsOut": 360300000,
    "weightedAverageShsOutDil": 361000000,
    "link": "https://www.sec.gov/Archives/edgar/data/1137774/000113777424000045/0001137774-24-000045-index.htm",
    "finalLink": "https://www.sec.gov/Archives/edgar/data/1137774/000113777424000045/pru-20231231.htm"
  },
  {
    "date": "2023-09-30",
    "symbol": "PRU",
    "reportedCurrency": "USD",
    "cik": "0001137774",
    "fillingDate": "2023-11-02",
    "acceptedDate": "2023-11-02 16:22:11",
    "calendarYear": "2023",
    "period": "Q3",
    "revenue": 8442000000,
    "costOfRevenue": 6347000000,
    "grossProfit": 2095000000,
    "grossProfitRatio": 0.2481639422,
    "researchAndDevelopmentExpenses": 0,
    "generalAndAdministrativeExpenses": 3066000000,
    "sellingAndMarketingExpenses": 0,
    "sellingGeneralAndAdministrativeExpenses": 3066000000,
    "otherExpenses": 87000000,
    "operatingExpenses": 3153000000,
    "costAndExpenses": 9500000000,
    "interestIncome": 0,
    "interestExpense": 0,
    "depreciationAndAmortization": -45000000,
    "ebitda": -1103000000,
    "ebitdaratio": -0.1306562426,
    "operatingIncome": -1058000000,
    "operatingIncomeRatio": -0.1253257522,
    "totalOtherIncomeExpensesNet": 0,
    "incomeBeforeTax": -1058000000,
    "incomeBeforeTaxRatio": -0.1253257522,
    "incomeTaxExpense": -251000000,
    "netIncome": -802000000,
    "netIncomeRatio": -0.0950011846,
    "eps": -2.23,
    "epsdiluted": -2.23,
    "weightedAverageShsOut": 362600000,
    "weightedAverageShsOutDil": 362600000,
    "link": "https://www.sec.gov/Archives/edgar/data/1137774/000113777423000117/0001137774-23-000117-index.htm",
    "finalLink": "https://www.sec.gov/Archives/edgar/data/1137774/000113777423000117/pru-20230930.htm"
  },
  {
    "date": "2023-06-30",
    "symbol": "PRU",
    "reportedCurrency": "USD",
    "cik": "0001137774",
    "fillingDate": "2023-08-03",
    "acceptedDate": "2023-08-03 16:21:08",
    "calendarYear": "2023",
    "period": "Q2",
    "revenue": 13518000000,
    "costOfRevenue": 9431000000,
    "grossProfit": 4087000000,
    "grossProfitRatio": 0.3023376239,
    "researchAndDevelopmentExpenses": 0,
    "generalAndAdministrativeExpenses": 3143000000,
    "sellingAndMarketingExpenses": 0,
    "sellingGeneralAndAdministrativeExpenses": 3143000000,
    "otherExpenses": 322000000,
    "operatingExpenses": 3465000000,
    "costAndExpenses": 12896000000,
    "interestIncome": 0,
    "interestExpense": 0,
    "depreciationAndAmortization": 5000000,
    "ebitda": 627000000,
    "ebitdaratio": 0.046382601,
    "operatingIncome": 622000000,
    "operatingIncomeRatio": 0.0460127238,
    "totalOtherIncomeExpensesNet": -1000000,
    "incomeBeforeTax": 621000000,
    "incomeBeforeTaxRatio": 0.0459387483,
    "incomeTaxExpense": 123000000,
    "netIncome": 511000000,
    "netIncomeRatio": 0.0378014499,
    "eps": 1.38,
    "epsdiluted": 1.38,
    "weightedAverageShsOut": 365700000,
    "weightedAverageShsOutDil": 366900000,
    "link": "https://www.sec.gov/Archives/edgar/data/1137774/000113777423000094/0001137774-23-000094-index.htm",
    "finalLink": "https://www.sec.gov/Archives/edgar/data/1137774/000113777423000094/pru-20230630.htm"
  },
  {
    "date": "2023-03-31",
    "symbol": "PRU",
    "reportedCurrency": "USD",
    "cik": "0001137774",
    "fillingDate": "2023-05-04",
    "acceptedDate": "2023-05-04 16:20:22",
    "calendarYear": "2023",
    "period": "Q1",
    "revenue": 17063000000,
    "costOfRevenue": 11675000000,
    "grossProfit": 5388000000,
    "grossProfitRatio": 0.3157709664,
    "researchAndDevelopmentExpenses": 0,
    "generalAndAdministrativeExpenses": 3204000000,
    "sellingAndMarketingExpenses": 0,
    "sellingGeneralAndAdministrativeExpenses": 3204000000,
    "otherExpenses": 337000000,
    "operatingExpenses": 3541000000,
    "costAndExpenses": 15216000000,
    "interestIncome": 0,
    "interestExpense": 0,
    "depreciationAndAmortization": 41000000,
    "ebitda": 1888000000,
    "ebitdaratio": 0.1106487722,
    "operatingIncome": 1847000000,
    "operatingIncomeRatio": 0.1082459122,
    "totalOtherIncomeExpensesNet": 0,
    "incomeBeforeTax": 1847000000,
    "incomeBeforeTaxRatio": 0.1082459122,
    "incomeTaxExpense": 382000000,
    "netIncome": 1462000000,
    "netIncomeRatio": 0.0856824708,
    "eps": 3.94,
    "epsdiluted": 3.93,
    "weightedAverageShsOut": 366500000,
    "weightedAverageShsOutDil": 367700000,
    "link": "https://www.sec.gov/Archives/edgar/data/1137774/000113777423000067/0001137774-23-000067-index.htm",
    "finalLink": "https://www.sec.gov/Archives/edgar/data/1137774/000113777423000067/pru-20230331.htm"
  },
  {
    "date": "2022-12-31",
    "symbol": "PRU",
    "reportedCurrency": "USD",
    "cik": "0001137774",
    "fillingDate": "2023-02-16",
    "acceptedDate": "2023-02-16 16:29:53",
    "calendarYear": "2022",
    "period": "Q4",
    "revenue": 13318000000,
    "costOfRevenue": 9721000000,
    "grossProfit": 3597000000,
    "grossProfitRatio": 0.2700855984,
    "researchAndDevelopmentExpenses": 0,
    "generalAndAdministrativeExpenses": 3343000000,
    "sellingAndMarketingExpenses": 0,
    "sellingGeneralAndAdministrativeExpenses": 3343000000,
    "otherExpenses": 967000000,
    "operatingExpenses": 4310000000,
    "costAndExpenses": 14031000000,
    "interestIncome": 0,
    "interestExpense": 0,
    "depreciationAndAmortization": 62000000,
    "ebitda": -651000000,
    "ebitdaratio": -0.0488812134,
    "operatingIncome": -713000000,
    "operatingIncomeRatio": -0.0535365671,
    "totalOtherIncomeExpensesNet": 0,
    "incomeBeforeTax": -713000000,
    "incomeBeforeTaxRatio": -0.0535365671,
    "incomeTaxExpense": -164000000,
    "netIncome": -558000000,
    "netIncomeRatio": -0.0418981829,
    "eps": -0.16,
    "epsdiluted": -0.16,
    "weightedAverageShsOut": 367600000,
    "weightedAverageShsOutDil": 367600000,
    "link": "https://www.sec.gov/Archives/edgar/data/1137774/000113777423000040/0001137774-23-000040-index.htm",
    "finalLink": "https://www.sec.gov/Archives/edgar/data/1137774/000113777423000040/pru-20221231.htm"
  },
  {
    "date": "2022-09-30",
    "symbol": "PRU",
    "reportedCurrency": "USD",
    "cik": "0001137774",
    "fillingDate": "2022-11-03",
    "acceptedDate": "2022-11-03 16:23:39",
    "calendarYear": "2022",
    "period": "Q3",
    "revenue": 20224000000,
    "costOfRevenue": 17171000000,
    "grossProfit": 3053000000,
    "grossProfitRatio": 0.1509592563,
    "researchAndDevelopmentExpenses": 0,
    "generalAndAdministrativeExpenses": 3066000000,
    "sellingAndMarketingExpenses": 0,
    "sellingGeneralAndAdministrativeExpenses": 3066000000,
    "otherExpenses": 113000000,
    "operatingExpenses": 3179000000,
    "costAndExpenses": 20350000000,
    "interestIncome": 0,
    "interestExpense": 0,
    "depreciationAndAmortization": -124000000,
    "ebitda": -250000000,
    "ebitdaratio": -0.0123615506,
    "operatingIncome": -126000000,
    "operatingIncomeRatio": -0.0062302215,
    "totalOtherIncomeExpensesNet": 0,
    "incomeBeforeTax": -126000000,
    "incomeBeforeTaxRatio": -0.0062302215,
    "incomeTaxExpense": -11000000,
    "netIncome": -92000000,
    "netIncomeRatio": -0.0045490506,
    "eps": -0.26,
    "epsdiluted": -0.26,
    "weightedAverageShsOut": 371000000,
    "weightedAverageShsOutDil": 371000000,
    "link": "https://www.sec.gov/Archives/edgar/data/1137774/000113777422000110/0001137774-22-000110-index.htm",
    "finalLink": "https://www.sec.gov/Archives/edgar/data/1137774/000113777422000110/pru-20220930.htm"
  },
  {
    "date": "2022-06-30",
    "symbol": "PRU",
    "reportedCurrency": "USD",
    "cik": "0001137774",
    "fillingDate": "2022-08-05",
    "acceptedDate": "2022-08-04 18:56:42",
    "calendarYear": "2022",
    "period": "Q2",
    "revenue": 11468000000,
    "costOfRevenue": 9737000000,
    "grossProfit": 1731000000,
    "grossProfitRatio": 0.150941751,
    "researchAndDevelopmentExpenses": 0,
    "generalAndAdministrativeExpenses": 2930000000,
    "sellingAndMarketingExpenses": 0,
    "sellingGeneralAndAdministrativeExpenses": 2930000000,
    "otherExpenses": -131000000,
    "operatingExpenses": 2799000000,
    "costAndExpenses": 12536000000,
    "interestIncome": 0,
    "interestExpense": 0,
    "depreciationAndAmortization": 167000000,
    "ebitda": -901000000,
    "ebitdaratio": -0.0785664458,
    "operatingIncome": -1068000000,
    "operatingIncomeRatio": -0.093128706,
    "totalOtherIncomeExpensesNet": 0,
    "incomeBeforeTax": -1068000000,
    "incomeBeforeTaxRatio": -0.093128706,
    "incomeTaxExpense": -119000000,
    "netIncome": -1010000000,
    "netIncomeRatio": -0.0880711545,
    "eps": -2.71,
    "epsdiluted": -2.72,
    "weightedAverageShsOut": 373611963,
    "weightedAverageShsOutDil": 374400000,
    "link": "https://www.sec.gov/Archives/edgar/data/1137774/000113777422000082/0001137774-22-000082-index.htm",
    "finalLink": "https://www.sec.gov/Archives/edgar/data/1137774/000113777422000082/pru-20220630.htm"
  },
  {
    "date": "2022-03-31",
    "symbol": "PRU",
    "reportedCurrency": "USD",
    "cik": "0001137774",
    "fillingDate": "2022-05-05",
    "acceptedDate": "2022-05-05 16:20:41",
    "calendarYear": "2022",
    "period": "Q1",
    "revenue": 11851000000,
    "costOfRevenue": 9061000000,
    "grossProfit": 2790000000,
    "grossProfitRatio": 0.235423171,
    "researchAndDevelopmentExpenses": 0,
    "generalAndAdministrativeExpenses": 3217000000,
    "sellingAndMarketingExpenses": 0,
    "sellingGeneralAndAdministrativeExpenses": 3217000000,
    "otherExpenses": 231000000,
    "operatingExpenses": 3448000000,
    "costAndExpenses": 12509000000,
    "interestIncome": 0,
    "interestExpense": 0,
    "depreciationAndAmortization": 15000000,
    "ebitda": -643000000,
    "ebitdaratio": -0.0542570247,
    "operatingIncome": -658000000,
    "operatingIncomeRatio": -0.0555227407,
    "totalOtherIncomeExpensesNet": 0,
    "incomeBeforeTax": -658000000,
    "incomeBeforeTaxRatio": -0.0555227407,
    "incomeTaxExpense": -144000000,
    "netIncome": -493000000,
    "netIncomeRatio": -0.041599865,
    "eps": -1.33,
    "epsdiluted": -1.33,
    "weightedAverageShsOut": 375939849,
    "weightedAverageShsOutDil": 376100000,
    "link": "https://www.sec.gov/Archives/edgar/data/1137774/000113777422000050/0001137774-22-000050-index.htm",
    "finalLink": "https://www.sec.gov/Archives/edgar/data/1137774/000113777422000050/pru-20220331.htm"
  },
  {
    "date": "2021-12-31",
    "symbol": "PRU",
    "reportedCurrency": "USD",
    "cik": "0001137774",
    "fillingDate": "2022-02-17",
    "acceptedDate": "2022-02-17 16:33:01",
    "calendarYear": "2021",
    "period": "Q4",
    "revenue": 16326000000,
    "costOfRevenue": 9490000000,
    "grossProfit": 6836000000,
    "grossProfitRatio": 0.4187186084,
    "researchAndDevelopmentExpenses": 0,
    "generalAndAdministrativeExpenses": 3651000000,
    "sellingAndMarketingExpenses": 0,
    "sellingGeneralAndAdministrativeExpenses": 3651000000,
    "otherExpenses": 1809000000,
    "operatingExpenses": 5460000000,
    "costAndExpenses": 14950000000,
    "interestIncome": 0,
    "interestExpense": 0,
    "depreciationAndAmortization": 117000000,
    "ebitda": 1493000000,
    "ebitdaratio": 0.0914492221,
    "operatingIncome": 1376000000,
    "operatingIncomeRatio": 0.0842827392,
    "totalOtherIncomeExpensesNet": 12000000,
    "incomeBeforeTax": 1388000000,
    "incomeBeforeTaxRatio": 0.0850177631,
    "incomeTaxExpense": 170000000,
    "netIncome": 1208000000,
    "netIncomeRatio": 0.0739924048,
    "eps": 3.16,
    "epsdiluted": 3.13,
    "weightedAverageShsOut": 377700000,
    "weightedAverageShsOutDil": 380900000,
    "link": "https://www.sec.gov/Archives/edgar/data/1137774/000113777422000038/0001137774-22-000038-index.htm",
    "finalLink": "https://www.sec.gov/Archives/edgar/data/1137774/000113777422000038/pru-20211231.htm"
  },
  {
    "date": "2021-09-30",
    "symbol": "PRU",
    "reportedCurrency": "USD",
    "cik": "0001137774",
    "fillingDate": "2021-11-04",
    "acceptedDate": "2021-11-04 16:20:58",
    "calendarYear": "2021",
    "period": "Q3",
    "revenue": 21598000000,
    "costOfRevenue": 15847000000,
    "grossProfit": 5751000000,
    "grossProfitRatio": 0.2662746551,
    "researchAndDevelopmentExpenses": 0,
    "generalAndAdministrativeExpenses": 3386000000,
    "sellingAndMarketingExpenses": 0,
    "sellingGeneralAndAdministrativeExpenses": 3386000000,
    "otherExpenses": 516000000,
    "operatingExpenses": 3902000000,
    "costAndExpenses": 19749000000,
    "interestIncome": 0,
    "interestExpense": 0,
    "depreciationAndAmortization": 42000000,
    "ebitda": 1891000000,
    "ebitdaratio": 0.0875544032,
    "operatingIncome": 1849000000,
    "operatingIncomeRatio": 0.0856097787,
    "totalOtherIncomeExpensesNet": -43000000,
    "incomeBeforeTax": 1806000000,
    "incomeBeforeTaxRatio": 0.0836188536,
    "incomeTaxExpense": 259000000,
    "netIncome": 1530000000,
    "netIncomeRatio": 0.0708398926,
    "eps": 3.92,
    "epsdiluted": 3.9,
    "weightedAverageShsOut": 383800000,
    "weightedAverageShsOutDil": 386800000,
    "link": "https://www.sec.gov/Archives/edgar/data/1137774/000113777421000138/0001137774-21-000138-index.htm",
    "finalLink": "https://www.sec.gov/Archives/edgar/data/1137774/000113777421000138/pru-20210930.htm"
  },
  {
    "date": "2021-06-30",
    "symbol": "PRU",
    "reportedCurrency": "USD",
    "cik": "0001137774",
    "fillingDate": "2021-08-05",
    "acceptedDate": "2021-08-05 16:28:14",
    "calendarYear": "2021",
    "period": "Q2",
    "revenue": 15917000000,
    "costOfRevenue": 9081000000,
    "grossProfit": 6836000000,
    "grossProfitRatio": 0.4294779167,
    "researchAndDevelopmentExpenses": 0,
    "generalAndAdministrativeExpenses": 3230000000,
    "sellingAndMarketingExpenses": 0,
    "sellingGeneralAndAdministrativeExpenses": 3230000000,
    "otherExpenses": 850000000,
    "operatingExpenses": 4080000000,
    "costAndExpenses": 13161000000,
    "interestIncome": 0,
    "interestExpense": 0,
    "depreciationAndAmortization": 15000000,
    "ebitda": 2771000000,
    "ebitdaratio": 0.174090595,
    "operatingIncome": 2756000000,
    "operatingIncomeRatio": 0.1731482063,
    "totalOtherIncomeExpensesNet": 17000000,
    "incomeBeforeTax": 2773000000,
    "incomeBeforeTaxRatio": 0.1742162468,
    "incomeTaxExpense": 609000000,
    "netIncome": 2158000000,
    "netIncomeRatio": 0.1355783125,
    "eps": 5.44,
    "epsdiluted": 5.4,
    "weightedAverageShsOut": 391100000,
    "weightedAverageShsOutDil": 394100000,
    "link": "https://www.sec.gov/Archives/edgar/data/1137774/000113777421000111/0001137774-21-000111-index.htm",
    "finalLink": "https://www.sec.gov/Archives/edgar/data/1137774/000113777421000111/pru-20210630.htm"
  },
  {
    "date": "2021-03-31",
    "symbol": "PRU",
    "reportedCurrency": "USD",
    "cik": "0001137774",
    "fillingDate": "2021-05-06",
    "acceptedDate": "2021-05-06 16:17:43",
    "calendarYear": "2021",
    "period": "Q1",
    "revenue": 16942000000,
    "costOfRevenue": 9619000000,
    "grossProfit": 7323000000,
    "grossProfitRatio": 0.432239405,
    "researchAndDevelopmentExpenses": 0,
    "generalAndAdministrativeExpenses": 3315000000,
    "sellingAndMarketingExpenses": 0,
    "sellingGeneralAndAdministrativeExpenses": 3315000000,
    "otherExpenses": 594000000,
    "operatingExpenses": 3909000000,
    "costAndExpenses": 13528000000,
    "interestIncome": 0,
    "interestExpense": 0,
    "depreciationAndAmortization": 30000000,
    "ebitda": 3444000000,
    "ebitdaratio": 0.2032817849,
    "operatingIncome": 3414000000,
    "operatingIncomeRatio": 0.2015110377,
    "totalOtherIncomeExpensesNet": 0,
    "incomeBeforeTax": 3414000000,
    "incomeBeforeTaxRatio": 0.2015110377,
    "incomeTaxExpense": 636000000,
    "netIncome": 2828000000,
    "netIncomeRatio": 0.1669224413,
    "eps": 7.02,
    "epsdiluted": 6.98,
    "weightedAverageShsOut": 396300000,
    "weightedAverageShsOutDil": 398800000,
    "link": "https://www.sec.gov/Archives/edgar/data/1137774/000113777421000062/0001137774-21-000062-index.htm",
    "finalLink": "https://www.sec.gov/Archives/edgar/data/1137774/000113777421000062/pru-20210331.htm"
  },
  {
    "date": "2020-12-31",
    "symbol": "PRU",
    "reportedCurrency": "USD",
    "cik": "0001137774",
    "fillingDate": "2021-02-19",
    "acceptedDate": "2021-02-19 16:36:07",
    "calendarYear": "2020",
    "period": "Q4",
    "revenue": 16029000000,
    "costOfRevenue": 10793000000,
    "grossProfit": 5236000000,
    "grossProfitRatio": 0.3266579325,
    "researchAndDevelopmentExpenses": 0,
    "generalAndAdministrativeExpenses": 3719000000,
    "sellingAndMarketingExpenses": 0,
    "sellingGeneralAndAdministrativeExpenses": 3719000000,
    "otherExpenses": 617000000,
    "operatingExpenses": 4336000000,
    "costAndExpenses": 15129000000,
    "interestIncome": 0,
    "interestExpense": 0,
    "depreciationAndAmortization": 9000000,
    "ebitda": 909000000,
    "ebitdaratio": 0.0567097136,
    "operatingIncome": 900000000,
    "operatingIncomeRatio": 0.0561482313,
    "totalOtherIncomeExpensesNet": 0,
    "incomeBeforeTax": 900000000,
    "incomeBeforeTaxRatio": 0.0561482313,
    "incomeTaxExpense": -88000000,
    "netIncome": 819000000,
    "netIncomeRatio": 0.0510948905,
    "eps": 2.05,
    "epsdiluted": 2.05,
    "weightedAverageShsOut": 396200000,
    "weightedAverageShsOutDil": 398300000,
    "link": "https://www.sec.gov/Archives/edgar/data/1137774/000113777421000049/0001137774-21-000049-index.htm",
    "finalLink": "https://www.sec.gov/Archives/edgar/data/1137774/000113777421000049/pru-20201231.htm"
  },
  {
    "date": "2020-09-30",
    "symbol": "PRU",
    "reportedCurrency": "USD",
    "cik": "0001137774",
    "fillingDate": "2020-11-05",
    "acceptedDate": "2020-11-05 16:20:27",
    "calendarYear": "2020",
    "period": "Q3",
    "revenue": 15425000000,
    "costOfRevenue": 10101000000,
    "grossProfit": 5324000000,
    "grossProfitRatio": 0.3451539708,
    "researchAndDevelopmentExpenses": 0,
    "generalAndAdministrativeExpenses": 3323000000,
    "sellingAndMarketingExpenses": 0,
    "sellingGeneralAndAdministrativeExpenses": 3323000000,
    "otherExpenses": 562000000,
    "operatingExpenses": 3885000000,
    "costAndExpenses": 13986000000,
    "interestIncome": 0,
    "interestExpense": 0,
    "depreciationAndAmortization": 65000000,
    "ebitda": 1504000000,
    "ebitdaratio": 0.0975040519,
    "operatingIncome": 1439000000,
    "operatingIncomeRatio": 0.0932901135,
    "totalOtherIncomeExpensesNet": 8000000,
    "incomeBeforeTax": 1447000000,
    "incomeBeforeTaxRatio": 0.093808752,
    "incomeTaxExpense": -50000000,
    "netIncome": 1487000000,
    "netIncomeRatio": 0.0964019449,
    "eps": 3.72,
    "epsdiluted": 3.7,
    "weightedAverageShsOut": 395300000,
    "weightedAverageShsOutDil": 397100000,
    "link": "https://www.sec.gov/Archives/edgar/data/1137774/000113777420000123/0001137774-20-000123-index.htm",
    "finalLink": "https://www.sec.gov/Archives/edgar/data/1137774/000113777420000123/pru-20200930.htm"
  },
  {
    "date": "2020-06-30",
    "symbol": "PRU",
    "reportedCurrency": "USD",
    "cik": "0001137774",
    "fillingDate": "2020-08-06",
    "acceptedDate": "2020-08-06 16:15:01",
    "calendarYear": "2020",
    "period": "Q2",
    "revenue": 12115000000,
    "costOfRevenue": 10569000000,
    "grossProfit": 1546000000,
    "grossProfitRatio": 0.1276104003,
    "researchAndDevelopmentExpenses": 0,
    "generalAndAdministrativeExpenses": 3347000000,
    "sellingAndMarketingExpenses": 0,
    "sellingGeneralAndAdministrativeExpenses": 3347000000,
    "otherExpenses": 528000000,
    "operatingExpenses": 3875000000,
    "costAndExpenses": 14444000000,
    "interestIncome": 0,
    "interestExpense": 0,
    "depreciationAndAmortization": 54000000,
    "ebitda": -2275000000,
    "ebitdaratio": -0.1877837392,
    "operatingIncome": -2329000000,
    "operatingIncomeRatio": -0.1922410235,
    "totalOtherIncomeExpensesNet": -3000000,
    "incomeBeforeTax": -2332000000,
    "incomeBeforeTaxRatio": -0.1924886504,
    "incomeTaxExpense": 115000000,
    "netIncome": -2409000000,
    "netIncomeRatio": -0.1988444078,
    "eps": -6.09,
    "epsdiluted": -6.09,
    "weightedAverageShsOut": 394600000,
    "weightedAverageShsOutDil": 396100000,
    "link": "https://www.sec.gov/Archives/edgar/data/1137774/000113777420000107/0001137774-20-000107-index.htm",
    "finalLink": "https://www.sec.gov/Archives/edgar/data/1137774/000113777420000107/form10q-2q2020.htm"
  },
  {
    "date": "2020-03-31",
    "symbol": "PRU",
    "reportedCurrency": "USD",
    "cik": "0001137774",
    "fillingDate": "2020-05-08",
    "acceptedDate": "2020-05-08 16:21:55",
    "calendarYear": "2020",
    "period": "Q1",
    "revenue": 13464000000,
    "costOfRevenue": 10355000000,
    "grossProfit": 3109000000,
    "grossProfitRatio": 0.2309120618,
    "researchAndDevelopmentExpenses": 0,
    "generalAndAdministrativeExpenses": 3524000000,
    "sellingAndMarketingExpenses": 0,
    "sellingGeneralAndAdministrativeExpenses": 3524000000,
    "otherExpenses": -77000000,
    "operatingExpenses": 3447000000,
    "costAndExpenses": 13802000000,
    "interestIncome": 0,
    "interestExpense": 0,
    "depreciationAndAmortization": 329000000,
    "ebitda": -9000000,
    "ebitdaratio": -0.0006684492,
    "operatingIncome": -338000000,
    "operatingIncomeRatio": -0.025103981,
    "totalOtherIncomeExpensesNet": 0,
    "incomeBeforeTax": -338000000,
    "incomeBeforeTaxRatio": -0.025103981,
    "incomeTaxExpense": -58000000,
    "netIncome": -271000000,
    "netIncomeRatio": -0.0201277481,
    "eps": -0.7,
    "epsdiluted": -0.7,
    "weightedAverageShsOut": 397000000,
    "weightedAverageShsOutDil": 399600000,
    "link": "https://www.sec.gov/Archives/edgar/data/1137774/000113777420000084/0001137774-20-000084-index.htm",
    "finalLink": "https://www.sec.gov/Archives/edgar/data/1137774/000113777420000084/form10q-1q2020.htm"
  },
  {
    "date": "2019-12-31",
    "symbol": "PRU",
    "reportedCurrency": "USD",
    "cik": "0001137774",
    "fillingDate": "2020-02-14",
    "acceptedDate": "2020-02-14 16:24:04",
    "calendarYear": "2019",
    "period": "Q4",
    "revenue": 19223000000,
    "costOfRevenue": 13458000000,
    "grossProfit": 5765000000,
    "grossProfitRatio": 0.2999011601,
    "researchAndDevelopmentExpenses": 0,
    "generalAndAdministrativeExpenses": 3828000000,
    "sellingAndMarketingExpenses": 0,
    "sellingGeneralAndAdministrativeExpenses": 3828000000,
    "otherExpenses": 593000000,
    "operatingExpenses": 4421000000,
    "costAndExpenses": 17879000000,
    "interestIncome": 0,
    "interestExpense": 0,
    "depreciationAndAmortization": 108000000,
    "ebitda": 1452000000,
    "ebitdaratio": 0.0755345159,
    "operatingIncome": 1344000000,
    "operatingIncomeRatio": 0.0699162462,
    "totalOtherIncomeExpensesNet": 0,
    "incomeBeforeTax": 1344000000,
    "incomeBeforeTaxRatio": 0.0699162462,
    "incomeTaxExpense": 221000000,
    "netIncome": 1128000000,
    "netIncomeRatio": 0.0586797066,
    "eps": 2.78,
    "epsdiluted": 2.76,
    "weightedAverageShsOut": 400700000,
    "weightedAverageShsOutDil": 403700000,
    "link": "https://www.sec.gov/Archives/edgar/data/1137774/000113777420000065/0001137774-20-000065-index.htm",
    "finalLink": "https://www.sec.gov/Archives/edgar/data/1137774/000113777420000065/form10-kx4q2019.htm"
  },
  {
    "date": "2019-09-30",
    "symbol": "PRU",
    "reportedCurrency": "USD",
    "cik": "0001137774",
    "fillingDate": "2019-11-05",
    "acceptedDate": "2019-11-05 16:20:57",
    "calendarYear": "2019",
    "period": "Q3",
    "revenue": 15105000000,
    "costOfRevenue": 9419000000,
    "grossProfit": 5686000000,
    "grossProfitRatio": 0.3764316452,
    "researchAndDevelopmentExpenses": 0,
    "generalAndAdministrativeExpenses": 3294000000,
    "sellingAndMarketingExpenses": 0,
    "sellingGeneralAndAdministrativeExpenses": 3294000000,
    "otherExpenses": 667000000,
    "operatingExpenses": 3961000000,
    "costAndExpenses": 13380000000,
    "interestIncome": 0,
    "interestExpense": 0,
    "depreciationAndAmortization": 441000000,
    "ebitda": 2166000000,
    "ebitdaratio": 0.1433962264,
    "operatingIncome": 1725000000,
    "operatingIncomeRatio": 0.1142005958,
    "totalOtherIncomeExpensesNet": 0,
    "incomeBeforeTax": 1725000000,
    "incomeBeforeTaxRatio": 0.1142005958,
    "incomeTaxExpense": 332000000,
    "netIncome": 1418000000,
    "netIncomeRatio": 0.0938761999,
    "eps": 3.47,
    "epsdiluted": 3.44,
    "weightedAverageShsOut": 404100000,
    "weightedAverageShsOutDil": 408500000,
    "link": "https://www.sec.gov/Archives/edgar/data/1137774/000113777419000099/0001137774-19-000099-index.htm",
    "finalLink": "https://www.sec.gov/Archives/edgar/data/1137774/000113777419000099/form10q-3q2019.htm"
  },
  {
    "date": "2019-06-30",
    "symbol": "PRU",
    "reportedCurrency": "USD",
    "cik": "0001137774",
    "fillingDate": "2019-08-02",
    "acceptedDate": "2019-08-02 16:21:43",
    "calendarYear": "2019",
    "period": "Q2",
    "revenue": 15388000000,
    "costOfRevenue": 10937000000,
    "grossProfit": 4451000000,
    "grossProfitRatio": 0.2892513647,
    "researchAndDevelopmentExpenses": 0,
    "generalAndAdministrativeExpenses": 3138000000,
    "sellingAndMarketingExpenses": 0,
    "sellingGeneralAndAdministrativeExpenses": 3138000000,
    "otherExpenses": 437000000,
    "operatingExpenses": 3575000000,
    "costAndExpenses": 14512000000,
    "interestIncome": 0,
    "interestExpense": 0,
    "depreciationAndAmortization": -109000000,
    "ebitda": 767000000,
    "ebitdaratio": 0.0498440343,
    "operatingIncome": 876000000,
    "operatingIncomeRatio": 0.056927476,
    "totalOtherIncomeExpensesNet": 0,
    "incomeBeforeTax": 876000000,
    "incomeBeforeTaxRatio": 0.056927476,
    "incomeTaxExpense": 162000000,
    "netIncome": 708000000,
    "netIncomeRatio": 0.0460098778,
    "eps": 1.73,
    "epsdiluted": 1.71,
    "weightedAverageShsOut": 405300000,
    "weightedAverageShsOutDil": 413900000,
    "link": "https://www.sec.gov/Archives/edgar/data/1137774/000113777419000086/0001137774-19-000086-index.htm",
    "finalLink": "https://www.sec.gov/Archives/edgar/data/1137774/000113777419000086/form10q-2q2019.htm"
  },
  {
    "date": "2019-03-31",
    "symbol": "PRU",
    "reportedCurrency": "USD",
    "cik": "0001137774",
    "fillingDate": "2019-05-03",
    "acceptedDate": "2019-05-03 16:21:44",
    "calendarYear": "2019",
    "period": "Q1",
    "revenue": 15091000000,
    "costOfRevenue": 10218000000,
    "grossProfit": 4873000000,
    "grossProfitRatio": 0.3229076933,
    "researchAndDevelopmentExpenses": 0,
    "generalAndAdministrativeExpenses": 3156000000,
    "sellingAndMarketingExpenses": 0,
    "sellingGeneralAndAdministrativeExpenses": 3156000000,
    "otherExpenses": 577000000,
    "operatingExpenses": 3733000000,
    "costAndExpenses": 13951000000,
    "interestIncome": 0,
    "interestExpense": 0,
    "depreciationAndAmortization": 20000000,
    "ebitda": 1160000000,
    "ebitdaratio": 0.0768670068,
    "operatingIncome": 1140000000,
    "operatingIncomeRatio": 0.0755417136,
    "totalOtherIncomeExpensesNet": 0,
    "incomeBeforeTax": 1140000000,
    "incomeBeforeTaxRatio": 0.0755417136,
    "incomeTaxExpense": 232000000,
    "netIncome": 932000000,
    "netIncomeRatio": 0.0617586641,
    "eps": 2.25,
    "epsdiluted": 2.22,
    "weightedAverageShsOut": 409200000,
    "weightedAverageShsOutDil": 417600000,
    "link": "https://www.sec.gov/Archives/edgar/data/1137774/000113777419000070/0001137774-19-000070-index.htm",
    "finalLink": "https://www.sec.gov/Archives/edgar/data/1137774/000113777419000070/form10q-1q2019.htm"
  },
  {
    "date": "2018-12-31",
    "symbol": "PRU",
    "reportedCurrency": "USD",
    "cik": "0001137774",
    "fillingDate": "2019-02-15",
    "acceptedDate": "2019-02-15 16:21:00",
    "calendarYear": "2018",
    "period": "Q4",
    "revenue": 18432000000,
    "costOfRevenue": 14137000000,
    "grossProfit": 4295000000,
    "grossProfitRatio": 0.2330186632,
    "researchAndDevelopmentExpenses": 0,
    "generalAndAdministrativeExpenses": 3220000000,
    "sellingAndMarketingExpenses": 0,
    "sellingGeneralAndAdministrativeExpenses": 3220000000,
    "otherExpenses": 22000000,
    "operatingExpenses": 3242000000,
    "costAndExpenses": 17379000000,
    "interestIncome": 0,
    "interestExpense": 0,
    "depreciationAndAmortization": 116000000,
    "ebitda": 1169000000,
    "ebitdaratio": 0.063422309,
    "operatingIncome": 1053000000,
    "operatingIncomeRatio": 0.0571289063,
    "totalOtherIncomeExpensesNet": 0,
    "incomeBeforeTax": 1053000000,
    "incomeBeforeTaxRatio": 0.0571289063,
    "incomeTaxExpense": 218000000,
    "netIncome": 842000000,
    "netIncomeRatio": 0.0456814236,
    "eps": 2.01,
    "epsdiluted": 1.99,
    "weightedAverageShsOut": 412700000,
    "weightedAverageShsOutDil": 421200000,
    "link": "https://www.sec.gov/Archives/edgar/data/1137774/000113777419000058/0001137774-19-000058-index.htm",
    "finalLink": "https://www.sec.gov/Archives/edgar/data/1137774/000113777419000058/form10-kx4q2018.htm"
  },
  {
    "date": "2018-09-30",
    "symbol": "PRU",
    "reportedCurrency": "USD",
    "cik": "0001137774",
    "fillingDate": "2018-11-08",
    "acceptedDate": "2018-11-08 16:18:23",
    "calendarYear": "2018",
    "period": "Q3",
    "revenue": 16148000000,
    "costOfRevenue": 10904000000,
    "grossProfit": 5244000000,
    "grossProfitRatio": 0.3247460986,
    "researchAndDevelopmentExpenses": 0,
    "generalAndAdministrativeExpenses": 2960000000,
    "sellingAndMarketingExpenses": 0,
    "sellingGeneralAndAdministrativeExpenses": 2960000000,
    "otherExpenses": 446000000,
    "operatingExpenses": 3406000000,
    "costAndExpenses": 14310000000,
    "interestIncome": 0,
    "interestExpense": 0,
    "depreciationAndAmortization": -3000000,
    "ebitda": 1835000000,
    "ebitdaratio": 0.1136363636,
    "operatingIncome": 1838000000,
    "operatingIncomeRatio": 0.1138221452,
    "totalOtherIncomeExpensesNet": 0,
    "incomeBeforeTax": 1838000000,
    "incomeBeforeTaxRatio": 0.1138221452,
    "incomeTaxExpense": 184000000,
    "netIncome": 1672000000,
    "netIncomeRatio": 0.1035422343,
    "eps": 3.97,
    "epsdiluted": 3.9,
    "weightedAverageShsOut": 416200000,
    "weightedAverageShsOutDil": 424700000,
    "link": "https://www.sec.gov/Archives/edgar/data/1137774/000113777418000099/0001137774-18-000099-index.htm",
    "finalLink": "https://www.sec.gov/Archives/edgar/data/1137774/000113777418000099/form10q-3q2018.htm"
  },
  {
    "date": "2018-06-30",
    "symbol": "PRU",
    "reportedCurrency": "USD",
    "cik": "0001137774",
    "fillingDate": "2018-08-03",
    "acceptedDate": "2018-08-03 16:18:31",
    "calendarYear": "2018",
    "period": "Q2",
    "revenue": 14655000000,
    "costOfRevenue": 11019000000,
    "grossProfit": 3636000000,
    "grossProfitRatio": 0.2481064483,
    "researchAndDevelopmentExpenses": 0,
    "generalAndAdministrativeExpenses": 2846000000,
    "sellingAndMarketingExpenses": 0,
    "sellingGeneralAndAdministrativeExpenses": 2846000000,
    "otherExpenses": 540000000,
    "operatingExpenses": 3386000000,
    "costAndExpenses": 14405000000,
    "interestIncome": 0,
    "interestExpense": 0,
    "depreciationAndAmortization": 70000000,
    "ebitda": 320000000,
    "ebitdaratio": 0.021835551,
    "operatingIncome": 250000000,
    "operatingIncomeRatio": 0.0170590242,
    "totalOtherIncomeExpensesNet": 0,
    "incomeBeforeTax": 250000000,
    "incomeBeforeTaxRatio": 0.0170590242,
    "incomeTaxExpense": 68000000,
    "netIncome": 197000000,
    "netIncomeRatio": 0.0134425111,
    "eps": 0.46,
    "epsdiluted": 0.46,
    "weightedAverageShsOut": 405300000,
    "weightedAverageShsOutDil": 417711331,
    "link": "https://www.sec.gov/Archives/edgar/data/1137774/000113777418000082/0001137774-18-000082-index.htm",
    "finalLink": "https://www.sec.gov/Archives/edgar/data/1137774/000113777418000082/form10q-2q2018.htm"
  },
  {
    "date": "2018-03-31",
    "symbol": "PRU",
    "reportedCurrency": "USD",
    "cik": "0001137774",
    "fillingDate": "2018-05-04",
    "acceptedDate": "2018-05-04 16:17:35",
    "calendarYear": "2018",
    "period": "Q1",
    "revenue": 13757000000,
    "costOfRevenue": 8813000000,
    "grossProfit": 4944000000,
    "grossProfitRatio": 0.3593806789,
    "researchAndDevelopmentExpenses": 0,
    "generalAndAdministrativeExpenses": 2923000000,
    "sellingAndMarketingExpenses": 0,
    "sellingGeneralAndAdministrativeExpenses": 2923000000,
    "otherExpenses": 328000000,
    "operatingExpenses": 3251000000,
    "costAndExpenses": 12064000000,
    "interestIncome": 0,
    "interestExpense": 0,
    "depreciationAndAmortization": -22000000,
    "ebitda": 1671000000,
    "ebitdaratio": 0.1214654358,
    "operatingIncome": 1693000000,
    "operatingIncomeRatio": 0.1230646216,
    "totalOtherIncomeExpensesNet": 0,
    "incomeBeforeTax": 1693000000,
    "incomeBeforeTaxRatio": 0.1230646216,
    "incomeTaxExpense": 352000000,
    "netIncome": 1363000000,
    "netIncomeRatio": 0.0990768336,
    "eps": 3.2,
    "epsdiluted": 3.14,
    "weightedAverageShsOut": 422000000,
    "weightedAverageShsOutDil": 430900000,
    "link": "https://www.sec.gov/Archives/edgar/data/1137774/000113777418000075/0001137774-18-000075-index.htm",
    "finalLink": "https://www.sec.gov/Archives/edgar/data/1137774/000113777418000075/form10q-1q2018.htm"
  },
  {
    "date": "2017-12-31",
    "symbol": "PRU",
    "reportedCurrency": "USD",
    "cik": "0001137774",
    "fillingDate": "2018-02-16",
    "acceptedDate": "2018-02-16 16:19:47",
    "calendarYear": "2017",
    "period": "Q4",
    "revenue": 16265000000,
    "costOfRevenue": 11562000000,
    "grossProfit": 4703000000,
    "grossProfitRatio": 0.2891484783,
    "researchAndDevelopmentExpenses": 0,
    "generalAndAdministrativeExpenses": 3102000000,
    "sellingAndMarketingExpenses": 0,
    "sellingGeneralAndAdministrativeExpenses": 3102000000,
    "otherExpenses": 485000000,
    "operatingExpenses": 3587000000,
    "costAndExpenses": 15149000000,
    "interestIncome": 0,
    "interestExpense": 0,
    "depreciationAndAmortization": -49000000,
    "ebitda": 1067000000,
    "ebitdaratio": 0.0656009837,
    "operatingIncome": 1116000000,
    "operatingIncomeRatio": 0.0686135875,
    "totalOtherIncomeExpensesNet": 0,
    "incomeBeforeTax": 1116000000,
    "incomeBeforeTaxRatio": 0.0686135875,
    "incomeTaxExpense": -2758000000,
    "netIncome": 3765000000,
    "netIncomeRatio": 0.2314786351,
    "eps": 8.78,
    "epsdiluted": 8.61,
    "weightedAverageShsOut": 423700000,
    "weightedAverageShsOutDil": 432700000,
    "link": "https://www.sec.gov/Archives/edgar/data/1137774/000113777418000063/0001137774-18-000063-index.htm",
    "finalLink": "https://www.sec.gov/Archives/edgar/data/1137774/000113777418000063/form10-kx4q2017.htm"
  },
  {
    "date": "2017-09-30",
    "symbol": "PRU",
    "reportedCurrency": "USD",
    "cik": "0001137774",
    "fillingDate": "2017-11-03",
    "acceptedDate": "2017-11-03 16:18:10",
    "calendarYear": "2017",
    "period": "Q3",
    "revenue": 16313000000,
    "costOfRevenue": 9871000000,
    "grossProfit": 6442000000,
    "grossProfitRatio": 0.3948997732,
    "researchAndDevelopmentExpenses": 0,
    "generalAndAdministrativeExpenses": 2921000000,
    "sellingAndMarketingExpenses": 0,
    "sellingGeneralAndAdministrativeExpenses": 2921000000,
    "otherExpenses": 500000000,
    "operatingExpenses": 3421000000,
    "costAndExpenses": 13292000000,
    "interestIncome": 0,
    "interestExpense": 0,
    "depreciationAndAmortization": 164000000,
    "ebitda": 3185000000,
    "ebitdaratio": 0.1952430577,
    "operatingIncome": 3021000000,
    "operatingIncomeRatio": 0.185189726,
    "totalOtherIncomeExpensesNet": 0,
    "incomeBeforeTax": 3021000000,
    "incomeBeforeTaxRatio": 0.185189726,
    "incomeTaxExpense": 800000000,
    "netIncome": 2238000000,
    "netIncomeRatio": 0.1371911972,
    "eps": 5.19,
    "epsdiluted": 5.09,
    "weightedAverageShsOut": 426200000,
    "weightedAverageShsOutDil": 435000000,
    "link": "https://www.sec.gov/Archives/edgar/data/1137774/000113777417000119/0001137774-17-000119-index.htm",
    "finalLink": "https://www.sec.gov/Archives/edgar/data/1137774/000113777417000119/form10q-3q2017.htm"
  },
  {
    "date": "2017-06-30",
    "symbol": "PRU",
    "reportedCurrency": "USD",
    "cik": "0001137774",
    "fillingDate": "2017-08-04",
    "acceptedDate": "2017-08-04 16:18:29",
    "calendarYear": "2017",
    "period": "Q2",
    "revenue": 13441000000,
    "costOfRevenue": 9359000000,
    "grossProfit": 4082000000,
    "grossProfitRatio": 0.3036976415,
    "researchAndDevelopmentExpenses": 0,
    "generalAndAdministrativeExpenses": 2983000000,
    "sellingAndMarketingExpenses": 0,
    "sellingGeneralAndAdministrativeExpenses": 2983000000,
    "otherExpenses": 491000000,
    "operatingExpenses": 3474000000,
    "costAndExpenses": 12833000000,
    "interestIncome": 0,
    "interestExpense": 0,
    "depreciationAndAmortization": 157000000,
    "ebitda": 765000000,
    "ebitdaratio": 0.0569154081,
    "operatingIncome": 608000000,
    "operatingIncomeRatio": 0.0452347296,
    "totalOtherIncomeExpensesNet": 0,
    "incomeBeforeTax": 608000000,
    "incomeBeforeTaxRatio": 0.0452347296,
    "incomeTaxExpense": 125000000,
    "netIncome": 491000000,
    "netIncomeRatio": 0.0365300201,
    "eps": 1.13,
    "epsdiluted": 1.12,
    "weightedAverageShsOut": 427044124,
    "weightedAverageShsOutDil": 427044124,
    "link": "https://www.sec.gov/Archives/edgar/data/1137774/000113777417000104/0001137774-17-000104-index.htm",
    "finalLink": "https://www.sec.gov/Archives/edgar/data/1137774/000113777417000104/form10q-2q2017.htm"
  },
  {
    "date": "2017-03-31",
    "symbol": "PRU",
    "reportedCurrency": "USD",
    "cik": "0001137774",
    "fillingDate": "2017-05-05",
    "acceptedDate": "2017-05-05 16:18:15",
    "calendarYear": "2017",
    "period": "Q1",
    "revenue": 13670000000,
    "costOfRevenue": 8404000000,
    "grossProfit": 5266000000,
    "grossProfitRatio": 0.3852231163,
    "researchAndDevelopmentExpenses": 0,
    "generalAndAdministrativeExpenses": 2909000000,
    "sellingAndMarketingExpenses": 0,
    "sellingGeneralAndAdministrativeExpenses": 2909000000,
    "otherExpenses": 615000000,
    "operatingExpenses": 3524000000,
    "costAndExpenses": 11928000000,
    "interestIncome": 0,
    "interestExpense": 0,
    "depreciationAndAmortization": -50000000,
    "ebitda": 1692000000,
    "ebitdaratio": 0.1237746891,
    "operatingIncome": 1742000000,
    "operatingIncomeRatio": 0.1274323336,
    "totalOtherIncomeExpensesNet": 0,
    "incomeBeforeTax": 1742000000,
    "incomeBeforeTaxRatio": 0.1274323336,
    "incomeTaxExpense": 395000000,
    "netIncome": 1369000000,
    "netIncomeRatio": 0.1001463058,
    "eps": 3.14,
    "epsdiluted": 3.09,
    "weightedAverageShsOut": 429296283,
    "weightedAverageShsOutDil": 429296283,
    "link": "https://www.sec.gov/Archives/edgar/data/1137774/000113777417000092/0001137774-17-000092-index.htm",
    "finalLink": "https://www.sec.gov/Archives/edgar/data/1137774/000113777417000092/form10q-1q2017.htm"
  },
  {
    "date": "2016-12-31",
    "symbol": "PRU",
    "reportedCurrency": "USD",
    "cik": "0001137774",
    "fillingDate": "2017-02-17",
    "acceptedDate": "2017-02-17 16:20:56",
    "calendarYear": "2016",
    "period": "Q4",
    "revenue": 13050000000,
    "costOfRevenue": 9183000000,
    "grossProfit": 3867000000,
    "grossProfitRatio": 0.2963218391,
    "researchAndDevelopmentExpenses": 0,
    "generalAndAdministrativeExpenses": 2958000000,
    "sellingAndMarketingExpenses": 0,
    "sellingGeneralAndAdministrativeExpenses": 2958000000,
    "otherExpenses": 592000000,
    "operatingExpenses": 3550000000,
    "costAndExpenses": 12733000000,
    "interestIncome": 0,
    "interestExpense": 0,
    "depreciationAndAmortization": -84000000,
    "ebitda": 233000000,
    "ebitdaratio": 0.0178544061,
    "operatingIncome": 317000000,
    "operatingIncomeRatio": 0.0242911877,
    "totalOtherIncomeExpensesNet": 0,
    "incomeBeforeTax": 317000000,
    "incomeBeforeTaxRatio": 0.0242911877,
    "incomeTaxExpense": 35000000,
    "netIncome": 284000000,
    "netIncomeRatio": 0.0217624521,
    "eps": 0.65,
    "epsdiluted": 0.65,
    "weightedAverageShsOut": 429574173,
    "weightedAverageShsOutDil": 429574173,
    "link": "https://www.sec.gov/Archives/edgar/data/1137774/000113777417000084/0001137774-17-000084-index.htm",
    "finalLink": "https://www.sec.gov/Archives/edgar/data/1137774/000113777417000084/form10-kx4q2016.htm"
  },
  {
    "date": "2016-09-30",
    "symbol": "PRU",
    "reportedCurrency": "USD",
    "cik": "0001137774",
    "fillingDate": "2016-11-04",
    "acceptedDate": "2016-11-04 16:20:29",
    "calendarYear": "2016",
    "period": "Q3",
    "revenue": 16961000000,
    "costOfRevenue": 11094000000,
    "grossProfit": 5867000000,
    "grossProfitRatio": 0.3459112081,
    "researchAndDevelopmentExpenses": 0,
    "generalAndAdministrativeExpenses": 2983000000,
    "sellingAndMarketingExpenses": 0,
    "sellingGeneralAndAdministrativeExpenses": 2983000000,
    "otherExpenses": 569000000,
    "operatingExpenses": 3552000000,
    "costAndExpenses": 14646000000,
    "interestIncome": 0,
    "interestExpense": 0,
    "depreciationAndAmortization": -22000000,
    "ebitda": 2293000000,
    "ebitdaratio": 0.1351925004,
    "operatingIncome": 2315000000,
    "operatingIncomeRatio": 0.1364895938,
    "totalOtherIncomeExpensesNet": 0,
    "incomeBeforeTax": 2315000000,
    "incomeBeforeTaxRatio": 0.1364895938,
    "incomeTaxExpense": 501000000,
    "netIncome": 1827000000,
    "netIncomeRatio": 0.1077177053,
    "eps": 4.14,
    "epsdiluted": 4.07,
    "weightedAverageShsOut": 431704363,
    "weightedAverageShsOutDil": 431704363,
    "link": "https://www.sec.gov/Archives/edgar/data/1137774/000113777416000266/0001137774-16-000266-index.htm",
    "finalLink": "https://www.sec.gov/Archives/edgar/data/1137774/000113777416000266/form10-qx3q2016.htm"
  },
  {
    "date": "2016-06-30",
    "symbol": "PRU",
    "reportedCurrency": "USD",
    "cik": "0001137774",
    "fillingDate": "2016-08-05",
    "acceptedDate": "2016-08-05 17:20:50",
    "calendarYear": "2016",
    "period": "Q2",
    "revenue": 14439000000,
    "costOfRevenue": 9474000000,
    "grossProfit": 4965000000,
    "grossProfitRatio": 0.3438603781,
    "researchAndDevelopmentExpenses": 0,
    "generalAndAdministrativeExpenses": 3026000000,
    "sellingAndMarketingExpenses": 0,
    "sellingGeneralAndAdministrativeExpenses": 3026000000,
    "otherExpenses": 598000000,
    "operatingExpenses": 3624000000,
    "costAndExpenses": 13098000000,
    "interestIncome": 0,
    "interestExpense": 0,
    "depreciationAndAmortization": 257000000,
    "ebitda": 1598000000,
    "ebitdaratio": 0.1106724842,
    "operatingIncome": 1341000000,
    "operatingIncomeRatio": 0.0928734677,
    "totalOtherIncomeExpensesNet": 0,
    "incomeBeforeTax": 1341000000,
    "incomeBeforeTaxRatio": 0.0928734677,
    "incomeTaxExpense": 431000000,
    "netIncome": 921000000,
    "netIncomeRatio": 0.0637855807,
    "eps": 2.06,
    "epsdiluted": 2.04,
    "weightedAverageShsOut": 438739038,
    "weightedAverageShsOutDil": 438739038,
    "link": "https://www.sec.gov/Archives/edgar/data/1137774/000113777416000256/0001137774-16-000256-index.htm",
    "finalLink": "https://www.sec.gov/Archives/edgar/data/1137774/000113777416000256/form10-qx2q2016.htm"
  },
  {
    "date": "2016-03-31",
    "symbol": "PRU",
    "reportedCurrency": "USD",
    "cik": "0001137774",
    "fillingDate": "2016-05-06",
    "acceptedDate": "2016-05-06 16:19:24",
    "calendarYear": "2016",
    "period": "Q1",
    "revenue": 14329000000,
    "costOfRevenue": 9519000000,
    "grossProfit": 4810000000,
    "grossProfitRatio": 0.3356828809,
    "researchAndDevelopmentExpenses": 0,
    "generalAndAdministrativeExpenses": 2812000000,
    "sellingAndMarketingExpenses": 0,
    "sellingGeneralAndAdministrativeExpenses": 2812000000,
    "otherExpenses": 266000000,
    "operatingExpenses": 3078000000,
    "costAndExpenses": 12597000000,
    "interestIncome": 0,
    "interestExpense": 0,
    "depreciationAndAmortization": 167000000,
    "ebitda": 1899000000,
    "ebitdaratio": 0.1325284388,
    "operatingIncome": 1732000000,
    "operatingIncomeRatio": 0.1208737525,
    "totalOtherIncomeExpensesNet": 0,
    "incomeBeforeTax": 1732000000,
    "incomeBeforeTaxRatio": 0.1208737525,
    "incomeTaxExpense": 368000000,
    "netIncome": 1336000000,
    "netIncomeRatio": 0.0932374904,
    "eps": 2.97,
    "epsdiluted": 2.93,
    "weightedAverageShsOut": 443146404,
    "weightedAverageShsOutDil": 443146404,
    "link": "https://www.sec.gov/Archives/edgar/data/1137774/000113777416000243/0001137774-16-000243-index.htm",
    "finalLink": "https://www.sec.gov/Archives/edgar/data/1137774/000113777416000243/form10-qx1q2016.htm"
  },
  {
    "date": "2015-12-31",
    "symbol": "PRU",
    "reportedCurrency": "USD",
    "cik": "0001137774",
    "fillingDate": "2016-02-19",
    "acceptedDate": "2016-02-19 16:22:47",
    "calendarYear": "2015",
    "period": "Q4",
    "revenue": 14256000000,
    "costOfRevenue": 9892000000,
    "grossProfit": 4364000000,
    "grossProfitRatio": 0.3061167228,
    "researchAndDevelopmentExpenses": 0,
    "generalAndAdministrativeExpenses": 2894000000,
    "sellingAndMarketingExpenses": 0,
    "sellingGeneralAndAdministrativeExpenses": 2894000000,
    "otherExpenses": 627000000,
    "operatingExpenses": 3521000000,
    "costAndExpenses": 13413000000,
    "interestIncome": 0,
    "interestExpense": 0,
    "depreciationAndAmortization": -13000000,
    "ebitda": 830000000,
    "ebitdaratio": 0.0582210999,
    "operatingIncome": 843000000,
    "operatingIncomeRatio": 0.0591329966,
    "totalOtherIncomeExpensesNet": 0,
    "incomeBeforeTax": 843000000,
    "incomeBeforeTaxRatio": 0.0591329966,
    "incomeTaxExpense": 110000000,
    "netIncome": 735000000,
    "netIncomeRatio": 0.0515572391,
    "eps": 1.62,
    "epsdiluted": 1.6,
    "weightedAverageShsOut": 447101369,
    "weightedAverageShsOutDil": 459375000,
    "link": "https://www.sec.gov/Archives/edgar/data/1137774/000113777416000226/0001137774-16-000226-index.htm",
    "finalLink": "https://www.sec.gov/Archives/edgar/data/1137774/000113777416000226/pfi201510-k.htm"
  },
  {
    "date": "2015-09-30",
    "symbol": "PRU",
    "reportedCurrency": "USD",
    "cik": "0001137774",
    "fillingDate": "2015-11-05",
    "acceptedDate": "2015-11-05 16:20:23",
    "calendarYear": "2015",
    "period": "Q3",
    "revenue": 13599000000,
    "costOfRevenue": 8410000000,
    "grossProfit": 5189000000,
    "grossProfitRatio": 0.3815721744,
    "researchAndDevelopmentExpenses": 0,
    "generalAndAdministrativeExpenses": 2773000000,
    "sellingAndMarketingExpenses": 0,
    "sellingGeneralAndAdministrativeExpenses": 2773000000,
    "otherExpenses": 367000000,
    "operatingExpenses": 3140000000,
    "costAndExpenses": 11550000000,
    "interestIncome": 0,
    "interestExpense": 0,
    "depreciationAndAmortization": 174000000,
    "ebitda": 2223000000,
    "ebitdaratio": 0.1634679021,
    "operatingIncome": 2049000000,
    "operatingIncomeRatio": 0.1506728436,
    "totalOtherIncomeExpensesNet": 0,
    "incomeBeforeTax": 2049000000,
    "incomeBeforeTaxRatio": 0.1506728436,
    "incomeTaxExpense": 584000000,
    "netIncome": 1465000000,
    "netIncomeRatio": 0.1077285094,
    "eps": 3.22,
    "epsdiluted": 3.16,
    "weightedAverageShsOut": 449443830,
    "weightedAverageShsOutDil": 463607595,
    "link": "https://www.sec.gov/Archives/edgar/data/1137774/000113777415000132/0001137774-15-000132-index.htm",
    "finalLink": "https://www.sec.gov/Archives/edgar/data/1137774/000113777415000132/form10-qx3q2015.htm"
  },
  {
    "date": "2015-06-30",
    "symbol": "PRU",
    "reportedCurrency": "USD",
    "cik": "0001137774",
    "fillingDate": "2015-08-06",
    "acceptedDate": "2015-08-06 16:04:21",
    "calendarYear": "2015",
    "period": "Q2",
    "revenue": 13712000000,
    "costOfRevenue": 8663000000,
    "grossProfit": 5049000000,
    "grossProfitRatio": 0.3682176196,
    "researchAndDevelopmentExpenses": 0,
    "generalAndAdministrativeExpenses": 2483000000,
    "sellingAndMarketingExpenses": 0,
    "sellingGeneralAndAdministrativeExpenses": 2483000000,
    "otherExpenses": 437000000,
    "operatingExpenses": 2920000000,
    "costAndExpenses": 11583000000,
    "interestIncome": 0,
    "interestExpense": 0,
    "depreciationAndAmortization": -218000000,
    "ebitda": 1911000000,
    "ebitdaratio": 0.1393669778,
    "operatingIncome": 2129000000,
    "operatingIncomeRatio": 0.1552654609,
    "totalOtherIncomeExpensesNet": 0,
    "incomeBeforeTax": 2129000000,
    "incomeBeforeTaxRatio": 0.1552654609,
    "incomeTaxExpense": 679000000,
    "netIncome": 1406000000,
    "netIncomeRatio": 0.102537923,
    "eps": 3.07,
    "epsdiluted": 3.03,
    "weightedAverageShsOut": 451912251,
    "weightedAverageShsOutDil": 464026403,
    "link": "https://www.sec.gov/Archives/edgar/data/1137774/000113777415000114/0001137774-15-000114-index.htm",
    "finalLink": "https://www.sec.gov/Archives/edgar/data/1137774/000113777415000114/form10-qx2q2015.htm"
  },
  {
    "date": "2015-03-31",
    "symbol": "PRU",
    "reportedCurrency": "USD",
    "cik": "0001137774",
    "fillingDate": "2015-05-07",
    "acceptedDate": "2015-05-07 16:14:44",
    "calendarYear": "2015",
    "period": "Q1",
    "revenue": 15552000000,
    "costOfRevenue": 9261000000,
    "grossProfit": 6291000000,
    "grossProfitRatio": 0.4045138889,
    "researchAndDevelopmentExpenses": 0,
    "generalAndAdministrativeExpenses": 2762000000,
    "sellingAndMarketingExpenses": 0,
    "sellingGeneralAndAdministrativeExpenses": 2762000000,
    "otherExpenses": 781000000,
    "operatingExpenses": 3543000000,
    "costAndExpenses": 12804000000,
    "interestIncome": 0,
    "interestExpense": 0,
    "depreciationAndAmortization": 170000000,
    "ebitda": 2918000000,
    "ebitdaratio": 0.1876286008,
    "operatingIncome": 2748000000,
    "operatingIncomeRatio": 0.1766975309,
    "totalOtherIncomeExpensesNet": 0,
    "incomeBeforeTax": 2748000000,
    "incomeBeforeTaxRatio": 0.1766975309,
    "incomeTaxExpense": 699000000,
    "netIncome": 2036000000,
    "netIncomeRatio": 0.1309156379,
    "eps": 4.44,
    "epsdiluted": 4.37,
    "weightedAverageShsOut": 454279279,
    "weightedAverageShsOutDil": 462471396,
    "link": "https://www.sec.gov/Archives/edgar/data/1137774/000119312515177113/0001193125-15-177113-index.htm",
    "finalLink": "https://www.sec.gov/Archives/edgar/data/1137774/000119312515177113/d917302d10q.htm"
  },
  {
    "date": "2014-12-31",
    "symbol": "PRU",
    "reportedCurrency": "USD",
    "cik": "0001137774",
    "fillingDate": "2015-02-20",
    "acceptedDate": "2015-02-20 16:28:38",
    "calendarYear": "2014",
    "period": "Q4",
    "revenue": 15725000000,
    "costOfRevenue": 13297000000,
    "grossProfit": 2428000000,
    "grossProfitRatio": 0.1544038156,
    "researchAndDevelopmentExpenses": 0,
    "generalAndAdministrativeExpenses": 3518000000,
    "sellingAndMarketingExpenses": 0,
    "sellingGeneralAndAdministrativeExpenses": 3518000000,
    "otherExpenses": 660000000,
    "operatingExpenses": 4178000000,
    "costAndExpenses": 17475000000,
    "interestIncome": 0,
    "interestExpense": 0,
    "depreciationAndAmortization": 177000000,
    "ebitda": -1573000000,
    "ebitdaratio": -0.1000317965,
    "operatingIncome": -1750000000,
    "operatingIncomeRatio": -0.1112877583,
    "totalOtherIncomeExpensesNet": 0,
    "incomeBeforeTax": -1750000000,
    "incomeBeforeTaxRatio": -0.1112877583,
    "incomeTaxExpense": -294000000,
    "netIncome": -1459000000,
    "netIncomeRatio": -0.092782194,
    "eps": -3.18,
    "epsdiluted": -3.18,
    "weightedAverageShsOut": 456833477,
    "weightedAverageShsOutDil": 542379182,
    "link": "https://www.sec.gov/Archives/edgar/data/1137774/000119312515056366/0001193125-15-056366-index.htm",
    "finalLink": "https://www.sec.gov/Archives/edgar/data/1137774/000119312515056366/d864090d10k.htm"
  },
  {
    "date": "2014-09-30",
    "symbol": "PRU",
    "reportedCurrency": "USD",
    "cik": "0001137774",
    "fillingDate": "2014-11-06",
    "acceptedDate": "2014-11-06 16:43:12",
    "calendarYear": "2014",
    "period": "Q3",
    "revenue": 12380000000,
    "costOfRevenue": 8562000000,
    "grossProfit": 3818000000,
    "grossProfitRatio": 0.3084006462,
    "researchAndDevelopmentExpenses": 0,
    "generalAndAdministrativeExpenses": 2789000000,
    "sellingAndMarketingExpenses": 0,
    "sellingGeneralAndAdministrativeExpenses": 2789000000,
    "otherExpenses": 745000000,
    "operatingExpenses": 3534000000,
    "costAndExpenses": 12096000000,
    "interestIncome": 0,
    "interestExpense": 0,
    "depreciationAndAmortization": 275000000,
    "ebitda": 559000000,
    "ebitdaratio": 0.0451534733,
    "operatingIncome": 284000000,
    "operatingIncomeRatio": 0.0229402262,
    "totalOtherIncomeExpensesNet": 0,
    "incomeBeforeTax": 284000000,
    "incomeBeforeTaxRatio": 0.0229402262,
    "incomeTaxExpense": -234000000,
    "netIncome": 512000000,
    "netIncomeRatio": 0.0413570275,
    "eps": 1.1,
    "epsdiluted": 1.08,
    "weightedAverageShsOut": 459093830,
    "weightedAverageShsOutDil": 517171717,
    "link": "https://www.sec.gov/Archives/edgar/data/1137774/000119312514401146/0001193125-14-401146-index.htm",
    "finalLink": "https://www.sec.gov/Archives/edgar/data/1137774/000119312514401146/d802024d10q.htm"
  },
  {
    "date": "2014-06-30",
    "symbol": "PRU",
    "reportedCurrency": "USD",
    "cik": "0001137774",
    "fillingDate": "2014-08-07",
    "acceptedDate": "2014-08-07 16:26:06",
    "calendarYear": "2014",
    "period": "Q2",
    "revenue": 13146000000,
    "costOfRevenue": 8126000000,
    "grossProfit": 5020000000,
    "grossProfitRatio": 0.3818652061,
    "researchAndDevelopmentExpenses": 0,
    "generalAndAdministrativeExpenses": 2802000000,
    "sellingAndMarketingExpenses": 0,
    "sellingGeneralAndAdministrativeExpenses": 2802000000,
    "otherExpenses": 711000000,
    "operatingExpenses": 3513000000,
    "costAndExpenses": 11639000000,
    "interestIncome": 0,
    "interestExpense": 0,
    "depreciationAndAmortization": 138000000,
    "ebitda": 1645000000,
    "ebitdaratio": 0.1251331203,
    "operatingIncome": 1507000000,
    "operatingIncomeRatio": 0.1146356306,
    "totalOtherIncomeExpensesNet": 0,
    "incomeBeforeTax": 1507000000,
    "incomeBeforeTaxRatio": 0.1146356306,
    "incomeTaxExpense": 404000000,
    "netIncome": 1090000000,
    "netIncomeRatio": 0.0829149551,
    "eps": 2.33,
    "epsdiluted": 2.29,
    "weightedAverageShsOut": 456637168,
    "weightedAverageShsOutDil": 460403997,
    "link": "https://www.sec.gov/Archives/edgar/data/1137774/000119312514300765/0001193125-14-300765-index.htm",
    "finalLink": "https://www.sec.gov/Archives/edgar/data/1137774/000119312514300765/d756524d10q.htm"
  },
  {
    "date": "2014-03-31",
    "symbol": "PRU",
    "reportedCurrency": "USD",
    "cik": "0001137774",
    "fillingDate": "2014-05-08",
    "acceptedDate": "2014-05-08 16:13:52",
    "calendarYear": "2014",
    "period": "Q1",
    "revenue": 12854000000,
    "costOfRevenue": 7838000000,
    "grossProfit": 5016000000,
    "grossProfitRatio": 0.3902287226,
    "researchAndDevelopmentExpenses": 0,
    "generalAndAdministrativeExpenses": 2698000000,
    "sellingAndMarketingExpenses": 0,
    "sellingGeneralAndAdministrativeExpenses": 2698000000,
    "otherExpenses": 600000000,
    "operatingExpenses": 3298000000,
    "costAndExpenses": 11136000000,
    "interestIncome": 0,
    "interestExpense": 0,
    "depreciationAndAmortization": 41000000,
    "ebitda": 1759000000,
    "ebitdaratio": 0.136844562,
    "operatingIncome": 1718000000,
    "operatingIncomeRatio": 0.1336548934,
    "totalOtherIncomeExpensesNet": 0,
    "incomeBeforeTax": 1718000000,
    "incomeBeforeTaxRatio": 0.1336548934,
    "incomeTaxExpense": 473000000,
    "netIncome": 1238000000,
    "netIncomeRatio": 0.0963124319,
    "eps": 2.64,
    "epsdiluted": 2.59,
    "weightedAverageShsOut": 462427045,
    "weightedAverageShsOutDil": 472972973,
    "link": "https://www.sec.gov/Archives/edgar/data/1137774/000119312514189986/0001193125-14-189986-index.htm",
    "finalLink": "https://www.sec.gov/Archives/edgar/data/1137774/000119312514189986/d709084d10q.htm"
  },
  {
    "date": "2013-12-31",
    "symbol": "PRU",
    "reportedCurrency": "USD",
    "cik": "0001137774",
    "fillingDate": "2014-06-04",
    "acceptedDate": "2014-06-04 16:07:20",
    "calendarYear": "2013",
    "period": "Q4",
    "revenue": 9889000000,
    "costOfRevenue": 7415000000,
    "grossProfit": 2474000000,
    "grossProfitRatio": 0.2501769643,
    "researchAndDevelopmentExpenses": 0,
    "generalAndAdministrativeExpenses": 2943000000,
    "sellingAndMarketingExpenses": 0,
    "sellingGeneralAndAdministrativeExpenses": 2943000000,
    "otherExpenses": 463000000,
    "operatingExpenses": 3406000000,
    "costAndExpenses": 10821000000,
    "interestIncome": 0,
    "interestExpense": 0,
    "depreciationAndAmortization": 73000000,
    "ebitda": -859000000,
    "ebitdaratio": -0.0868641925,
    "operatingIncome": -932000000,
    "operatingIncomeRatio": -0.0942461321,
    "totalOtherIncomeExpensesNet": 0,
    "incomeBeforeTax": -932000000,
    "incomeBeforeTaxRatio": -0.0942461321,
    "incomeTaxExpense": -463000000,
    "netIncome": -482000000,
    "netIncomeRatio": -0.0487410254,
    "eps": -0.99,
    "epsdiluted": -0.99,
    "weightedAverageShsOut": 462427045,
    "weightedAverageShsOutDil": 462427045,
    "link": "https://www.sec.gov/Archives/edgar/data/1137774/000119312514225681/0001193125-14-225681-index.htm",
    "finalLink": "https://www.sec.gov/Archives/edgar/data/1137774/000119312514225681/d738360d10ka.htm"
  },
  {
    "date": "2013-09-30",
    "symbol": "PRU",
    "reportedCurrency": "USD",
    "cik": "0001137774",
    "fillingDate": "2013-11-07",
    "acceptedDate": "2013-11-07 16:23:06",
    "calendarYear": "2013",
    "period": "Q3",
    "revenue": 11310000000,
    "costOfRevenue": 6544000000,
    "grossProfit": 4766000000,
    "grossProfitRatio": 0.4213969938,
    "researchAndDevelopmentExpenses": 0,
    "generalAndAdministrativeExpenses": 2658000000,
    "sellingAndMarketingExpenses": 0,
    "sellingGeneralAndAdministrativeExpenses": 2658000000,
    "otherExpenses": 582000000,
    "operatingExpenses": 3240000000,
    "costAndExpenses": 9784000000,
    "interestIncome": 0,
    "interestExpense": 0,
    "depreciationAndAmortization": 177000000,
    "ebitda": 1703000000,
    "ebitdaratio": 0.1505747126,
    "operatingIncome": 1526000000,
    "operatingIncomeRatio": 0.1349248453,
    "totalOtherIncomeExpensesNet": 0,
    "incomeBeforeTax": 1526000000,
    "incomeBeforeTaxRatio": 0.1349248453,
    "incomeTaxExpense": 497000000,
    "netIncome": 1027000000,
    "netIncomeRatio": 0.0908045977,
    "eps": 2.17,
    "epsdiluted": 2.14,
    "weightedAverageShsOut": 457819905,
    "weightedAverageShsOutDil": 468599034,
    "link": "https://www.sec.gov/Archives/edgar/data/1137774/000119312513432887/0001193125-13-432887-index.htm",
    "finalLink": "https://www.sec.gov/Archives/edgar/data/1137774/000119312513432887/d614906d10q.htm"
  },
  {
    "date": "2013-06-30",
    "symbol": "PRU",
    "reportedCurrency": "USD",
    "cik": "0001137774",
    "fillingDate": "2013-08-08",
    "acceptedDate": "2013-08-08 16:11:30",
    "calendarYear": "2013",
    "period": "Q2",
    "revenue": 10041000000,
    "costOfRevenue": 7638000000,
    "grossProfit": 2403000000,
    "grossProfitRatio": 0.2393187929,
    "researchAndDevelopmentExpenses": 0,
    "generalAndAdministrativeExpenses": 2727000000,
    "sellingAndMarketingExpenses": 0,
    "sellingGeneralAndAdministrativeExpenses": 2727000000,
    "otherExpenses": 445000000,
    "operatingExpenses": 3172000000,
    "costAndExpenses": 10810000000,
    "interestIncome": 0,
    "interestExpense": 0,
    "depreciationAndAmortization": 52000000,
    "ebitda": -717000000,
    "ebitdaratio": -0.0714072304,
    "operatingIncome": -769000000,
    "operatingIncomeRatio": -0.0765859974,
    "totalOtherIncomeExpensesNet": 0,
    "incomeBeforeTax": -769000000,
    "incomeBeforeTaxRatio": -0.0765859974,
    "incomeTaxExpense": -275000000,
    "netIncome": -514000000,
    "netIncomeRatio": -0.0511901205,
    "eps": -1.1,
    "epsdiluted": -1.1,
    "weightedAverageShsOut": 464285714,
    "weightedAverageShsOutDil": 464955748,
    "link": "https://www.sec.gov/Archives/edgar/data/1137774/000119312513326827/0001193125-13-326827-index.htm",
    "finalLink": "https://www.sec.gov/Archives/edgar/data/1137774/000119312513326827/d580762d10q.htm"
  },
  {
    "date": "2013-03-31",
    "symbol": "PRU",
    "reportedCurrency": "USD",
    "cik": "0001137774",
    "fillingDate": "2013-05-03",
    "acceptedDate": "2013-05-03 16:06:09",
    "calendarYear": "2013",
    "period": "Q1",
    "revenue": 10171000000,
    "costOfRevenue": 8487000000,
    "grossProfit": 1684000000,
    "grossProfitRatio": 0.165568774,
    "researchAndDevelopmentExpenses": 0,
    "generalAndAdministrativeExpenses": 2683000000,
    "sellingAndMarketingExpenses": 0,
    "sellingGeneralAndAdministrativeExpenses": 2683000000,
    "otherExpenses": 560000000,
    "operatingExpenses": 3243000000,
    "costAndExpenses": 11730000000,
    "interestIncome": 0,
    "interestExpense": 0,
    "depreciationAndAmortization": 109000000,
    "ebitda": -1450000000,
    "ebitdaratio": -0.1425621866,
    "operatingIncome": -1559000000,
    "operatingIncomeRatio": -0.1532789303,
    "totalOtherIncomeExpensesNet": 0,
    "incomeBeforeTax": -1559000000,
    "incomeBeforeTaxRatio": -0.1532789303,
    "incomeTaxExpense": -827000000,
    "netIncome": -720000000,
    "netIncomeRatio": -0.0707894996,
    "eps": -1.55,
    "epsdiluted": -1.55,
    "weightedAverageShsOut": 464516129,
    "weightedAverageShsOutDil": 464516129,
    "link": "https://www.sec.gov/Archives/edgar/data/1137774/000119312513199098/0001193125-13-199098-index.htm",
    "finalLink": "https://www.sec.gov/Archives/edgar/data/1137774/000119312513199098/d524014d10q.htm"
  },
  {
    "date": "2012-12-31",
    "symbol": "PRU",
    "reportedCurrency": "USD",
    "cik": "0001137774",
    "fillingDate": "2013-02-22",
    "acceptedDate": "2013-02-22 16:36:17",
    "calendarYear": "2012",
    "period": "Q4",
    "revenue": 45912000000,
    "costOfRevenue": 41685000000,
    "grossProfit": 4227000000,
    "grossProfitRatio": 0.0920674334,
    "researchAndDevelopmentExpenses": 0,
    "generalAndAdministrativeExpenses": 0,
    "sellingAndMarketingExpenses": 0,
    "sellingGeneralAndAdministrativeExpenses": 2830000000,
    "otherExpenses": 1887000000,
    "operatingExpenses": 4717000000,
    "costAndExpenses": 46402000000,
    "interestIncome": 1389000000,
    "interestExpense": 0,
    "depreciationAndAmortization": 72000000,
    "ebitda": -418000000,
    "ebitdaratio": -0.0091043736,
    "operatingIncome": -490000000,
    "operatingIncomeRatio": -0.010672591,
    "totalOtherIncomeExpensesNet": 0,
    "incomeBeforeTax": -490000000,
    "incomeBeforeTaxRatio": -0.010672591,
    "incomeTaxExpense": -368000000,
    "netIncome": -144000000,
    "netIncomeRatio": -0.0031364349,
    "eps": -0.4,
    "epsdiluted": -0.4,
    "weightedAverageShsOut": 464516129,
    "weightedAverageShsOutDil": 464516129,
    "link": "https://www.sec.gov/Archives/edgar/data/1137774/000119312513071582/0001193125-13-071582-index.htm",
    "finalLink": "https://www.sec.gov/Archives/edgar/data/1137774/000119312513071582/d450278d10k.htm"
  },
  {
    "date": "2012-09-30",
    "symbol": "PRU",
    "reportedCurrency": "USD",
    "cik": "0001137774",
    "fillingDate": "2012-11-08",
    "acceptedDate": "2012-11-08 16:24:47",
    "calendarYear": "2012",
    "period": "Q3",
    "revenue": 13144000000,
    "costOfRevenue": 10815000000,
    "grossProfit": 2329000000,
    "grossProfitRatio": 0.1771911138,
    "researchAndDevelopmentExpenses": 0,
    "generalAndAdministrativeExpenses": 2742000000,
    "sellingAndMarketingExpenses": 0,
    "sellingGeneralAndAdministrativeExpenses": 2742000000,
    "otherExpenses": 517000000,
    "operatingExpenses": 3259000000,
    "costAndExpenses": 14074000000,
    "interestIncome": 0,
    "interestExpense": 0,
    "depreciationAndAmortization": 27000000,
    "ebitda": 117000000,
    "ebitdaratio": 0.0089013999,
    "operatingIncome": -930000000,
    "operatingIncomeRatio": -0.070754717,
    "totalOtherIncomeExpensesNet": 0,
    "incomeBeforeTax": -930000000,
    "incomeBeforeTaxRatio": -0.070754717,
    "incomeTaxExpense": -328000000,
    "netIncome": -584000000,
    "netIncomeRatio": -0.0444309191,
    "eps": -1.25,
    "epsdiluted": -1.25,
    "weightedAverageShsOut": 464179104,
    "weightedAverageShsOutDil": 464400000,
    "link": "https://www.sec.gov/Archives/edgar/data/1137774/000119312512460503/0001193125-12-460503-index.htm",
    "finalLink": "https://www.sec.gov/Archives/edgar/data/1137774/000119312512460503/d435322d10q.htm"
  },
  {
    "date": "2012-06-30",
    "symbol": "PRU",
    "reportedCurrency": "USD",
    "cik": "0001137774",
    "fillingDate": "2012-08-03",
    "acceptedDate": "2012-08-03 16:08:56",
    "calendarYear": "2012",
    "period": "Q2",
    "revenue": 16136000000,
    "costOfRevenue": 9911000000,
    "grossProfit": 6225000000,
    "grossProfitRatio": 0.3857833416,
    "researchAndDevelopmentExpenses": 0,
    "generalAndAdministrativeExpenses": 2652000000,
    "sellingAndMarketingExpenses": 0,
    "sellingGeneralAndAdministrativeExpenses": 2652000000,
    "otherExpenses": 604000000,
    "operatingExpenses": 3256000000,
    "costAndExpenses": 13167000000,
    "interestIncome": 0,
    "interestExpense": 312000000,
    "depreciationAndAmortization": 98000000,
    "ebitda": 3067000000,
    "ebitdaratio": 0.1900718889,
    "operatingIncome": 2969000000,
    "operatingIncomeRatio": 0.1839985126,
    "totalOtherIncomeExpensesNet": 0,
    "incomeBeforeTax": 2969000000,
    "incomeBeforeTaxRatio": 0.1839985126,
    "incomeTaxExpense": 743000000,
    "netIncome": 2224000000,
    "netIncomeRatio": 0.1378284581,
    "eps": 4.64,
    "epsdiluted": 4.64,
    "weightedAverageShsOut": 466100000,
    "weightedAverageShsOutDil": 473500000,
    "link": "https://www.sec.gov/Archives/edgar/data/1137774/000119312512334825/0001193125-12-334825-index.htm",
    "finalLink": "https://www.sec.gov/Archives/edgar/data/1137774/000119312512334825/d387610d10q.htm"
  },
  {
    "date": "2012-03-31",
    "symbol": "PRU",
    "reportedCurrency": "USD",
    "cik": "0001137774",
    "fillingDate": "2012-05-04",
    "acceptedDate": "2012-05-04 16:11:40",
    "calendarYear": "2012",
    "period": "Q1",
    "revenue": 9623000000,
    "costOfRevenue": 7184000000,
    "grossProfit": 2439000000,
    "grossProfitRatio": 0.2534552634,
    "researchAndDevelopmentExpenses": 0,
    "generalAndAdministrativeExpenses": 2760000000,
    "sellingAndMarketingExpenses": 0,
    "sellingGeneralAndAdministrativeExpenses": 2760000000,
    "otherExpenses": 442000000,
    "operatingExpenses": 3202000000,
    "costAndExpenses": 10386000000,
    "interestIncome": 0,
    "interestExpense": 0,
    "depreciationAndAmortization": 105000000,
    "ebitda": -658000000,
    "ebitdaratio": -0.0683778447,
    "operatingIncome": -763000000,
    "operatingIncomeRatio": -0.079289203,
    "totalOtherIncomeExpensesNet": 0,
    "incomeBeforeTax": -763000000,
    "incomeBeforeTaxRatio": -0.079289203,
    "incomeTaxExpense": 179000000,
    "netIncome": -939000000,
    "netIncomeRatio": -0.0975787177,
    "eps": -2.06,
    "epsdiluted": -2.06,
    "weightedAverageShsOut": 469200000,
    "weightedAverageShsOutDil": 469200000,
    "link": "https://www.sec.gov/Archives/edgar/data/1137774/000119312512211938/0001193125-12-211938-index.htm",
    "finalLink": "https://www.sec.gov/Archives/edgar/data/1137774/000119312512211938/d343544d10q.htm"
  },
  {
    "date": "2011-12-31",
    "symbol": "PRU",
    "reportedCurrency": "USD",
    "cik": "0001137774",
    "fillingDate": "2012-02-24",
    "acceptedDate": "2012-02-24 16:12:37",
    "calendarYear": "2011",
    "period": "Q4",
    "revenue": 11695000000,
    "costOfRevenue": 6945000000,
    "grossProfit": 4750000000,
    "grossProfitRatio": 0.4061564771,
    "researchAndDevelopmentExpenses": 0,
    "generalAndAdministrativeExpenses": 0,
    "sellingAndMarketingExpenses": 0,
    "sellingGeneralAndAdministrativeExpenses": 2677000000,
    "otherExpenses": 1166000000,
    "operatingExpenses": 3843000000,
    "costAndExpenses": 10788000000,
    "interestIncome": 0,
    "interestExpense": 0,
    "depreciationAndAmortization": 88000000,
    "ebitda": 995000000,
    "ebitdaratio": 0.0850790936,
    "operatingIncome": 907000000,
    "operatingIncomeRatio": 0.0775545105,
    "totalOtherIncomeExpensesNet": 0,
    "incomeBeforeTax": 907000000,
    "incomeBeforeTaxRatio": 0.0775545105,
    "incomeTaxExpense": 229000000,
    "netIncome": 686000000,
    "netIncomeRatio": 0.058657546,
    "eps": 1.46,
    "epsdiluted": 1.46,
    "weightedAverageShsOut": 450357836,
    "weightedAverageShsOutDil": 469200000,
    "link": "https://www.sec.gov/Archives/edgar/data/1137774/000119312512078116/0001193125-12-078116-index.htm",
    "finalLink": "https://www.sec.gov/Archives/edgar/data/1137774/000119312512078116/d291665d10k.htm"
  },
  {
    "date": "2011-09-30",
    "symbol": "PRU",
    "reportedCurrency": "USD",
    "cik": "0001137774",
    "fillingDate": "2011-11-04",
    "acceptedDate": "2011-11-04 16:24:46",
    "calendarYear": "2011",
    "period": "Q3",
    "revenue": 14931000000,
    "costOfRevenue": 7671000000,
    "grossProfit": 7260000000,
    "grossProfitRatio": 0.4862366888,
    "researchAndDevelopmentExpenses": 0,
    "generalAndAdministrativeExpenses": 0,
    "sellingAndMarketingExpenses": 0,
    "sellingGeneralAndAdministrativeExpenses": 2665000000,
    "otherExpenses": 2189000000,
    "operatingExpenses": 4854000000,
    "costAndExpenses": 12525000000,
    "interestIncome": 0,
    "interestExpense": 296000000,
    "depreciationAndAmortization": 35000000,
    "ebitda": 3904000000,
    "ebitdaratio": 0.261469426,
    "operatingIncome": 2406000000,
    "operatingIncomeRatio": 0.1611412497,
    "totalOtherIncomeExpensesNet": 0,
    "incomeBeforeTax": 2406000000,
    "incomeBeforeTaxRatio": 0.1611412497,
    "incomeTaxExpense": 860000000,
    "netIncome": 1594000000,
    "netIncomeRatio": 0.1067577523,
    "eps": 2.46,
    "epsdiluted": 2.46,
    "weightedAverageShsOut": 464800000,
    "weightedAverageShsOutDil": 473200000,
    "link": "https://www.sec.gov/Archives/edgar/data/1137774/000119312511297410/0001193125-11-297410-index.htm",
    "finalLink": "https://www.sec.gov/Archives/edgar/data/1137774/000119312511297410/d234453d10q.htm"
  },
  {
    "date": "2011-06-30",
    "symbol": "PRU",
    "reportedCurrency": "USD",
    "cik": "0001137774",
    "fillingDate": "2011-08-05",
    "acceptedDate": "2011-08-05 17:21:22",
    "calendarYear": "2011",
    "period": "Q2",
    "revenue": 12244000000,
    "costOfRevenue": 7226000000,
    "grossProfit": 5018000000,
    "grossProfitRatio": 0.4098333878,
    "researchAndDevelopmentExpenses": 0,
    "generalAndAdministrativeExpenses": 0,
    "sellingAndMarketingExpenses": 0,
    "sellingGeneralAndAdministrativeExpenses": 2689000000,
    "otherExpenses": 1245000000,
    "operatingExpenses": 3934000000,
    "costAndExpenses": 11160000000,
    "interestIncome": 0,
    "interestExpense": 290000000,
    "depreciationAndAmortization": 186000000,
    "ebitda": 1270000000,
    "ebitdaratio": 0.1037242731,
    "operatingIncome": 1084000000,
    "operatingIncomeRatio": 0.0885331591,
    "totalOtherIncomeExpensesNet": 0,
    "incomeBeforeTax": 1084000000,
    "incomeBeforeTaxRatio": 0.0885331591,
    "incomeTaxExpense": 292000000,
    "netIncome": 789000000,
    "netIncomeRatio": 0.0644397256,
    "eps": 1.68,
    "epsdiluted": 1.68,
    "weightedAverageShsOut": 486000000,
    "weightedAverageShsOutDil": 494800000,
    "link": "https://www.sec.gov/Archives/edgar/data/1137774/000119312511212600/0001193125-11-212600-index.htm",
    "finalLink": "https://www.sec.gov/Archives/edgar/data/1137774/000119312511212600/d10q.htm"
  },
  {
    "date": "2011-03-31",
    "symbol": "PRU",
    "reportedCurrency": "USD",
    "cik": "0001137774",
    "fillingDate": "2011-05-06",
    "acceptedDate": "2011-05-06 16:24:39",
    "calendarYear": "2011",
    "period": "Q1",
    "revenue": 10170000000,
    "costOfRevenue": 6256000000,
    "grossProfit": 3914000000,
    "grossProfitRatio": 0.3848574238,
    "researchAndDevelopmentExpenses": 0,
    "generalAndAdministrativeExpenses": 0,
    "sellingAndMarketingExpenses": 0,
    "sellingGeneralAndAdministrativeExpenses": 2384000000,
    "otherExpenses": 902000000,
    "operatingExpenses": 3286000000,
    "costAndExpenses": 9542000000,
    "interestIncome": 0,
    "interestExpense": 0,
    "depreciationAndAmortization": -19000000,
    "ebitda": 609000000,
    "ebitdaratio": 0.0598820059,
    "operatingIncome": 628000000,
    "operatingIncomeRatio": 0.0617502458,
    "totalOtherIncomeExpensesNet": 0,
    "incomeBeforeTax": 628000000,
    "incomeBeforeTaxRatio": 0.0617502458,
    "incomeTaxExpense": 160000000,
    "netIncome": 561000000,
    "netIncomeRatio": 0.0551622419,
    "eps": 1.22,
    "epsdiluted": 1.2,
    "weightedAverageShsOut": 484900000,
    "weightedAverageShsOutDil": 493900000,
    "link": "https://www.sec.gov/Archives/edgar/data/1137774/000119312511130767/0001193125-11-130767-index.htm",
    "finalLink": "https://www.sec.gov/Archives/edgar/data/1137774/000119312511130767/d10q.htm"
  },
  {
    "date": "2010-12-31",
    "symbol": "PRU",
    "reportedCurrency": "USD",
    "cik": "0001137774",
    "fillingDate": "2011-02-25",
    "acceptedDate": "2011-02-25 16:36:09",
    "calendarYear": "2010",
    "period": "Q4",
    "revenue": 8106000000,
    "costOfRevenue": 5186000000,
    "grossProfit": 2920000000,
    "grossProfitRatio": 0.3602269924,
    "researchAndDevelopmentExpenses": 0,
    "generalAndAdministrativeExpenses": 0,
    "sellingAndMarketingExpenses": 0,
    "sellingGeneralAndAdministrativeExpenses": 703000000,
    "otherExpenses": 2079000000,
    "operatingExpenses": 2782000000,
    "costAndExpenses": 7968000000,
    "interestIncome": 0,
    "interestExpense": 0,
    "depreciationAndAmortization": -48000000,
    "ebitda": 90000000,
    "ebitdaratio": 0.0111028868,
    "operatingIncome": 138000000,
    "operatingIncomeRatio": 0.0170244264,
    "totalOtherIncomeExpensesNet": 0,
    "incomeBeforeTax": 138000000,
    "incomeBeforeTaxRatio": 0.0170244264,
    "incomeTaxExpense": 4000000,
    "netIncome": 177000000,
    "netIncomeRatio": 0.0218356773,
    "eps": 0.37,
    "epsdiluted": 0.37,
    "weightedAverageShsOut": 484900000,
    "weightedAverageShsOutDil": 484900000,
    "link": "https://www.sec.gov/Archives/edgar/data/1137774/000119312511047467/0001193125-11-047467-index.htm",
    "finalLink": "https://www.sec.gov/Archives/edgar/data/1137774/000119312511047467/d10k.htm"
  },
  {
    "date": "2010-09-30",
    "symbol": "PRU",
    "reportedCurrency": "USD",
    "cik": "0001137774",
    "fillingDate": "2010-11-05",
    "acceptedDate": "2010-11-05 17:35:18",
    "calendarYear": "2010",
    "period": "Q3",
    "revenue": 9917000000,
    "costOfRevenue": 5712000000,
    "grossProfit": 4205000000,
    "grossProfitRatio": 0.4240193607,
    "researchAndDevelopmentExpenses": 0,
    "generalAndAdministrativeExpenses": 0,
    "sellingAndMarketingExpenses": 0,
    "sellingGeneralAndAdministrativeExpenses": 1949000000,
    "otherExpenses": 506000000,
    "operatingExpenses": 2455000000,
    "costAndExpenses": 8167000000,
    "interestIncome": 0,
    "interestExpense": 0,
    "depreciationAndAmortization": -17000000,
    "ebitda": 1733000000,
    "ebitdaratio": 0.1747504286,
    "operatingIncome": 1750000000,
    "operatingIncomeRatio": 0.1764646567,
    "totalOtherIncomeExpensesNet": 0,
    "incomeBeforeTax": 1750000000,
    "incomeBeforeTaxRatio": 0.1764646567,
    "incomeTaxExpense": 524000000,
    "netIncome": 1244000000,
    "netIncomeRatio": 0.1254411616,
    "eps": 2.66,
    "epsdiluted": 2.66,
    "weightedAverageShsOut": 464800000,
    "weightedAverageShsOutDil": 466949802,
    "link": "https://www.sec.gov/Archives/edgar/data/1137774/000119312510250347/0001193125-10-250347-index.htm",
    "finalLink": "https://www.sec.gov/Archives/edgar/data/1137774/000119312510250347/d10q.htm"
  },
  {
    "date": "2010-06-30",
    "symbol": "PRU",
    "reportedCurrency": "USD",
    "cik": "0001137774",
    "fillingDate": "2010-08-06",
    "acceptedDate": "2010-08-06 16:06:36",
    "calendarYear": "2010",
    "period": "Q2",
    "revenue": 10987000000,
    "costOfRevenue": 6118000000,
    "grossProfit": 4869000000,
    "grossProfitRatio": 0.4431600983,
    "researchAndDevelopmentExpenses": 0,
    "generalAndAdministrativeExpenses": 0,
    "sellingAndMarketingExpenses": 0,
    "sellingGeneralAndAdministrativeExpenses": 1853000000,
    "otherExpenses": 1510000000,
    "operatingExpenses": 3363000000,
    "costAndExpenses": 9481000000,
    "interestIncome": 0,
    "interestExpense": 0,
    "depreciationAndAmortization": -8000000,
    "ebitda": 1498000000,
    "ebitdaratio": 0.1363429508,
    "operatingIncome": 1506000000,
    "operatingIncomeRatio": 0.137071084,
    "totalOtherIncomeExpensesNet": 0,
    "incomeBeforeTax": 1506000000,
    "incomeBeforeTaxRatio": 0.137071084,
    "incomeTaxExpense": 426000000,
    "netIncome": 1077000000,
    "netIncomeRatio": 0.0980249386,
    "eps": 2.31,
    "epsdiluted": 2.31,
    "weightedAverageShsOut": 463000000,
    "weightedAverageShsOutDil": 471500000,
    "link": "https://www.sec.gov/Archives/edgar/data/1137774/000119312510181360/0001193125-10-181360-index.htm",
    "finalLink": "https://www.sec.gov/Archives/edgar/data/1137774/000119312510181360/d10q.htm"
  },
  {
    "date": "2010-03-31",
    "symbol": "PRU",
    "reportedCurrency": "USD",
    "cik": "0001137774",
    "fillingDate": "2010-05-07",
    "acceptedDate": "2010-05-07 17:01:47",
    "calendarYear": "2010",
    "period": "Q1",
    "revenue": 9247000000,
    "costOfRevenue": 5478000000,
    "grossProfit": 3769000000,
    "grossProfitRatio": 0.4075916513,
    "researchAndDevelopmentExpenses": 0,
    "generalAndAdministrativeExpenses": 0,
    "sellingAndMarketingExpenses": 0,
    "sellingGeneralAndAdministrativeExpenses": 1817000000,
    "otherExpenses": 943000000,
    "operatingExpenses": 2760000000,
    "costAndExpenses": 8238000000,
    "interestIncome": 0,
    "interestExpense": 0,
    "depreciationAndAmortization": -31000000,
    "ebitda": 978000000,
    "ebitdaratio": 0.1057640316,
    "operatingIncome": 1009000000,
    "operatingIncomeRatio": 0.1091164702,
    "totalOtherIncomeExpensesNet": 0,
    "incomeBeforeTax": 1009000000,
    "incomeBeforeTaxRatio": 0.1091164702,
    "incomeTaxExpense": 351000000,
    "netIncome": 697000000,
    "netIncomeRatio": 0.0753757976,
    "eps": 1.16,
    "epsdiluted": 1.15,
    "weightedAverageShsOut": 463000000,
    "weightedAverageShsOutDil": 471500000,
    "link": "https://www.sec.gov/Archives/edgar/data/1137774/000119312510113040/0001193125-10-113040-index.htm",
    "finalLink": "https://www.sec.gov/Archives/edgar/data/1137774/000119312510113040/d10q.htm"
  },
  {
    "date": "2009-12-31",
    "symbol": "PRU",
    "reportedCurrency": "USD",
    "cik": "0001137774",
    "fillingDate": "2010-02-26",
    "acceptedDate": "2010-02-26 16:48:39",
    "calendarYear": "2009",
    "period": "Q4",
    "revenue": 8659000000,
    "costOfRevenue": 5093000000,
    "grossProfit": 3566000000,
    "grossProfitRatio": 0.4118258459,
    "researchAndDevelopmentExpenses": 0,
    "generalAndAdministrativeExpenses": 0,
    "sellingAndMarketingExpenses": 0,
    "sellingGeneralAndAdministrativeExpenses": 2397000000,
    "otherExpenses": 456000000,
    "operatingExpenses": 2853000000,
    "costAndExpenses": 7946000000,
    "interestIncome": 0,
    "interestExpense": 0,
    "depreciationAndAmortization": 17000000,
    "ebitda": 730000000,
    "ebitdaratio": 0.084305347,
    "operatingIncome": 713000000,
    "operatingIncomeRatio": 0.0823420718,
    "totalOtherIncomeExpensesNet": 0,
    "incomeBeforeTax": 713000000,
    "incomeBeforeTaxRatio": 0.0823420718,
    "incomeTaxExpense": 332000000,
    "netIncome": 1865000000,
    "netIncomeRatio": 0.2153828387,
    "eps": 4.03,
    "epsdiluted": 4.03,
    "weightedAverageShsOut": 462000000,
    "weightedAverageShsOutDil": 463000000,
    "link": "https://www.sec.gov/Archives/edgar/data/1137774/000119312510043048/0001193125-10-043048-index.htm",
    "finalLink": "https://www.sec.gov/Archives/edgar/data/1137774/000119312510043048/d10k.htm"
  },
  {
    "date": "2009-09-30",
    "symbol": "PRU",
    "reportedCurrency": "USD",
    "cik": "0001137774",
    "fillingDate": "2009-11-06",
    "acceptedDate": "2009-11-06 16:18:22",
    "calendarYear": "2009",
    "period": "Q3",
    "revenue": 8543000000,
    "costOfRevenue": 5242000000,
    "grossProfit": 3301000000,
    "grossProfitRatio": 0.3863982208,
    "researchAndDevelopmentExpenses": 0,
    "generalAndAdministrativeExpenses": 0,
    "sellingAndMarketingExpenses": 0,
    "sellingGeneralAndAdministrativeExpenses": 1887000000,
    "otherExpenses": 566000000,
    "operatingExpenses": 2453000000,
    "costAndExpenses": 7695000000,
    "interestIncome": 0,
    "interestExpense": 0,
    "depreciationAndAmortization": -34000000,
    "ebitda": 814000000,
    "ebitdaratio": 0.0952826876,
    "operatingIncome": 848000000,
    "operatingIncomeRatio": 0.0992625541,
    "totalOtherIncomeExpensesNet": 0,
    "incomeBeforeTax": 848000000,
    "incomeBeforeTaxRatio": 0.0992625541,
    "incomeTaxExpense": -153000000,
    "netIncome": 1082000000,
    "netIncomeRatio": 0.1266534004,
    "eps": 2.36,
    "epsdiluted": 2.35,
    "weightedAverageShsOut": 461200000,
    "weightedAverageShsOutDil": 464600000,
    "link": "https://www.sec.gov/Archives/edgar/data/1137774/000119312509227557/0001193125-09-227557-index.htm",
    "finalLink": "https://www.sec.gov/Archives/edgar/data/1137774/000119312509227557/d10q.htm"
  },
  {
    "date": "2009-06-30",
    "symbol": "PRU",
    "reportedCurrency": "USD",
    "cik": "0001137774",
    "fillingDate": "2009-08-07",
    "acceptedDate": "2009-08-07 16:10:54",
    "calendarYear": "2009",
    "period": "Q2",
    "revenue": 6879000000,
    "costOfRevenue": 4985000000,
    "grossProfit": 1894000000,
    "grossProfitRatio": 0.2753307167,
    "researchAndDevelopmentExpenses": 0,
    "generalAndAdministrativeExpenses": 0,
    "sellingAndMarketingExpenses": 0,
    "sellingGeneralAndAdministrativeExpenses": 1627000000,
    "otherExpenses": 277000000,
    "operatingExpenses": 1904000000,
    "costAndExpenses": 6889000000,
    "interestIncome": 0,
    "interestExpense": 0,
    "depreciationAndAmortization": 50000000,
    "ebitda": 40000000,
    "ebitdaratio": 0.0058147987,
    "operatingIncome": -10000000,
    "operatingIncomeRatio": -0.0014536997,
    "totalOtherIncomeExpensesNet": 0,
    "incomeBeforeTax": -10000000,
    "incomeBeforeTaxRatio": -0.0014536997,
    "incomeTaxExpense": -163000000,
    "netIncome": 163000000,
    "netIncomeRatio": 0.0236953046,
    "eps": 0.38,
    "epsdiluted": 0.38,
    "weightedAverageShsOut": 432900000,
    "weightedAverageShsOutDil": 434300000,
    "link": "https://www.sec.gov/Archives/edgar/data/1137774/000119312509169081/0001193125-09-169081-index.htm",
    "finalLink": "https://www.sec.gov/Archives/edgar/data/1137774/000119312509169081/d10q.htm"
  },
  {
    "date": "2009-03-31",
    "symbol": "PRU",
    "reportedCurrency": "USD",
    "cik": "0001137774",
    "fillingDate": "2009-05-08",
    "acceptedDate": "2009-05-08 16:14:44",
    "calendarYear": "2009",
    "period": "Q1",
    "revenue": 8525000000,
    "costOfRevenue": 5510000000,
    "grossProfit": 3015000000,
    "grossProfitRatio": 0.3536656891,
    "researchAndDevelopmentExpenses": 0,
    "generalAndAdministrativeExpenses": 0,
    "sellingAndMarketingExpenses": 0,
    "sellingGeneralAndAdministrativeExpenses": 3013000000,
    "otherExpenses": -1000000,
    "operatingExpenses": 3012000000,
    "costAndExpenses": 8522000000,
    "interestIncome": 0,
    "interestExpense": 0,
    "depreciationAndAmortization": 142000000,
    "ebitda": 145000000,
    "ebitdaratio": 0.0170087977,
    "operatingIncome": 3000000,
    "operatingIncomeRatio": 0.0003519062,
    "totalOtherIncomeExpensesNet": 0,
    "incomeBeforeTax": 3000000,
    "incomeBeforeTaxRatio": 0.0003519062,
    "incomeTaxExpense": -2000000,
    "netIncome": 14000000,
    "netIncomeRatio": 0.0016422287,
    "eps": 0.01,
    "epsdiluted": 0.01,
    "weightedAverageShsOut": 422100000,
    "weightedAverageShsOutDil": 423200000,
    "link": "https://www.sec.gov/Archives/edgar/data/1137774/000119312509105388/0001193125-09-105388-index.htm",
    "finalLink": "https://www.sec.gov/Archives/edgar/data/1137774/000119312509105388/d10q.htm"
  },
  {
    "date": "2008-12-31",
    "symbol": "PRU",
    "reportedCurrency": "USD",
    "cik": "0001137774",
    "fillingDate": "2009-02-27",
    "acceptedDate": "2009-02-26 18:19:12",
    "calendarYear": "2008",
    "period": "Q4",
    "revenue": 6966000000,
    "costOfRevenue": 4531000000,
    "grossProfit": 2435000000,
    "grossProfitRatio": 0.3495549813,
    "researchAndDevelopmentExpenses": 0,
    "generalAndAdministrativeExpenses": 0,
    "sellingAndMarketingExpenses": 0,
    "sellingGeneralAndAdministrativeExpenses": 2878000000,
    "otherExpenses": 1179000000,
    "operatingExpenses": 4057000000,
    "costAndExpenses": 8588000000,
    "interestIncome": 0,
    "interestExpense": 0,
    "depreciationAndAmortization": 329000000,
    "ebitda": -1293000000,
    "ebitdaratio": -0.1856158484,
    "operatingIncome": -1622000000,
    "operatingIncomeRatio": -0.2328452483,
    "totalOtherIncomeExpensesNet": 0,
    "incomeBeforeTax": -1622000000,
    "incomeBeforeTaxRatio": -0.2328452483,
    "incomeTaxExpense": -413000000,
    "netIncome": -1566000000,
    "netIncomeRatio": -0.2248062016,
    "eps": -3.72,
    "epsdiluted": -3.71,
    "weightedAverageShsOut": 421000000,
    "weightedAverageShsOutDil": 422100000,
    "link": "https://www.sec.gov/Archives/edgar/data/1137774/000119312509039316/0001193125-09-039316-index.htm",
    "finalLink": "https://www.sec.gov/Archives/edgar/data/1137774/000119312509039316/d10k.htm"
  },
  {
    "date": "2008-09-30",
    "symbol": "PRU",
    "reportedCurrency": "USD",
    "cik": "0001137774",
    "fillingDate": "2008-10-30",
    "acceptedDate": "2008-10-30 17:13:43",
    "calendarYear": "2008",
    "period": "Q3",
    "revenue": 7030000000,
    "costOfRevenue": 4450000000,
    "grossProfit": 2580000000,
    "grossProfitRatio": 0.3669985775,
    "researchAndDevelopmentExpenses": 0,
    "generalAndAdministrativeExpenses": 1992000000,
    "sellingAndMarketingExpenses": 5000000,
    "sellingGeneralAndAdministrativeExpenses": 1997000000,
    "otherExpenses": 779000000,
    "operatingExpenses": 2776000000,
    "costAndExpenses": 7226000000,
    "interestIncome": 0,
    "interestExpense": 0,
    "depreciationAndAmortization": 165000000,
    "ebitda": -31000000,
    "ebitdaratio": -0.0044096728,
    "operatingIncome": -196000000,
    "operatingIncomeRatio": -0.0278805121,
    "totalOtherIncomeExpensesNet": 0,
    "incomeBeforeTax": -196000000,
    "incomeBeforeTaxRatio": -0.0278805121,
    "incomeTaxExpense": -149000000,
    "netIncome": -176000000,
    "netIncomeRatio": -0.0250355619,
    "eps": -0.39,
    "epsdiluted": -0.39,
    "weightedAverageShsOut": 423800000,
    "weightedAverageShsOutDil": 423800000,
    "link": "https://www.sec.gov/Archives/edgar/data/1137774/000119312508220428/0001193125-08-220428-index.htm",
    "finalLink": "https://www.sec.gov/Archives/edgar/data/1137774/000119312508220428/d10q.htm"
  },
  {
    "date": "2008-06-30",
    "symbol": "PRU",
    "reportedCurrency": "USD",
    "cik": "0001137774",
    "fillingDate": "2008-07-31",
    "acceptedDate": "2008-07-31 16:40:37",
    "calendarYear": "2008",
    "period": "Q2",
    "revenue": 7703000000,
    "costOfRevenue": 4756000000,
    "grossProfit": 2947000000,
    "grossProfitRatio": 0.3825782163,
    "researchAndDevelopmentExpenses": 0,
    "generalAndAdministrativeExpenses": 2160000000,
    "sellingAndMarketingExpenses": 1000000,
    "sellingGeneralAndAdministrativeExpenses": 2161000000,
    "otherExpenses": 158000000,
    "operatingExpenses": 2319000000,
    "costAndExpenses": 7075000000,
    "interestIncome": 0,
    "interestExpense": 0,
    "depreciationAndAmortization": 102000000,
    "ebitda": 730000000,
    "ebitdaratio": 0.0947682721,
    "operatingIncome": 628000000,
    "operatingIncomeRatio": 0.0815266779,
    "totalOtherIncomeExpensesNet": 0,
    "incomeBeforeTax": 628000000,
    "incomeBeforeTaxRatio": 0.0815266779,
    "incomeTaxExpense": 60000000,
    "netIncome": 581000000,
    "netIncomeRatio": 0.075425159,
    "eps": 1.36,
    "epsdiluted": 1.35,
    "weightedAverageShsOut": 431900000,
    "weightedAverageShsOutDil": 437700000,
    "link": "https://www.sec.gov/Archives/edgar/data/1137774/000119312508162674/0001193125-08-162674-index.htm",
    "finalLink": "https://www.sec.gov/Archives/edgar/data/1137774/000119312508162674/d10q.htm"
  },
  {
    "date": "2008-03-31",
    "symbol": "PRU",
    "reportedCurrency": "USD",
    "cik": "0001137774",
    "fillingDate": "2008-05-01",
    "acceptedDate": "2008-05-01 16:35:33",
    "calendarYear": "2008",
    "period": "Q1",
    "revenue": 7564000000,
    "costOfRevenue": 4672000000,
    "grossProfit": 2892000000,
    "grossProfitRatio": 0.3823373876,
    "researchAndDevelopmentExpenses": 0,
    "generalAndAdministrativeExpenses": 2279000000,
    "sellingAndMarketingExpenses": 0,
    "sellingGeneralAndAdministrativeExpenses": 2270000000,
    "otherExpenses": 559000000,
    "operatingExpenses": 2829000000,
    "costAndExpenses": 7501000000,
    "interestIncome": 0,
    "interestExpense": 0,
    "depreciationAndAmortization": 106000000,
    "ebitda": 169000000,
    "ebitdaratio": 0.0223426758,
    "operatingIncome": 63000000,
    "operatingIncomeRatio": 0.0083289265,
    "totalOtherIncomeExpensesNet": 0,
    "incomeBeforeTax": 63000000,
    "incomeBeforeTaxRatio": 0.0083289265,
    "incomeTaxExpense": 23000000,
    "netIncome": 60000000,
    "netIncomeRatio": 0.0079323109,
    "eps": 0.2,
    "epsdiluted": 0.2,
    "weightedAverageShsOut": 442100000,
    "weightedAverageShsOutDil": 448600000,
    "link": "https://www.sec.gov/Archives/edgar/data/1137774/000119312508099249/0001193125-08-099249-index.htm",
    "finalLink": "https://www.sec.gov/Archives/edgar/data/1137774/000119312508099249/d10q.htm"
  },
  {
    "date": "2007-12-31",
    "symbol": "PRU",
    "reportedCurrency": "USD",
    "cik": "0001137774",
    "fillingDate": "2008-02-27",
    "acceptedDate": "2008-02-27 17:08:57",
    "calendarYear": "2007",
    "period": "Q4",
    "revenue": 8808000000,
    "costOfRevenue": -10127000000,
    "grossProfit": 18935000000,
    "grossProfitRatio": 2.1497502271,
    "researchAndDevelopmentExpenses": 0,
    "generalAndAdministrativeExpenses": 2368000000,
    "sellingAndMarketingExpenses": 0,
    "sellingGeneralAndAdministrativeExpenses": 2368000000,
    "otherExpenses": 15571000000,
    "operatingExpenses": 17939000000,
    "costAndExpenses": 7812000000,
    "interestIncome": 0,
    "interestExpense": 0,
    "depreciationAndAmortization": 113000000,
    "ebitda": 1109000000,
    "ebitdaratio": 0.1259082652,
    "operatingIncome": 996000000,
    "operatingIncomeRatio": 0.1130790191,
    "totalOtherIncomeExpensesNet": 0,
    "incomeBeforeTax": 996000000,
    "incomeBeforeTaxRatio": 0.1130790191,
    "incomeTaxExpense": 182000000,
    "netIncome": 871000000,
    "netIncomeRatio": 0.0988873751,
    "eps": 1.97,
    "epsdiluted": 1.97,
    "weightedAverageShsOut": 442100000,
    "weightedAverageShsOutDil": 442100000,
    "link": "https://www.sec.gov/Archives/edgar/data/1137774/000119312508040213/0001193125-08-040213-index.htm",
    "finalLink": "https://www.sec.gov/Archives/edgar/data/1137774/000119312508040213/d10k.htm"
  },
  {
    "date": "2007-09-30",
    "symbol": "PRU",
    "reportedCurrency": "USD",
    "cik": "0001137774",
    "fillingDate": "2007-11-01",
    "acceptedDate": "2007-11-01 16:55:01",
    "calendarYear": "2007",
    "period": "Q3",
    "revenue": 8393000000,
    "costOfRevenue": 3543000000,
    "grossProfit": 4850000000,
    "grossProfitRatio": 0.5778625045,
    "researchAndDevelopmentExpenses": 0,
    "generalAndAdministrativeExpenses": 2145000000,
    "sellingAndMarketingExpenses": 0,
    "sellingGeneralAndAdministrativeExpenses": 2145000000,
    "otherExpenses": 1585000000,
    "operatingExpenses": 3730000000,
    "costAndExpenses": 7273000000,
    "interestIncome": 0,
    "interestExpense": 0,
    "depreciationAndAmortization": 62000000,
    "ebitda": 1182000000,
    "ebitdaratio": 0.1408316454,
    "operatingIncome": 1120000000,
    "operatingIncomeRatio": 0.1334445371,
    "totalOtherIncomeExpensesNet": 0,
    "incomeBeforeTax": 1120000000,
    "incomeBeforeTaxRatio": 0.1334445371,
    "incomeTaxExpense": 316000000,
    "netIncome": 867000000,
    "netIncomeRatio": 0.1033003694,
    "eps": 1.91,
    "epsdiluted": 1.88,
    "weightedAverageShsOut": 457000000,
    "weightedAverageShsOutDil": 464900000,
    "link": "https://www.sec.gov/Archives/edgar/data/1137774/000119312507232611/0001193125-07-232611-index.htm",
    "finalLink": "https://www.sec.gov/Archives/edgar/data/1137774/000119312507232611/d10q.htm"
  },
  {
    "date": "2007-06-30",
    "symbol": "PRU",
    "reportedCurrency": "USD",
    "cik": "0001137774",
    "fillingDate": "2007-08-02",
    "acceptedDate": "2007-08-02 16:33:31",
    "calendarYear": "2007",
    "period": "Q2",
    "revenue": 8425000000,
    "costOfRevenue": 4458000000,
    "grossProfit": 3967000000,
    "grossProfitRatio": 0.4708605341,
    "researchAndDevelopmentExpenses": 0,
    "generalAndAdministrativeExpenses": 2219000000,
    "sellingAndMarketingExpenses": 0,
    "sellingGeneralAndAdministrativeExpenses": 2219000000,
    "otherExpenses": 605000000,
    "operatingExpenses": 2824000000,
    "costAndExpenses": 7282000000,
    "interestIncome": 0,
    "interestExpense": 0,
    "depreciationAndAmortization": 35000000,
    "ebitda": 1178000000,
    "ebitdaratio": 0.1398219585,
    "operatingIncome": 1143000000,
    "operatingIncomeRatio": 0.1356676558,
    "totalOtherIncomeExpensesNet": 0,
    "incomeBeforeTax": 1143000000,
    "incomeBeforeTaxRatio": 0.1356676558,
    "incomeTaxExpense": 324000000,
    "netIncome": 846000000,
    "netIncomeRatio": 0.1004154303,
    "eps": 1.83,
    "epsdiluted": 1.8,
    "weightedAverageShsOut": 463700000,
    "weightedAverageShsOutDil": 472800000,
    "link": "https://www.sec.gov/Archives/edgar/data/1137774/000119312507169496/0001193125-07-169496-index.htm",
    "finalLink": "https://www.sec.gov/Archives/edgar/data/1137774/000119312507169496/d10q.htm"
  },
  {
    "date": "2007-03-31",
    "symbol": "PRU",
    "reportedCurrency": "USD",
    "cik": "0001137774",
    "fillingDate": "2007-05-03",
    "acceptedDate": "2007-05-03 16:25:16",
    "calendarYear": "2007",
    "period": "Q1",
    "revenue": 8775000000,
    "costOfRevenue": 4528000000,
    "grossProfit": 4247000000,
    "grossProfitRatio": 0.483988604,
    "researchAndDevelopmentExpenses": 0,
    "generalAndAdministrativeExpenses": 2153000000,
    "sellingAndMarketingExpenses": 0,
    "sellingGeneralAndAdministrativeExpenses": 2109000000,
    "otherExpenses": 711000000,
    "operatingExpenses": 2820000000,
    "costAndExpenses": 7348000000,
    "interestIncome": 0,
    "interestExpense": 0,
    "depreciationAndAmortization": 62000000,
    "ebitda": 1489000000,
    "ebitdaratio": 0.1696866097,
    "operatingIncome": 1427000000,
    "operatingIncomeRatio": 0.1626210826,
    "totalOtherIncomeExpensesNet": 0,
    "incomeBeforeTax": 1427000000,
    "incomeBeforeTaxRatio": 0.1626210826,
    "incomeTaxExpense": 423000000,
    "netIncome": 1120000000,
    "netIncomeRatio": 0.1276353276,
    "eps": 2.22,
    "epsdiluted": 2.18,
    "weightedAverageShsOut": 468400000,
    "weightedAverageShsOutDil": 477200000,
    "link": "https://www.sec.gov/Archives/edgar/data/1137774/000119312507101365/0001193125-07-101365-index.htm",
    "finalLink": "https://www.sec.gov/Archives/edgar/data/1137774/000119312507101365/d10q.htm"
  },
  {
    "date": "2006-12-31",
    "symbol": "PRU",
    "reportedCurrency": "USD",
    "cik": "0001137774",
    "fillingDate": "2007-02-28",
    "acceptedDate": "2007-02-28 17:25:08",
    "calendarYear": "2006",
    "period": "Q4",
    "revenue": 8665000000,
    "costOfRevenue": 17699000000,
    "grossProfit": -9034000000,
    "grossProfitRatio": -1.0425851125,
    "researchAndDevelopmentExpenses": 0,
    "generalAndAdministrativeExpenses": 2324000000,
    "sellingAndMarketingExpenses": 0,
    "sellingGeneralAndAdministrativeExpenses": 2324000000,
    "otherExpenses": -12508000000,
    "operatingExpenses": -10184000000,
    "costAndExpenses": 7515000000,
    "interestIncome": 0,
    "interestExpense": 0,
    "depreciationAndAmortization": 78000000,
    "ebitda": 1228000000,
    "ebitdaratio": 0.1417195615,
    "operatingIncome": 1150000000,
    "operatingIncomeRatio": 0.1327178304,
    "totalOtherIncomeExpensesNet": 0,
    "incomeBeforeTax": 1150000000,
    "incomeBeforeTaxRatio": 0.1327178304,
    "incomeTaxExpense": 340000000,
    "netIncome": 1037000000,
    "netIncomeRatio": 0.1196768609,
    "eps": 2.21,
    "epsdiluted": 2.21,
    "weightedAverageShsOut": 468400000,
    "weightedAverageShsOutDil": 468400000,
    "link": "https://www.sec.gov/Archives/edgar/data/1137774/000119312507042867/0001193125-07-042867-index.htm",
    "finalLink": "https://www.sec.gov/Archives/edgar/data/1137774/000119312507042867/d10k.htm"
  },
  {
    "date": "2006-09-30",
    "symbol": "PRU",
    "reportedCurrency": "USD",
    "cik": "0001137774",
    "fillingDate": "2006-11-02",
    "acceptedDate": "2006-11-02 16:54:42",
    "calendarYear": "2006",
    "period": "Q3",
    "revenue": 8361000000,
    "costOfRevenue": 9597000000,
    "grossProfit": -1236000000,
    "grossProfitRatio": -0.147829207,
    "researchAndDevelopmentExpenses": 0,
    "generalAndAdministrativeExpenses": 1725000000,
    "sellingAndMarketingExpenses": 0,
    "sellingGeneralAndAdministrativeExpenses": 1725000000,
    "otherExpenses": -4434000000,
    "operatingExpenses": -2709000000,
    "costAndExpenses": 6888000000,
    "interestIncome": 0,
    "interestExpense": 0,
    "depreciationAndAmortization": 136000000,
    "ebitda": 1609000000,
    "ebitdaratio": 0.1924410956,
    "operatingIncome": 1473000000,
    "operatingIncomeRatio": 0.1761750987,
    "totalOtherIncomeExpensesNet": 0,
    "incomeBeforeTax": 1473000000,
    "incomeBeforeTaxRatio": 0.1761750987,
    "incomeTaxExpense": 384000000,
    "netIncome": 1205000000,
    "netIncomeRatio": 0.1441215166,
    "eps": 2.43,
    "epsdiluted": 2.38,
    "weightedAverageShsOut": 480800000,
    "weightedAverageShsOutDil": 490500000,
    "link": "https://www.sec.gov/Archives/edgar/data/1137774/000119312506222215/0001193125-06-222215-index.htm",
    "finalLink": "https://www.sec.gov/Archives/edgar/data/1137774/000119312506222215/d10q.htm"
  },
  {
    "date": "2006-06-30",
    "symbol": "PRU",
    "reportedCurrency": "USD",
    "cik": "0001137774",
    "fillingDate": "2006-08-03",
    "acceptedDate": "2006-08-03 16:31:10",
    "calendarYear": "2006",
    "period": "Q2",
    "revenue": 7313000000,
    "costOfRevenue": 4218000000,
    "grossProfit": 3095000000,
    "grossProfitRatio": 0.4232189252,
    "researchAndDevelopmentExpenses": 0,
    "generalAndAdministrativeExpenses": 2029000000,
    "sellingAndMarketingExpenses": 0,
    "sellingGeneralAndAdministrativeExpenses": 1987000000,
    "otherExpenses": 525000000,
    "operatingExpenses": 2512000000,
    "costAndExpenses": 6730000000,
    "interestIncome": 0,
    "interestExpense": 0,
    "depreciationAndAmortization": 52000000,
    "ebitda": 635000000,
    "ebitdaratio": 0.0868316696,
    "operatingIncome": 583000000,
    "operatingIncomeRatio": 0.0797210447,
    "totalOtherIncomeExpensesNet": 0,
    "incomeBeforeTax": 583000000,
    "incomeBeforeTaxRatio": 0.0797210447,
    "incomeTaxExpense": 165000000,
    "netIncome": 453000000,
    "netIncomeRatio": 0.0619444824,
    "eps": 0.9,
    "epsdiluted": 0.89,
    "weightedAverageShsOut": 488200000,
    "weightedAverageShsOutDil": 497100000,
    "link": "https://www.sec.gov/Archives/edgar/data/1137774/000119312506160970/0001193125-06-160970-index.htm",
    "finalLink": "https://www.sec.gov/Archives/edgar/data/1137774/000119312506160970/d10q.htm"
  },
  {
    "date": "2006-03-31",
    "symbol": "PRU",
    "reportedCurrency": "USD",
    "cik": "0001137774",
    "fillingDate": "2006-05-04",
    "acceptedDate": "2006-05-04 16:41:41",
    "calendarYear": "2006",
    "period": "Q1",
    "revenue": 7850000000,
    "costOfRevenue": 4102000000,
    "grossProfit": 3748000000,
    "grossProfitRatio": 0.4774522293,
    "researchAndDevelopmentExpenses": 0,
    "generalAndAdministrativeExpenses": 2153000000,
    "sellingAndMarketingExpenses": 5000000,
    "sellingGeneralAndAdministrativeExpenses": 2158000000,
    "otherExpenses": 623000000,
    "operatingExpenses": 2781000000,
    "costAndExpenses": 6883000000,
    "interestIncome": 0,
    "interestExpense": 0,
    "depreciationAndAmortization": 84000000,
    "ebitda": 1051000000,
    "ebitdaratio": 0.1338853503,
    "operatingIncome": 967000000,
    "operatingIncomeRatio": 0.1231847134,
    "totalOtherIncomeExpensesNet": 0,
    "incomeBeforeTax": 967000000,
    "incomeBeforeTaxRatio": 0.1231847134,
    "incomeTaxExpense": 279000000,
    "netIncome": 733000000,
    "netIncomeRatio": 0.0933757962,
    "eps": 1.4,
    "epsdiluted": 1.38,
    "weightedAverageShsOut": 494600000,
    "weightedAverageShsOutDil": 504100000,
    "link": "https://www.sec.gov/Archives/edgar/data/1137774/000119312506100412/0001193125-06-100412-index.htm",
    "finalLink": "https://www.sec.gov/Archives/edgar/data/1137774/000119312506100412/d10q.htm"
  },
  {
    "date": "2005-12-31",
    "symbol": "PRU",
    "reportedCurrency": "USD",
    "cik": "0001137774",
    "fillingDate": "2006-02-28",
    "acceptedDate": "2006-02-28 16:46:55",
    "calendarYear": "2005",
    "period": "Q4",
    "revenue": 7807000000,
    "costOfRevenue": 4932000000,
    "grossProfit": 2875000000,
    "grossProfitRatio": 0.3682592545,
    "researchAndDevelopmentExpenses": 0,
    "generalAndAdministrativeExpenses": 2155000000,
    "sellingAndMarketingExpenses": 0,
    "sellingGeneralAndAdministrativeExpenses": 2155000000,
    "otherExpenses": 0,
    "operatingExpenses": 2155000000,
    "costAndExpenses": 7087000000,
    "interestIncome": 0,
    "interestExpense": 0,
    "depreciationAndAmortization": 54000000,
    "ebitda": 774000000,
    "ebitdaratio": 0.0991417958,
    "operatingIncome": 720000000,
    "operatingIncomeRatio": 0.0922249263,
    "totalOtherIncomeExpensesNet": 0,
    "incomeBeforeTax": 720000000,
    "incomeBeforeTaxRatio": 0.0922249263,
    "incomeTaxExpense": 353000000,
    "netIncome": 364000000,
    "netIncomeRatio": 0.0466248239,
    "eps": 0.74,
    "epsdiluted": 0.74,
    "weightedAverageShsOut": 494600000,
    "weightedAverageShsOutDil": 494600000,
    "link": "https://www.sec.gov/Archives/edgar/data/1137774/000119312506041378/0001193125-06-041378-index.htm",
    "finalLink": "https://www.sec.gov/Archives/edgar/data/1137774/000119312506041378/d10k.htm"
  },
  {
    "date": "2005-09-30",
    "symbol": "PRU",
    "reportedCurrency": "USD",
    "cik": "0001137774",
    "fillingDate": "2005-11-03",
    "acceptedDate": "2005-11-03 17:17:36",
    "calendarYear": "2005",
    "period": "Q3",
    "revenue": 7791000000,
    "costOfRevenue": 642000000,
    "grossProfit": 7149000000,
    "grossProfitRatio": 0.9175972276,
    "researchAndDevelopmentExpenses": 0,
    "generalAndAdministrativeExpenses": 1955000000,
    "sellingAndMarketingExpenses": 0,
    "sellingGeneralAndAdministrativeExpenses": 1955000000,
    "otherExpenses": 4076000000,
    "operatingExpenses": 6031000000,
    "costAndExpenses": 6673000000,
    "interestIncome": 0,
    "interestExpense": 0,
    "depreciationAndAmortization": 190000000,
    "ebitda": 1308000000,
    "ebitdaratio": 0.1678860223,
    "operatingIncome": 1118000000,
    "operatingIncomeRatio": 0.143498909,
    "totalOtherIncomeExpensesNet": 0,
    "incomeBeforeTax": 1118000000,
    "incomeBeforeTaxRatio": 0.143498909,
    "incomeTaxExpense": -261000000,
    "netIncome": 1364000000,
    "netIncomeRatio": 0.1750738031,
    "eps": 2.63,
    "epsdiluted": 2.59,
    "weightedAverageShsOut": 509100000,
    "weightedAverageShsOutDil": 518300000,
    "link": "https://www.sec.gov/Archives/edgar/data/1137774/000119312505215788/0001193125-05-215788-index.htm",
    "finalLink": "https://www.sec.gov/Archives/edgar/data/1137774/000119312505215788/d10q.htm"
  },
  {
    "date": "2005-06-30",
    "symbol": "PRU",
    "reportedCurrency": "USD",
    "cik": "0001137774",
    "fillingDate": "2005-08-04",
    "acceptedDate": "2005-08-04 16:20:30",
    "calendarYear": "2005",
    "period": "Q2",
    "revenue": 8335000000,
    "costOfRevenue": 5091000000,
    "grossProfit": 3244000000,
    "grossProfitRatio": 0.3892021596,
    "researchAndDevelopmentExpenses": 0,
    "generalAndAdministrativeExpenses": 1928000000,
    "sellingAndMarketingExpenses": 0,
    "sellingGeneralAndAdministrativeExpenses": 1928000000,
    "otherExpenses": 0,
    "operatingExpenses": 1928000000,
    "costAndExpenses": 7019000000,
    "interestIncome": 0,
    "interestExpense": 0,
    "depreciationAndAmortization": 138000000,
    "ebitda": 1454000000,
    "ebitdaratio": 0.174445111,
    "operatingIncome": 1316000000,
    "operatingIncomeRatio": 0.1578884223,
    "totalOtherIncomeExpensesNet": 0,
    "incomeBeforeTax": 1316000000,
    "incomeBeforeTaxRatio": 0.1578884223,
    "incomeTaxExpense": 389000000,
    "netIncome": 883000000,
    "netIncomeRatio": 0.1059388122,
    "eps": 1.5,
    "epsdiluted": 1.48,
    "weightedAverageShsOut": 516500000,
    "weightedAverageShsOutDil": 525200000,
    "link": "https://www.sec.gov/Archives/edgar/data/1137774/000119312505157793/0001193125-05-157793-index.htm",
    "finalLink": "https://www.sec.gov/Archives/edgar/data/1137774/000119312505157793/d10q.htm"
  },
  {
    "date": "2005-03-31",
    "symbol": "PRU",
    "reportedCurrency": "USD",
    "cik": "0001137774",
    "fillingDate": "2005-05-05",
    "acceptedDate": "2005-05-05 16:29:54",
    "calendarYear": "2005",
    "period": "Q1",
    "revenue": 7713000000,
    "costOfRevenue": 4599000000,
    "grossProfit": 3114000000,
    "grossProfitRatio": 0.4037339557,
    "researchAndDevelopmentExpenses": 0,
    "generalAndAdministrativeExpenses": 1796000000,
    "sellingAndMarketingExpenses": 0,
    "sellingGeneralAndAdministrativeExpenses": 1796000000,
    "otherExpenses": 0,
    "operatingExpenses": 1796000000,
    "costAndExpenses": 6395000000,
    "interestIncome": 0,
    "interestExpense": 0,
    "depreciationAndAmortization": 119000000,
    "ebitda": 1437000000,
    "ebitdaratio": 0.1863088292,
    "operatingIncome": 1318000000,
    "operatingIncomeRatio": 0.1708803319,
    "totalOtherIncomeExpensesNet": 0,
    "incomeBeforeTax": 1318000000,
    "incomeBeforeTaxRatio": 0.1708803319,
    "incomeTaxExpense": 388000000,
    "netIncome": 929000000,
    "netIncomeRatio": 0.1204460003,
    "eps": 1.51,
    "epsdiluted": 1.49,
    "weightedAverageShsOut": 521800000,
    "weightedAverageShsOutDil": 530000000,
    "link": "https://www.sec.gov/Archives/edgar/data/1137774/000119312505097486/0001193125-05-097486-index.htm",
    "finalLink": "https://www.sec.gov/Archives/edgar/data/1137774/000119312505097486/d10q.htm"
  },
  {
    "date": "2004-12-31",
    "symbol": "PRU",
    "reportedCurrency": "USD",
    "cik": "0001137774",
    "fillingDate": "2005-03-09",
    "acceptedDate": "2005-03-09 16:18:38",
    "calendarYear": "2004",
    "period": "Q4",
    "revenue": 7388000000,
    "costOfRevenue": 4546000000,
    "grossProfit": 2842000000,
    "grossProfitRatio": 0.384677856,
    "researchAndDevelopmentExpenses": 0,
    "generalAndAdministrativeExpenses": 1990000000,
    "sellingAndMarketingExpenses": 0,
    "sellingGeneralAndAdministrativeExpenses": 1990000000,
    "otherExpenses": 0,
    "operatingExpenses": 1990000000,
    "costAndExpenses": 6536000000,
    "interestIncome": 0,
    "interestExpense": 0,
    "depreciationAndAmortization": 110000000,
    "ebitda": 962000000,
    "ebitdaratio": 0.1302111532,
    "operatingIncome": 852000000,
    "operatingIncomeRatio": 0.115322144,
    "totalOtherIncomeExpensesNet": 0,
    "incomeBeforeTax": 852000000,
    "incomeBeforeTaxRatio": 0.115322144,
    "incomeTaxExpense": 264000000,
    "netIncome": 578000000,
    "netIncomeRatio": 0.0782349756,
    "eps": 1.11,
    "epsdiluted": 1.11,
    "weightedAverageShsOut": 517450000,
    "weightedAverageShsOutDil": 521800000,
    "link": "https://www.sec.gov/Archives/edgar/data/1137774/000119312505045535/0001193125-05-045535-index.htm",
    "finalLink": "https://www.sec.gov/Archives/edgar/data/1137774/000119312505045535/d10k.htm"
  },
  {
    "date": "2004-09-30",
    "symbol": "PRU",
    "reportedCurrency": "USD",
    "cik": "0001137774",
    "fillingDate": "2004-11-04",
    "acceptedDate": "2004-11-04 16:20:22",
    "calendarYear": "2004",
    "period": "Q3",
    "revenue": 7332000000,
    "costOfRevenue": 4498000000,
    "grossProfit": 2834000000,
    "grossProfitRatio": 0.3865248227,
    "researchAndDevelopmentExpenses": 0,
    "generalAndAdministrativeExpenses": 1763000000,
    "sellingAndMarketingExpenses": 0,
    "sellingGeneralAndAdministrativeExpenses": 1763000000,
    "otherExpenses": 0,
    "operatingExpenses": 1763000000,
    "costAndExpenses": 6261000000,
    "interestIncome": 0,
    "interestExpense": 0,
    "depreciationAndAmortization": 135000000,
    "ebitda": 1206000000,
    "ebitdaratio": 0.1644844517,
    "operatingIncome": 1071000000,
    "operatingIncomeRatio": 0.1460720131,
    "totalOtherIncomeExpensesNet": 0,
    "incomeBeforeTax": 1071000000,
    "incomeBeforeTaxRatio": 0.1460720131,
    "incomeTaxExpense": 329000000,
    "netIncome": 728000000,
    "netIncomeRatio": 0.0992907801,
    "eps": 1.11,
    "epsdiluted": 1.08,
    "weightedAverageShsOut": 513900000,
    "weightedAverageShsOutDil": 525710000,
    "link": "https://www.sec.gov/Archives/edgar/data/1137774/000119312504186339/0001193125-04-186339-index.htm",
    "finalLink": "https://www.sec.gov/Archives/edgar/data/1137774/000119312504186339/d10q.htm"
  },
  {
    "date": "2004-06-30",
    "symbol": "PRU",
    "reportedCurrency": "USD",
    "cik": "0001137774",
    "fillingDate": "2004-08-05",
    "acceptedDate": "2004-08-05 16:10:34",
    "calendarYear": "2004",
    "period": "Q2",
    "revenue": 6882000000,
    "costOfRevenue": 4410000000,
    "grossProfit": 2472000000,
    "grossProfitRatio": 0.3591979076,
    "researchAndDevelopmentExpenses": 0,
    "generalAndAdministrativeExpenses": 1783000000,
    "sellingAndMarketingExpenses": 0,
    "sellingGeneralAndAdministrativeExpenses": 1783000000,
    "otherExpenses": 0,
    "operatingExpenses": 1783000000,
    "costAndExpenses": 6193000000,
    "interestIncome": 0,
    "interestExpense": 0,
    "depreciationAndAmortization": 155000000,
    "ebitda": 844000000,
    "ebitdaratio": 0.1226387678,
    "operatingIncome": 689000000,
    "operatingIncomeRatio": 0.1001162453,
    "totalOtherIncomeExpensesNet": 0,
    "incomeBeforeTax": 689000000,
    "incomeBeforeTaxRatio": 0.1001162453,
    "incomeTaxExpense": 149000000,
    "netIncome": 549000000,
    "netIncomeRatio": 0.0797733217,
    "eps": 1.04,
    "epsdiluted": 1.02,
    "weightedAverageShsOut": 521480000,
    "weightedAverageShsOutDil": 532150000,
    "link": "https://www.sec.gov/Archives/edgar/data/1137774/000119312504132642/0001193125-04-132642-index.htm",
    "finalLink": "https://www.sec.gov/Archives/edgar/data/1137774/000119312504132642/d10q.htm"
  },
  {
    "date": "2004-03-31",
    "symbol": "PRU",
    "reportedCurrency": "USD",
    "cik": "0001137774",
    "fillingDate": "2004-05-07",
    "acceptedDate": "2004-05-07 16:05:54",
    "calendarYear": "2004",
    "period": "Q1",
    "revenue": 6751000000,
    "costOfRevenue": 4393000000,
    "grossProfit": 2358000000,
    "grossProfitRatio": 0.3492815879,
    "researchAndDevelopmentExpenses": 0,
    "generalAndAdministrativeExpenses": 1652000000,
    "sellingAndMarketingExpenses": 0,
    "sellingGeneralAndAdministrativeExpenses": 1652000000,
    "otherExpenses": 0,
    "operatingExpenses": 1652000000,
    "costAndExpenses": 6045000000,
    "interestIncome": 0,
    "interestExpense": 0,
    "depreciationAndAmortization": 136000000,
    "ebitda": 842000000,
    "ebitdaratio": 0.1247222634,
    "operatingIncome": 706000000,
    "operatingIncomeRatio": 0.1045770997,
    "totalOtherIncomeExpensesNet": 0,
    "incomeBeforeTax": 706000000,
    "incomeBeforeTaxRatio": 0.1045770997,
    "incomeTaxExpense": 220000000,
    "netIncome": 401000000,
    "netIncomeRatio": 0.0593986076,
    "eps": 0.58,
    "epsdiluted": 0.57,
    "weightedAverageShsOut": 529657867,
    "weightedAverageShsOutDil": 539868050,
    "link": "https://www.sec.gov/Archives/edgar/data/1137774/000119312504082081/0001193125-04-082081-index.htm",
    "finalLink": "https://www.sec.gov/Archives/edgar/data/1137774/000119312504082081/d10q.htm"
  },
  {
    "date": "2003-12-31",
    "symbol": "PRU",
    "reportedCurrency": "USD",
    "cik": "0001137774",
    "fillingDate": "2004-03-10",
    "acceptedDate": "2004-03-10 15:30:48",
    "calendarYear": "2003",
    "period": "Q4",
    "revenue": 7092000000,
    "costOfRevenue": 7801000000,
    "grossProfit": -709000000,
    "grossProfitRatio": -0.0999717992,
    "researchAndDevelopmentExpenses": 0,
    "generalAndAdministrativeExpenses": 1790000000,
    "sellingAndMarketingExpenses": 0,
    "sellingGeneralAndAdministrativeExpenses": 1790000000,
    "otherExpenses": -3337000000,
    "operatingExpenses": -1547000000,
    "costAndExpenses": 6254000000,
    "interestIncome": 0,
    "interestExpense": 464000000,
    "depreciationAndAmortization": 244000000,
    "ebitda": 1546000000,
    "ebitdaratio": 0.2179921038,
    "operatingIncome": 838000000,
    "operatingIncomeRatio": 0.1181613085,
    "totalOtherIncomeExpensesNet": 0,
    "incomeBeforeTax": 838000000,
    "incomeBeforeTaxRatio": 0.1181613085,
    "incomeTaxExpense": 262000000,
    "netIncome": 575000000,
    "netIncomeRatio": 0.0810772702,
    "eps": 1.09,
    "epsdiluted": 1.09,
    "weightedAverageShsOut": 529657867,
    "weightedAverageShsOutDil": 529657867,
    "link": "https://www.sec.gov/Archives/edgar/data/1137774/000119312504038160/0001193125-04-038160-index.htm",
    "finalLink": "https://www.sec.gov/Archives/edgar/data/1137774/000119312504038160/d10k.htm"
  },
  {
    "date": "2003-09-30",
    "symbol": "PRU",
    "reportedCurrency": "USD",
    "cik": "0001137774",
    "fillingDate": "2003-11-14",
    "acceptedDate": "2003-11-14 07:48:55",
    "calendarYear": "2003",
    "period": "Q3",
    "revenue": 6693000000,
    "costOfRevenue": 7608000000,
    "grossProfit": -915000000,
    "grossProfitRatio": -0.1367099955,
    "researchAndDevelopmentExpenses": 0,
    "generalAndAdministrativeExpenses": 1748000000,
    "sellingAndMarketingExpenses": 0,
    "sellingGeneralAndAdministrativeExpenses": 1748000000,
    "otherExpenses": -3222000000,
    "operatingExpenses": -1474000000,
    "costAndExpenses": 6134000000,
    "interestIncome": 0,
    "interestExpense": 459000000,
    "depreciationAndAmortization": 205000000,
    "ebitda": 1223000000,
    "ebitdaratio": 0.1827282235,
    "operatingIncome": 559000000,
    "operatingIncomeRatio": 0.0835200956,
    "totalOtherIncomeExpensesNet": 0,
    "incomeBeforeTax": 559000000,
    "incomeBeforeTaxRatio": 0.0835200956,
    "incomeTaxExpense": 237000000,
    "netIncome": 297000000,
    "netIncomeRatio": 0.0443747199,
    "eps": 0.44,
    "epsdiluted": 0.44,
    "weightedAverageShsOut": 541480000,
    "weightedAverageShsOutDil": 545860000,
    "link": "https://www.sec.gov/Archives/edgar/data/1137774/000119312503080940/0001193125-03-080940-index.htm",
    "finalLink": "https://www.sec.gov/Archives/edgar/data/1137774/000119312503080940/d10q.htm"
  },
  {
    "date": "2003-06-30",
    "symbol": "PRU",
    "reportedCurrency": "USD",
    "cik": "0001137774",
    "fillingDate": "2003-08-13",
    "acceptedDate": "2003-08-13 15:40:53",
    "calendarYear": "2003",
    "period": "Q2",
    "revenue": 7304000000,
    "costOfRevenue": 7834000000,
    "grossProfit": -530000000,
    "grossProfitRatio": -0.0725629792,
    "researchAndDevelopmentExpenses": 0,
    "generalAndAdministrativeExpenses": 2158000000,
    "sellingAndMarketingExpenses": 0,
    "sellingGeneralAndAdministrativeExpenses": 2158000000,
    "otherExpenses": -2904000000,
    "operatingExpenses": -746000000,
    "costAndExpenses": 7088000000,
    "interestIncome": 0,
    "interestExpense": 455000000,
    "depreciationAndAmortization": 111000000,
    "ebitda": 782000000,
    "ebitdaratio": 0.1070646221,
    "operatingIncome": 216000000,
    "operatingIncomeRatio": 0.0295728368,
    "totalOtherIncomeExpensesNet": 0,
    "incomeBeforeTax": 216000000,
    "incomeBeforeTaxRatio": 0.0295728368,
    "incomeTaxExpense": 38000000,
    "netIncome": 196000000,
    "netIncomeRatio": 0.0268346112,
    "eps": 0.36,
    "epsdiluted": 0.36,
    "weightedAverageShsOut": 547260000,
    "weightedAverageShsOutDil": 549380000,
    "link": "https://www.sec.gov/Archives/edgar/data/1137774/000119312503035884/0001193125-03-035884-index.htm",
    "finalLink": "https://www.sec.gov/Archives/edgar/data/1137774/000119312503035884/d10q.htm"
  },
  {
    "date": "2003-03-31",
    "symbol": "PRU",
    "reportedCurrency": "USD",
    "cik": "0001137774",
    "fillingDate": "2003-05-14",
    "acceptedDate": "2003-05-14 13:33:31",
    "calendarYear": "2003",
    "period": "Q1",
    "revenue": 6785000000,
    "costOfRevenue": 4531000000,
    "grossProfit": 2254000000,
    "grossProfitRatio": 0.3322033898,
    "researchAndDevelopmentExpenses": 0,
    "generalAndAdministrativeExpenses": 1942000000,
    "sellingAndMarketingExpenses": 0,
    "sellingGeneralAndAdministrativeExpenses": 1940000000,
    "otherExpenses": 0,
    "operatingExpenses": 1940000000,
    "costAndExpenses": 6471000000,
    "interestIncome": 0,
    "interestExpense": 452000000,
    "depreciationAndAmortization": 173000000,
    "ebitda": 948000000,
    "ebitdaratio": 0.1397199705,
    "operatingIncome": 314000000,
    "operatingIncomeRatio": 0.0462785556,
    "totalOtherIncomeExpensesNet": 0,
    "incomeBeforeTax": 314000000,
    "incomeBeforeTaxRatio": 0.0462785556,
    "incomeTaxExpense": 102000000,
    "netIncome": 196000000,
    "netIncomeRatio": 0.0288872513,
    "eps": 0.39,
    "epsdiluted": 0.35,
    "weightedAverageShsOut": 554420034,
    "weightedAverageShsOutDil": 556524556,
    "link": "https://www.sec.gov/Archives/edgar/data/1137774/000119312503005059/0001193125-03-005059-index.htm",
    "finalLink": "https://www.sec.gov/Archives/edgar/data/1137774/000119312503005059/d10q.htm"
  },
  {
    "date": "2002-12-31",
    "symbol": "PRU",
    "reportedCurrency": "USD",
    "cik": "0001137774",
    "fillingDate": "2003-03-14",
    "acceptedDate": "2003-03-14 15:49:30",
    "calendarYear": "2002",
    "period": "Q4",
    "revenue": 6585000000,
    "costOfRevenue": 8577000000,
    "grossProfit": -1992000000,
    "grossProfitRatio": -0.3025056948,
    "researchAndDevelopmentExpenses": 0,
    "generalAndAdministrativeExpenses": 1969000000,
    "sellingAndMarketingExpenses": 0,
    "sellingGeneralAndAdministrativeExpenses": 1969000000,
    "otherExpenses": -3752000000,
    "operatingExpenses": -1783000000,
    "costAndExpenses": 6794000000,
    "interestIncome": 0,
    "interestExpense": 481000000,
    "depreciationAndAmortization": 114000000,
    "ebitda": 386000000,
    "ebitdaratio": 0.0586180714,
    "operatingIncome": -209000000,
    "operatingIncomeRatio": -0.0317388003,
    "totalOtherIncomeExpensesNet": 0,
    "incomeBeforeTax": -209000000,
    "incomeBeforeTaxRatio": -0.0317388003,
    "incomeTaxExpense": -87000000,
    "netIncome": -193000000,
    "netIncomeRatio": -0.0293090357,
    "eps": -0.35,
    "epsdiluted": -0.35,
    "weightedAverageShsOut": 554420034,
    "weightedAverageShsOutDil": 554420034,
    "link": "https://www.sec.gov/Archives/edgar/data/1137774/000095013003002060/0000950130-03-002060-index.htm",
    "finalLink": "https://www.sec.gov/Archives/edgar/data/1137774/000095013003002060/d10k.htm"
  },
  {
    "date": "2002-09-30",
    "symbol": "PRU",
    "reportedCurrency": "USD",
    "cik": "0001137774",
    "fillingDate": "2002-11-14",
    "acceptedDate": "2002-11-14 14:39:12",
    "calendarYear": "2002",
    "period": "Q3",
    "revenue": 6597000000,
    "costOfRevenue": 3213000000,
    "grossProfit": 3384000000,
    "grossProfitRatio": 0.5129604366,
    "researchAndDevelopmentExpenses": 0,
    "generalAndAdministrativeExpenses": 2099000000,
    "sellingAndMarketingExpenses": 0,
    "sellingGeneralAndAdministrativeExpenses": 2099000000,
    "otherExpenses": 468000000,
    "operatingExpenses": 2567000000,
    "costAndExpenses": 5780000000,
    "interestIncome": 0,
    "interestExpense": 468000000,
    "depreciationAndAmortization": 177000000,
    "ebitda": 645000000,
    "ebitdaratio": 0.0977717144,
    "operatingIncome": 817000000,
    "operatingIncomeRatio": 0.1238441716,
    "totalOtherIncomeExpensesNet": -688000000,
    "incomeBeforeTax": 129000000,
    "incomeBeforeTaxRatio": 0.0195543429,
    "incomeTaxExpense": -159000000,
    "netIncome": 302000000,
    "netIncomeRatio": 0.0457783841,
    "eps": 0.53,
    "epsdiluted": 0.52,
    "weightedAverageShsOut": 575107885,
    "weightedAverageShsOutDil": 576792103,
    "link": "https://www.sec.gov/Archives/edgar/data/1137774/000095013002007934/0000950130-02-007934-index.htm",
    "finalLink": "https://www.sec.gov/Archives/edgar/data/1137774/000095013002007934/d10q.htm"
  },
  {
    "date": "2002-06-30",
    "symbol": "PRU",
    "reportedCurrency": "USD",
    "cik": "0001137774",
    "fillingDate": "2002-08-14",
    "acceptedDate": "2002-08-14 15:24:03",
    "calendarYear": "2002",
    "period": "Q2",
    "revenue": 6564000000,
    "costOfRevenue": 3392000000,
    "grossProfit": 3172000000,
    "grossProfitRatio": 0.4832419257,
    "researchAndDevelopmentExpenses": 0,
    "generalAndAdministrativeExpenses": 2135000000,
    "sellingAndMarketingExpenses": 0,
    "sellingGeneralAndAdministrativeExpenses": 2135000000,
    "otherExpenses": 449000000,
    "operatingExpenses": 2584000000,
    "costAndExpenses": 5976000000,
    "interestIncome": 0,
    "interestExpense": 449000000,
    "depreciationAndAmortization": 196000000,
    "ebitda": 645000000,
    "ebitdaratio": 0.0982632541,
    "operatingIncome": 588000000,
    "operatingIncomeRatio": 0.0895795247,
    "totalOtherIncomeExpensesNet": -691000000,
    "incomeBeforeTax": -103000000,
    "incomeBeforeTaxRatio": -0.0156916514,
    "incomeTaxExpense": -38000000,
    "netIncome": -68000000,
    "netIncomeRatio": -0.0103595369,
    "eps": -0.12,
    "epsdiluted": -0.12,
    "weightedAverageShsOut": 583925410,
    "weightedAverageShsOutDil": 585238339,
    "link": "https://www.sec.gov/Archives/edgar/data/1137774/000095013002005914/0000950130-02-005914-index.html",
    "finalLink": "https://www.sec.gov/Archives/edgar/data/1137774/000095013002005914/d10q.htm"
  },
  {
    "date": "2002-03-31",
    "symbol": "PRU",
    "reportedCurrency": "USD",
    "cik": "0001137774",
    "fillingDate": "2002-05-15",
    "acceptedDate": "2002-05-14 17:54:37",
    "calendarYear": "2002",
    "period": "Q1",
    "revenue": 6714000000,
    "costOfRevenue": 7527000000,
    "grossProfit": -813000000,
    "grossProfitRatio": -0.1210902592,
    "researchAndDevelopmentExpenses": 0,
    "generalAndAdministrativeExpenses": 2146000000,
    "sellingAndMarketingExpenses": 0,
    "sellingGeneralAndAdministrativeExpenses": 2146000000,
    "otherExpenses": -3203000000,
    "operatingExpenses": -1057000000,
    "costAndExpenses": 6470000000,
    "interestIncome": 0,
    "interestExpense": 448000000,
    "depreciationAndAmortization": 72000000,
    "ebitda": 764000000,
    "ebitdaratio": 0.1137920763,
    "operatingIncome": 244000000,
    "operatingIncomeRatio": 0.036341972,
    "totalOtherIncomeExpensesNet": 0,
    "incomeBeforeTax": 244000000,
    "incomeBeforeTaxRatio": 0.036341972,
    "incomeTaxExpense": 91000000,
    "netIncome": 153000000,
    "netIncomeRatio": 0.0227882038,
    "eps": 0.26,
    "epsdiluted": 0.26,
    "weightedAverageShsOut": 584315048,
    "weightedAverageShsOutDil": 584315048,
    "link": "https://www.sec.gov/Archives/edgar/data/1137774/000095013002003604/0000950130-02-003604-index.html",
    "finalLink": "https://www.sec.gov/Archives/edgar/data/1137774/000095013002003604/d10q.txt"
  },
  {
    "date": "2001-12-31",
    "symbol": "PRU",
    "reportedCurrency": "USD",
    "cik": "0001137774",
    "fillingDate": "2002-03-26",
    "acceptedDate": "2002-03-26 00:00:00",
    "calendarYear": "2001",
    "period": "Q4",
    "revenue": 0,
    "costOfRevenue": 0,
    "grossProfit": 0,
    "grossProfitRatio": 0,
    "researchAndDevelopmentExpenses": 0,
    "generalAndAdministrativeExpenses": 0,
    "sellingAndMarketingExpenses": 0,
    "sellingGeneralAndAdministrativeExpenses": 0,
    "otherExpenses": -21000000,
    "operatingExpenses": -21000000,
    "costAndExpenses": -21000000,
    "interestIncome": 0,
    "interestExpense": 0,
    "depreciationAndAmortization": 0,
    "ebitda": -21000000,
    "ebitdaratio": 0,
    "operatingIncome": -21000000,
    "operatingIncomeRatio": 0,
    "totalOtherIncomeExpensesNet": 1207000000,
    "incomeBeforeTax": 1186000000,
    "incomeBeforeTaxRatio": 0,
    "incomeTaxExpense": 1744000000,
    "netIncome": -558000000,
    "netIncomeRatio": 0,
    "eps": -0.96,
    "epsdiluted": -0.96,
    "weightedAverageShsOut": 582181051,
    "weightedAverageShsOutDil": 582571219,
    "link": "https://www.sec.gov/Archives/edgar/data/1137774/000095013002001967/0000950130-02-001967-index.htm",
    "finalLink": "https://www.sec.gov/Archives/edgar/data/1137774/000095013002001967/d10k405.txt"
  }
]