[
  {
    "date": "2024-12-31",
    "symbol": "PRU",
    "reportedCurrency": "USD",
    "cik": "0001137774",
    "fillingDate": "2025-02-13",
    "acceptedDate": "2025-02-13 16:24:16",
    "calendarYear": "2024",
    "period": "FY",
    "revenue": 70645000000,
    "costOfRevenue": 53156000000,
    "grossProfit": 17489000000,
    "grossProfitRatio": 0.2475617524,
    "researchAndDevelopmentExpenses": 0,
    "generalAndAdministrativeExpenses": 13342000000,
    "sellingAndMarketingExpenses": 0,
    "sellingGeneralAndAdministrativeExpenses": 13342000000,
    "otherExpenses": 938000000,
    "operatingExpenses": 14280000000,
    "costAndExpenses": 67436000000,
    "interestIncome": 0,
    "interestExpense": 0,
    "depreciationAndAmortization": 383000000,
    "ebitda": 3592000000,
    "ebitdaratio": 0.0508457782,
    "operatingIncome": 3209000000,
    "operatingIncomeRatio": 0.0454243046,
    "totalOtherIncomeExpensesNet": 0,
    "incomeBeforeTax": 3209000000,
    "incomeBeforeTaxRatio": 0.0454243046,
    "incomeTaxExpense": 507000000,
    "netIncome": 2727000000,
    "netIncomeRatio": 0.038601458,
    "eps": 7.54,
    "epsdiluted": 7.5,
    "weightedAverageShsOut": 357500000,
    "weightedAverageShsOutDil": 359300000,
    "link": "https://www.sec.gov/Archives/edgar/data/1137774/000113777425000044/0001137774-25-000044-index.htm",
    "finalLink": "https://www.sec.gov/Archives/edgar/data/1137774/000113777425000044/pru-20241231.htm"
  },
  {
    "date": "2023-12-31",
    "symbol": "PRU",
    "reportedCurrency": "USD",
    "cik": "0001137774",
    "fillingDate": "2024-02-21",
    "acceptedDate": "2024-02-21 10:45:26",
    "calendarYear": "2023",
    "period": "FY",
    "revenue": 54265000000,
    "costOfRevenue": 36710000000,
    "grossProfit": 17555000000,
    "grossProfitRatio": 0.3235050217,
    "researchAndDevelopmentExpenses": 0,
    "generalAndAdministrativeExpenses": 12951000000,
    "sellingAndMarketingExpenses": 0,
    "sellingGeneralAndAdministrativeExpenses": 12951000000,
    "otherExpenses": 1532000000,
    "operatingExpenses": 14483000000,
    "costAndExpenses": 51193000000,
    "interestIncome": 0,
    "interestExpense": 0,
    "depreciationAndAmortization": -70000000,
    "ebitda": 3002000000,
    "ebitdaratio": 0.0553211094,
    "operatingIncome": 3072000000,
    "operatingIncomeRatio": 0.0566110753,
    "totalOtherIncomeExpensesNet": 0,
    "incomeBeforeTax": 3072000000,
    "incomeBeforeTaxRatio": 0.0566110753,
    "incomeTaxExpense": 613000000,
    "netIncome": 2488000000,
    "netIncomeRatio": 0.045849074,
    "eps": 6.76,
    "epsdiluted": 6.74,
    "weightedAverageShsOut": 363500000,
    "weightedAverageShsOutDil": 364600000,
    "link": "https://www.sec.gov/Archives/edgar/data/1137774/000113777424000045/0001137774-24-000045-index.htm",
    "finalLink": "https://www.sec.gov/Archives/edgar/data/1137774/000113777424000045/pru-20231231.htm"
  },
  {
    "date": "2022-12-31",
    "symbol": "PRU",
    "reportedCurrency": "USD",
    "cik": "0001137774",
    "fillingDate": "2023-02-16",
    "acceptedDate": "2023-02-16 16:29:53",
    "calendarYear": "2022",
    "period": "FY",
    "revenue": 56960000000,
    "costOfRevenue": 45096000000,
    "grossProfit": 11864000000,
    "grossProfitRatio": 0.2082865169,
    "researchAndDevelopmentExpenses": 0,
    "generalAndAdministrativeExpenses": 12576000000,
    "sellingAndMarketingExpenses": 0,
    "sellingGeneralAndAdministrativeExpenses": 12576000000,
    "otherExpenses": 1180000000,
    "operatingExpenses": 13756000000,
    "costAndExpenses": 58852000000,
    "interestIncome": 0,
    "interestExpense": 0,
    "depreciationAndAmortization": 117000000,
    "ebitda": -1775000000,
    "ebitdaratio": -0.0311622191,
    "operatingIncome": -1892000000,
    "operatingIncomeRatio": -0.0332162921,
    "totalOtherIncomeExpensesNet": 0,
    "incomeBeforeTax": -1892000000,
    "incomeBeforeTaxRatio": -0.0332162921,
    "incomeTaxExpense": -279000000,
    "netIncome": -1647000000,
    "netIncomeRatio": -0.0289150281,
    "eps": -4.49,
    "epsdiluted": -4.49,
    "weightedAverageShsOut": 372300000,
    "weightedAverageShsOutDil": 372300000,
    "link": "https://www.sec.gov/Archives/edgar/data/1137774/000113777423000040/0001137774-23-000040-index.htm",
    "finalLink": "https://www.sec.gov/Archives/edgar/data/1137774/000113777423000040/pru-20221231.htm"
  },
  {
    "date": "2021-12-31",
    "symbol": "PRU",
    "reportedCurrency": "USD",
    "cik": "0001137774",
    "fillingDate": "2022-02-17",
    "acceptedDate": "2022-02-17 16:33:01",
    "calendarYear": "2021",
    "period": "FY",
    "revenue": 71149000000,
    "costOfRevenue": 42869000000,
    "grossProfit": 28280000000,
    "grossProfitRatio": 0.39747572,
    "researchAndDevelopmentExpenses": 0,
    "generalAndAdministrativeExpenses": 13609000000,
    "sellingAndMarketingExpenses": 0,
    "sellingGeneralAndAdministrativeExpenses": 13609000000,
    "otherExpenses": 3822000000,
    "operatingExpenses": 17431000000,
    "costAndExpenses": 60300000000,
    "interestIncome": 0,
    "interestExpense": 0,
    "depreciationAndAmortization": 206000000,
    "ebitda": 11055000000,
    "ebitdaratio": 0.1553781501,
    "operatingIncome": 10849000000,
    "operatingIncomeRatio": 0.1524828177,
    "totalOtherIncomeExpensesNet": -14000000,
    "incomeBeforeTax": 10835000000,
    "incomeBeforeTaxRatio": 0.1522860476,
    "incomeTaxExpense": 1995000000,
    "netIncome": 8868000000,
    "netIncomeRatio": 0.1246398403,
    "eps": 22.56,
    "epsdiluted": 22.4,
    "weightedAverageShsOut": 387200000,
    "weightedAverageShsOutDil": 390100000,
    "link": "https://www.sec.gov/Archives/edgar/data/1137774/000113777422000038/0001137774-22-000038-index.htm",
    "finalLink": "https://www.sec.gov/Archives/edgar/data/1137774/000113777422000038/pru-20211231.htm"
  },
  {
    "date": "2020-12-31",
    "symbol": "PRU",
    "reportedCurrency": "USD",
    "cik": "0001137774",
    "fillingDate": "2021-02-19",
    "acceptedDate": "2021-02-19 16:36:07",
    "calendarYear": "2020",
    "period": "FY",
    "revenue": 57030000000,
    "costOfRevenue": 41818000000,
    "grossProfit": 15212000000,
    "grossProfitRatio": 0.2667368052,
    "researchAndDevelopmentExpenses": 0,
    "generalAndAdministrativeExpenses": 13913000000,
    "sellingAndMarketingExpenses": 0,
    "sellingGeneralAndAdministrativeExpenses": 13913000000,
    "otherExpenses": 1624000000,
    "operatingExpenses": 15537000000,
    "costAndExpenses": 57355000000,
    "interestIncome": 0,
    "interestExpense": 0,
    "depreciationAndAmortization": 457000000,
    "ebitda": 132000000,
    "ebitdaratio": 0.0023145713,
    "operatingIncome": -325000000,
    "operatingIncomeRatio": -0.005698755,
    "totalOtherIncomeExpensesNet": 2000000,
    "incomeBeforeTax": -323000000,
    "incomeBeforeTaxRatio": -0.0056636858,
    "incomeTaxExpense": -81000000,
    "netIncome": -374000000,
    "netIncomeRatio": -0.006557952,
    "eps": -1,
    "epsdiluted": -1,
    "weightedAverageShsOut": 395800000,
    "weightedAverageShsOutDil": 395800000,
    "link": "https://www.sec.gov/Archives/edgar/data/1137774/000113777421000049/0001137774-21-000049-index.htm",
    "finalLink": "https://www.sec.gov/Archives/edgar/data/1137774/000113777421000049/pru-20201231.htm"
  },
  {
    "date": "2019-12-31",
    "symbol": "PRU",
    "reportedCurrency": "USD",
    "cik": "0001137774",
    "fillingDate": "2020-02-14",
    "acceptedDate": "2020-02-14 16:24:04",
    "calendarYear": "2019",
    "period": "FY",
    "revenue": 64800000000,
    "costOfRevenue": 44032000000,
    "grossProfit": 20768000000,
    "grossProfitRatio": 0.3204938272,
    "researchAndDevelopmentExpenses": 0,
    "generalAndAdministrativeExpenses": 13416000000,
    "sellingAndMarketingExpenses": 0,
    "sellingGeneralAndAdministrativeExpenses": 13416000000,
    "otherExpenses": 2229000000,
    "operatingExpenses": 15645000000,
    "costAndExpenses": 59677000000,
    "interestIncome": 0,
    "interestExpense": 0,
    "depreciationAndAmortization": 460000000,
    "ebitda": 5583000000,
    "ebitdaratio": 0.0861574074,
    "operatingIncome": 5123000000,
    "operatingIncomeRatio": 0.079058642,
    "totalOtherIncomeExpensesNet": -38000000,
    "incomeBeforeTax": 5085000000,
    "incomeBeforeTaxRatio": 0.0784722222,
    "incomeTaxExpense": 947000000,
    "netIncome": 4186000000,
    "netIncomeRatio": 0.0645987654,
    "eps": 10.23,
    "epsdiluted": 10.11,
    "weightedAverageShsOut": 404800000,
    "weightedAverageShsOutDil": 410900000,
    "link": "https://www.sec.gov/Archives/edgar/data/1137774/000113777420000065/0001137774-20-000065-index.htm",
    "finalLink": "https://www.sec.gov/Archives/edgar/data/1137774/000113777420000065/form10-kx4q2019.htm"
  },
  {
    "date": "2018-12-31",
    "symbol": "PRU",
    "reportedCurrency": "USD",
    "cik": "0001137774",
    "fillingDate": "2019-02-15",
    "acceptedDate": "2019-02-15 16:21:00",
    "calendarYear": "2018",
    "period": "FY",
    "revenue": 62992000000,
    "costOfRevenue": 44873000000,
    "grossProfit": 18119000000,
    "grossProfitRatio": 0.2876397003,
    "researchAndDevelopmentExpenses": 0,
    "generalAndAdministrativeExpenses": 11949000000,
    "sellingAndMarketingExpenses": 0,
    "sellingGeneralAndAdministrativeExpenses": 11949000000,
    "otherExpenses": 1336000000,
    "operatingExpenses": 13285000000,
    "costAndExpenses": 58158000000,
    "interestIncome": 0,
    "interestExpense": 0,
    "depreciationAndAmortization": 161000000,
    "ebitda": 4995000000,
    "ebitdaratio": 0.0792957836,
    "operatingIncome": 4834000000,
    "operatingIncomeRatio": 0.0767399035,
    "totalOtherIncomeExpensesNet": 0,
    "incomeBeforeTax": 4834000000,
    "incomeBeforeTaxRatio": 0.0767399035,
    "incomeTaxExpense": 822000000,
    "netIncome": 4074000000,
    "netIncomeRatio": 0.0646748793,
    "eps": 9.64,
    "epsdiluted": 9.5,
    "weightedAverageShsOut": 417634855,
    "weightedAverageShsOutDil": 426200000,
    "link": "https://www.sec.gov/Archives/edgar/data/1137774/000113777419000058/0001137774-19-000058-index.htm",
    "finalLink": "https://www.sec.gov/Archives/edgar/data/1137774/000113777419000058/form10-kx4q2018.htm"
  },
  {
    "date": "2017-12-31",
    "symbol": "PRU",
    "reportedCurrency": "USD",
    "cik": "0001137774",
    "fillingDate": "2018-02-16",
    "acceptedDate": "2018-02-16 16:19:47",
    "calendarYear": "2017",
    "period": "FY",
    "revenue": 59689000000,
    "costOfRevenue": 39196000000,
    "grossProfit": 20493000000,
    "grossProfitRatio": 0.3433295917,
    "researchAndDevelopmentExpenses": 0,
    "generalAndAdministrativeExpenses": 11915000000,
    "sellingAndMarketingExpenses": 0,
    "sellingGeneralAndAdministrativeExpenses": 11915000000,
    "otherExpenses": 2091000000,
    "operatingExpenses": 14006000000,
    "costAndExpenses": 53202000000,
    "interestIncome": 0,
    "interestExpense": 0,
    "depreciationAndAmortization": 222000000,
    "ebitda": 6709000000,
    "ebitdaratio": 0.1123992695,
    "operatingIncome": 6487000000,
    "operatingIncomeRatio": 0.1086799913,
    "totalOtherIncomeExpensesNet": 0,
    "incomeBeforeTax": 6487000000,
    "incomeBeforeTaxRatio": 0.1086799913,
    "incomeTaxExpense": -1438000000,
    "netIncome": 7863000000,
    "netIncomeRatio": 0.1317328151,
    "eps": 18.19,
    "epsdiluted": 17.86,
    "weightedAverageShsOut": 427000000,
    "weightedAverageShsOutDil": 436000000,
    "link": "https://www.sec.gov/Archives/edgar/data/1137774/000113777418000063/0001137774-18-000063-index.htm",
    "finalLink": "https://www.sec.gov/Archives/edgar/data/1137774/000113777418000063/form10-kx4q2017.htm"
  },
  {
    "date": "2016-12-31",
    "symbol": "PRU",
    "reportedCurrency": "USD",
    "cik": "0001137774",
    "fillingDate": "2017-02-17",
    "acceptedDate": "2017-02-17 16:20:56",
    "calendarYear": "2016",
    "period": "FY",
    "revenue": 58779000000,
    "costOfRevenue": 39270000000,
    "grossProfit": 19509000000,
    "grossProfitRatio": 0.3319042515,
    "researchAndDevelopmentExpenses": 0,
    "generalAndAdministrativeExpenses": 11779000000,
    "sellingAndMarketingExpenses": 0,
    "sellingGeneralAndAdministrativeExpenses": 11779000000,
    "otherExpenses": 2025000000,
    "operatingExpenses": 13804000000,
    "costAndExpenses": 53074000000,
    "interestIncome": 0,
    "interestExpense": 0,
    "depreciationAndAmortization": 318000000,
    "ebitda": 6023000000,
    "ebitdaratio": 0.1024685687,
    "operatingIncome": 5705000000,
    "operatingIncomeRatio": 0.0970584733,
    "totalOtherIncomeExpensesNet": 0,
    "incomeBeforeTax": 5705000000,
    "incomeBeforeTaxRatio": 0.0970584733,
    "incomeTaxExpense": 1335000000,
    "netIncome": 4368000000,
    "netIncomeRatio": 0.0743122544,
    "eps": 9.85,
    "epsdiluted": 9.71,
    "weightedAverageShsOut": 429574173,
    "weightedAverageShsOutDil": 429574173,
    "link": "https://www.sec.gov/Archives/edgar/data/1137774/000113777417000084/0001137774-17-000084-index.htm",
    "finalLink": "https://www.sec.gov/Archives/edgar/data/1137774/000113777417000084/form10-kx4q2016.htm"
  },
  {
    "date": "2015-12-31",
    "symbol": "PRU",
    "reportedCurrency": "USD",
    "cik": "0001137774",
    "fillingDate": "2016-02-19",
    "acceptedDate": "2016-02-19 16:22:47",
    "calendarYear": "2015",
    "period": "FY",
    "revenue": 57119000000,
    "costOfRevenue": 36226000000,
    "grossProfit": 20893000000,
    "grossProfitRatio": 0.3657802132,
    "researchAndDevelopmentExpenses": 0,
    "generalAndAdministrativeExpenses": 10912000000,
    "sellingAndMarketingExpenses": 0,
    "sellingGeneralAndAdministrativeExpenses": 10912000000,
    "otherExpenses": 2212000000,
    "operatingExpenses": 13124000000,
    "costAndExpenses": 49350000000,
    "interestIncome": 0,
    "interestExpense": 0,
    "depreciationAndAmortization": 113000000,
    "ebitda": 7882000000,
    "ebitdaratio": 0.1379926119,
    "operatingIncome": 7769000000,
    "operatingIncomeRatio": 0.136014286,
    "totalOtherIncomeExpensesNet": 0,
    "incomeBeforeTax": 7769000000,
    "incomeBeforeTaxRatio": 0.136014286,
    "incomeTaxExpense": 2072000000,
    "netIncome": 5642000000,
    "netIncomeRatio": 0.0987762391,
    "eps": 12.37,
    "epsdiluted": 12.17,
    "weightedAverageShsOut": 447101369,
    "weightedAverageShsOutDil": 463599014,
    "link": "https://www.sec.gov/Archives/edgar/data/1137774/000113777416000226/0001137774-16-000226-index.htm",
    "finalLink": "https://www.sec.gov/Archives/edgar/data/1137774/000113777416000226/pfi201510-k.htm"
  },
  {
    "date": "2014-12-31",
    "symbol": "PRU",
    "reportedCurrency": "USD",
    "cik": "0001137774",
    "fillingDate": "2015-02-20",
    "acceptedDate": "2015-02-20 16:28:38",
    "calendarYear": "2014",
    "period": "FY",
    "revenue": 54105000000,
    "costOfRevenue": 37823000000,
    "grossProfit": 16282000000,
    "grossProfitRatio": 0.3009333703,
    "researchAndDevelopmentExpenses": 0,
    "generalAndAdministrativeExpenses": 11807000000,
    "sellingAndMarketingExpenses": 0,
    "sellingGeneralAndAdministrativeExpenses": 11807000000,
    "otherExpenses": 2716000000,
    "operatingExpenses": 14523000000,
    "costAndExpenses": 52346000000,
    "interestIncome": 0,
    "interestExpense": 0,
    "depreciationAndAmortization": 631000000,
    "ebitda": 2390000000,
    "ebitdaratio": 0.0441733666,
    "operatingIncome": 1759000000,
    "operatingIncomeRatio": 0.0325108585,
    "totalOtherIncomeExpensesNet": 0,
    "incomeBeforeTax": 1759000000,
    "incomeBeforeTaxRatio": 0.0325108585,
    "incomeTaxExpense": 349000000,
    "netIncome": 1381000000,
    "netIncomeRatio": 0.0255244432,
    "eps": 2.94,
    "epsdiluted": 2.89,
    "weightedAverageShsOut": 455692308,
    "weightedAverageShsOutDil": 456833477,
    "link": "https://www.sec.gov/Archives/edgar/data/1137774/000119312515056366/0001193125-15-056366-index.htm",
    "finalLink": "https://www.sec.gov/Archives/edgar/data/1137774/000119312515056366/d864090d10k.htm"
  },
  {
    "date": "2013-12-31",
    "symbol": "PRU",
    "reportedCurrency": "USD",
    "cik": "0001137774",
    "fillingDate": "2014-06-04",
    "acceptedDate": "2014-06-04 16:07:20",
    "calendarYear": "2013",
    "period": "FY",
    "revenue": 41461000000,
    "costOfRevenue": 30084000000,
    "grossProfit": 11377000000,
    "grossProfitRatio": 0.2744024505,
    "researchAndDevelopmentExpenses": 0,
    "generalAndAdministrativeExpenses": 11011000000,
    "sellingAndMarketingExpenses": 0,
    "sellingGeneralAndAdministrativeExpenses": 11011000000,
    "otherExpenses": 2050000000,
    "operatingExpenses": 13061000000,
    "costAndExpenses": 43145000000,
    "interestIncome": 0,
    "interestExpense": 0,
    "depreciationAndAmortization": 411000000,
    "ebitda": -1273000000,
    "ebitdaratio": -0.0307035527,
    "operatingIncome": -1684000000,
    "operatingIncomeRatio": -0.040616483,
    "totalOtherIncomeExpensesNet": 0,
    "incomeBeforeTax": -1684000000,
    "incomeBeforeTaxRatio": -0.040616483,
    "incomeTaxExpense": -1058000000,
    "netIncome": -667000000,
    "netIncomeRatio": -0.0160874074,
    "eps": -1.47,
    "epsdiluted": -1.47,
    "weightedAverageShsOut": 465100102,
    "weightedAverageShsOutDil": 468387097,
    "link": "https://www.sec.gov/Archives/edgar/data/1137774/000119312514225681/0001193125-14-225681-index.htm",
    "finalLink": "https://www.sec.gov/Archives/edgar/data/1137774/000119312514225681/d738360d10ka.htm"
  },
  {
    "date": "2012-12-31",
    "symbol": "PRU",
    "reportedCurrency": "USD",
    "cik": "0001137774",
    "fillingDate": "2013-02-22",
    "acceptedDate": "2013-02-22 16:36:17",
    "calendarYear": "2012",
    "period": "FY",
    "revenue": 84847000000,
    "costOfRevenue": 70869000000,
    "grossProfit": 13978000000,
    "grossProfitRatio": 0.1647435973,
    "researchAndDevelopmentExpenses": 0,
    "generalAndAdministrativeExpenses": 11094000000,
    "sellingAndMarketingExpenses": 0,
    "sellingGeneralAndAdministrativeExpenses": 11094000000,
    "otherExpenses": 2176000000,
    "operatingExpenses": 13270000000,
    "costAndExpenses": 84139000000,
    "interestIncome": 1389000000,
    "interestExpense": 0,
    "depreciationAndAmortization": 302000000,
    "ebitda": 1010000000,
    "ebitdaratio": 0.0119037797,
    "operatingIncome": 708000000,
    "operatingIncomeRatio": 0.0083444317,
    "totalOtherIncomeExpensesNet": 0,
    "incomeBeforeTax": 708000000,
    "incomeBeforeTaxRatio": 0.0083444317,
    "incomeTaxExpense": 213000000,
    "netIncome": 520000000,
    "netIncomeRatio": 0.0061286787,
    "eps": 1.07,
    "epsdiluted": 1.06,
    "weightedAverageShsOut": 446315789,
    "weightedAverageShsOutDil": 451063830,
    "link": "https://www.sec.gov/Archives/edgar/data/1137774/000119312513071582/0001193125-13-071582-index.htm",
    "finalLink": "https://www.sec.gov/Archives/edgar/data/1137774/000119312513071582/d450278d10k.htm"
  },
  {
    "date": "2011-12-31",
    "symbol": "PRU",
    "reportedCurrency": "USD",
    "cik": "0001137774",
    "fillingDate": "2012-02-24",
    "acceptedDate": "2012-02-24 16:12:37",
    "calendarYear": "2011",
    "period": "FY",
    "revenue": 49085000000,
    "costOfRevenue": 30793000000,
    "grossProfit": 18292000000,
    "grossProfitRatio": 0.372659672,
    "researchAndDevelopmentExpenses": 0,
    "generalAndAdministrativeExpenses": 10605000000,
    "sellingAndMarketingExpenses": 0,
    "sellingGeneralAndAdministrativeExpenses": 10605000000,
    "otherExpenses": 2723000000,
    "operatingExpenses": 13328000000,
    "costAndExpenses": 44121000000,
    "interestIncome": 0,
    "interestExpense": 1164000000,
    "depreciationAndAmortization": 290000000,
    "ebitda": 5254000000,
    "ebitdaratio": 0.1070388102,
    "operatingIncome": 4964000000,
    "operatingIncomeRatio": 0.1011306917,
    "totalOtherIncomeExpensesNet": 0,
    "incomeBeforeTax": 4964000000,
    "incomeBeforeTaxRatio": 0.1011306917,
    "incomeTaxExpense": 1515000000,
    "netIncome": 3632000000,
    "netIncomeRatio": 0.0739940919,
    "eps": 7.04,
    "epsdiluted": 7.04,
    "weightedAverageShsOut": 480200000,
    "weightedAverageShsOutDil": 488700000,
    "link": "https://www.sec.gov/Archives/edgar/data/1137774/000119312512078116/0001193125-12-078116-index.htm",
    "finalLink": "https://www.sec.gov/Archives/edgar/data/1137774/000119312512078116/d291665d10k.htm"
  },
  {
    "date": "2010-12-31",
    "symbol": "PRU",
    "reportedCurrency": "USD",
    "cik": "0001137774",
    "fillingDate": "2011-02-25",
    "acceptedDate": "2011-02-25 16:36:09",
    "calendarYear": "2010",
    "period": "FY",
    "revenue": 38217000000,
    "costOfRevenue": 23579000000,
    "grossProfit": 14638000000,
    "grossProfitRatio": 0.3830232619,
    "researchAndDevelopmentExpenses": 0,
    "generalAndAdministrativeExpenses": 8309000000,
    "sellingAndMarketingExpenses": 0,
    "sellingGeneralAndAdministrativeExpenses": 8309000000,
    "otherExpenses": 2189000000,
    "operatingExpenses": 10498000000,
    "costAndExpenses": 34077000000,
    "interestIncome": 0,
    "interestExpense": 0,
    "depreciationAndAmortization": -104000000,
    "ebitda": 4036000000,
    "ebitdaratio": 0.1056074522,
    "operatingIncome": 4140000000,
    "operatingIncomeRatio": 0.1083287542,
    "totalOtherIncomeExpensesNet": 0,
    "incomeBeforeTax": 4140000000,
    "incomeBeforeTaxRatio": 0.1083287542,
    "incomeTaxExpense": 1243000000,
    "netIncome": 3001000000,
    "netIncomeRatio": 0.0785252636,
    "eps": 5.82,
    "epsdiluted": 5.75,
    "weightedAverageShsOut": 466800000,
    "weightedAverageShsOutDil": 475400000,
    "link": "https://www.sec.gov/Archives/edgar/data/1137774/000119312511047467/0001193125-11-047467-index.htm",
    "finalLink": "https://www.sec.gov/Archives/edgar/data/1137774/000119312511047467/d10k.htm"
  },
  {
    "date": "2009-12-31",
    "symbol": "PRU",
    "reportedCurrency": "USD",
    "cik": "0001137774",
    "fillingDate": "2010-02-26",
    "acceptedDate": "2010-02-26 16:48:39",
    "calendarYear": "2009",
    "period": "FY",
    "revenue": 32566000000,
    "costOfRevenue": 20830000000,
    "grossProfit": 11736000000,
    "grossProfitRatio": 0.3603758521,
    "researchAndDevelopmentExpenses": 0,
    "generalAndAdministrativeExpenses": 0,
    "sellingAndMarketingExpenses": 0,
    "sellingGeneralAndAdministrativeExpenses": 7392000000,
    "otherExpenses": 2792000000,
    "operatingExpenses": 10184000000,
    "costAndExpenses": 31014000000,
    "interestIncome": 0,
    "interestExpense": 0,
    "depreciationAndAmortization": 175000000,
    "ebitda": 1727000000,
    "ebitdaratio": 0.0530307683,
    "operatingIncome": 1552000000,
    "operatingIncomeRatio": 0.0476570657,
    "totalOtherIncomeExpensesNet": 0,
    "incomeBeforeTax": 1552000000,
    "incomeBeforeTaxRatio": 0.0476570657,
    "incomeTaxExpense": -54000000,
    "netIncome": 3124000000,
    "netIncomeRatio": 0.0959282687,
    "eps": 7.68,
    "epsdiluted": 7.63,
    "weightedAverageShsOut": 444600000,
    "weightedAverageShsOutDil": 448200000,
    "link": "https://www.sec.gov/Archives/edgar/data/1137774/000119312510043048/0001193125-10-043048-index.htm",
    "finalLink": "https://www.sec.gov/Archives/edgar/data/1137774/000119312510043048/d10k.htm"
  },
  {
    "date": "2008-12-31",
    "symbol": "PRU",
    "reportedCurrency": "USD",
    "cik": "0001137774",
    "fillingDate": "2009-02-27",
    "acceptedDate": "2009-02-26 18:19:12",
    "calendarYear": "2008",
    "period": "FY",
    "revenue": 29219000000,
    "costOfRevenue": 18866000000,
    "grossProfit": 10353000000,
    "grossProfitRatio": 0.3543242411,
    "researchAndDevelopmentExpenses": 0,
    "generalAndAdministrativeExpenses": 0,
    "sellingAndMarketingExpenses": 0,
    "sellingGeneralAndAdministrativeExpenses": 9274000000,
    "otherExpenses": 2218000000,
    "operatingExpenses": 11492000000,
    "costAndExpenses": 30358000000,
    "interestIncome": 0,
    "interestExpense": 0,
    "depreciationAndAmortization": 717000000,
    "ebitda": -422000000,
    "ebitdaratio": -0.0144426572,
    "operatingIncome": -1139000000,
    "operatingIncomeRatio": -0.0389814847,
    "totalOtherIncomeExpensesNet": 0,
    "incomeBeforeTax": -1139000000,
    "incomeBeforeTaxRatio": -0.0389814847,
    "incomeTaxExpense": -487000000,
    "netIncome": -1117000000,
    "netIncomeRatio": -0.0382285499,
    "eps": -2.5,
    "epsdiluted": -2.5,
    "weightedAverageShsOut": 429700000,
    "weightedAverageShsOutDil": 429700000,
    "link": "https://www.sec.gov/Archives/edgar/data/1137774/000119312509039316/0001193125-09-039316-index.htm",
    "finalLink": "https://www.sec.gov/Archives/edgar/data/1137774/000119312509039316/d10k.htm"
  },
  {
    "date": "2007-12-31",
    "symbol": "PRU",
    "reportedCurrency": "USD",
    "cik": "0001137774",
    "fillingDate": "2008-02-27",
    "acceptedDate": "2008-02-27 17:08:57",
    "calendarYear": "2007",
    "period": "FY",
    "revenue": 34401000000,
    "costOfRevenue": 17971000000,
    "grossProfit": 16430000000,
    "grossProfitRatio": 0.4776023953,
    "researchAndDevelopmentExpenses": 0,
    "generalAndAdministrativeExpenses": 8841000000,
    "sellingAndMarketingExpenses": 0,
    "sellingGeneralAndAdministrativeExpenses": 8841000000,
    "otherExpenses": 2903000000,
    "operatingExpenses": 11744000000,
    "costAndExpenses": 29715000000,
    "interestIncome": 0,
    "interestExpense": 0,
    "depreciationAndAmortization": 272000000,
    "ebitda": 4958000000,
    "ebitdaratio": 0.1441237173,
    "operatingIncome": 4686000000,
    "operatingIncomeRatio": 0.1362169704,
    "totalOtherIncomeExpensesNet": 0,
    "incomeBeforeTax": 4686000000,
    "incomeBeforeTaxRatio": 0.1362169704,
    "incomeTaxExpense": 1245000000,
    "netIncome": 3704000000,
    "netIncomeRatio": 0.1076712886,
    "eps": 7.75,
    "epsdiluted": 7.61,
    "weightedAverageShsOut": 459800000,
    "weightedAverageShsOutDil": 468300000,
    "link": "https://www.sec.gov/Archives/edgar/data/1137774/000119312508040213/0001193125-08-040213-index.htm",
    "finalLink": "https://www.sec.gov/Archives/edgar/data/1137774/000119312508040213/d10k.htm"
  },
  {
    "date": "2006-12-31",
    "symbol": "PRU",
    "reportedCurrency": "USD",
    "cik": "0001137774",
    "fillingDate": "2007-02-28",
    "acceptedDate": "2007-02-28 17:25:08",
    "calendarYear": "2006",
    "period": "FY",
    "revenue": 32268000000,
    "costOfRevenue": 2917000000,
    "grossProfit": 29351000000,
    "grossProfitRatio": 0.9096008429,
    "researchAndDevelopmentExpenses": 0,
    "generalAndAdministrativeExpenses": 8052000000,
    "sellingAndMarketingExpenses": 0,
    "sellingGeneralAndAdministrativeExpenses": 8052000000,
    "otherExpenses": 16905000000,
    "operatingExpenses": 24957000000,
    "costAndExpenses": 27874000000,
    "interestIncome": 0,
    "interestExpense": 0,
    "depreciationAndAmortization": 350000000,
    "ebitda": 4744000000,
    "ebitdaratio": 0.1470187182,
    "operatingIncome": 4394000000,
    "operatingIncomeRatio": 0.136172059,
    "totalOtherIncomeExpensesNet": 0,
    "incomeBeforeTax": 4394000000,
    "incomeBeforeTaxRatio": 0.136172059,
    "incomeTaxExpense": 1245000000,
    "netIncome": 3428000000,
    "netIncomeRatio": 0.1062352795,
    "eps": 6.63,
    "epsdiluted": 6.5,
    "weightedAverageShsOut": 484200000,
    "weightedAverageShsOutDil": 494000000,
    "link": "https://www.sec.gov/Archives/edgar/data/1137774/000119312507042867/0001193125-07-042867-index.htm",
    "finalLink": "https://www.sec.gov/Archives/edgar/data/1137774/000119312507042867/d10k.htm"
  },
  {
    "date": "2005-12-31",
    "symbol": "PRU",
    "reportedCurrency": "USD",
    "cik": "0001137774",
    "fillingDate": "2006-02-28",
    "acceptedDate": "2006-02-28 16:46:55",
    "calendarYear": "2005",
    "period": "FY",
    "revenue": 31347000000,
    "costOfRevenue": 2699000000,
    "grossProfit": 28648000000,
    "grossProfitRatio": 0.9138992567,
    "researchAndDevelopmentExpenses": 0,
    "generalAndAdministrativeExpenses": 7641000000,
    "sellingAndMarketingExpenses": 0,
    "sellingGeneralAndAdministrativeExpenses": 7641000000,
    "otherExpenses": 16733000000,
    "operatingExpenses": 24374000000,
    "costAndExpenses": 27073000000,
    "interestIncome": 0,
    "interestExpense": 0,
    "depreciationAndAmortization": 501000000,
    "ebitda": 4775000000,
    "ebitdaratio": 0.1523271764,
    "operatingIncome": 4274000000,
    "operatingIncomeRatio": 0.1363447858,
    "totalOtherIncomeExpensesNet": 0,
    "incomeBeforeTax": 4274000000,
    "incomeBeforeTaxRatio": 0.1363447858,
    "incomeTaxExpense": 803000000,
    "netIncome": 3540000000,
    "netIncomeRatio": 0.1129294669,
    "eps": 6.45,
    "epsdiluted": 6.34,
    "weightedAverageShsOut": 511800000,
    "weightedAverageShsOutDil": 520900000,
    "link": "https://www.sec.gov/Archives/edgar/data/1137774/000119312506041378/0001193125-06-041378-index.htm",
    "finalLink": "https://www.sec.gov/Archives/edgar/data/1137774/000119312506041378/d10k.htm"
  },
  {
    "date": "2004-12-31",
    "symbol": "PRU",
    "reportedCurrency": "USD",
    "cik": "0001137774",
    "fillingDate": "2005-03-09",
    "acceptedDate": "2005-03-09 16:18:38",
    "calendarYear": "2004",
    "period": "FY",
    "revenue": 27813000000,
    "costOfRevenue": 17715000000,
    "grossProfit": 10098000000,
    "grossProfitRatio": 0.3630676302,
    "researchAndDevelopmentExpenses": 0,
    "generalAndAdministrativeExpenses": 6844000000,
    "sellingAndMarketingExpenses": 0,
    "sellingGeneralAndAdministrativeExpenses": 6844000000,
    "otherExpenses": -12000000,
    "operatingExpenses": 6832000000,
    "costAndExpenses": 24547000000,
    "interestIncome": 0,
    "interestExpense": 0,
    "depreciationAndAmortization": 537000000,
    "ebitda": 3803000000,
    "ebitdaratio": 0.1367346205,
    "operatingIncome": 3266000000,
    "operatingIncomeRatio": 0.1174271024,
    "totalOtherIncomeExpensesNet": 0,
    "incomeBeforeTax": 3266000000,
    "incomeBeforeTaxRatio": 0.1174271024,
    "incomeTaxExpense": 931000000,
    "netIncome": 2256000000,
    "netIncomeRatio": 0.0811131485,
    "eps": 3.38,
    "epsdiluted": 3.31,
    "weightedAverageShsOut": 520600000,
    "weightedAverageShsOutDil": 531200000,
    "link": "https://www.sec.gov/Archives/edgar/data/1137774/000119312505045535/0001193125-05-045535-index.htm",
    "finalLink": "https://www.sec.gov/Archives/edgar/data/1137774/000119312505045535/d10k.htm"
  },
  {
    "date": "2003-12-31",
    "symbol": "PRU",
    "reportedCurrency": "USD",
    "cik": "0001137774",
    "fillingDate": "2004-03-10",
    "acceptedDate": "2004-03-10 15:30:48",
    "calendarYear": "2003",
    "period": "FY",
    "revenue": 27298000000,
    "costOfRevenue": 31280000000,
    "grossProfit": -3982000000,
    "grossProfitRatio": -0.1458714924,
    "researchAndDevelopmentExpenses": 0,
    "generalAndAdministrativeExpenses": 7173000000,
    "sellingAndMarketingExpenses": 0,
    "sellingGeneralAndAdministrativeExpenses": 7173000000,
    "otherExpenses": -13032000000,
    "operatingExpenses": -5859000000,
    "costAndExpenses": 25421000000,
    "interestIncome": 0,
    "interestExpense": 1830000000,
    "depreciationAndAmortization": 714000000,
    "ebitda": 4502000000,
    "ebitdaratio": 0.164920507,
    "operatingIncome": 1877000000,
    "operatingIncomeRatio": 0.0687596161,
    "totalOtherIncomeExpensesNet": 0,
    "incomeBeforeTax": 1877000000,
    "incomeBeforeTaxRatio": 0.0687596161,
    "incomeTaxExpense": 621000000,
    "netIncome": 1264000000,
    "netIncomeRatio": 0.0463037585,
    "eps": 1.99,
    "epsdiluted": 1.98,
    "weightedAverageShsOut": 544400000,
    "weightedAverageShsOutDil": 548400000,
    "link": "https://www.sec.gov/Archives/edgar/data/1137774/000119312504038160/0001193125-04-038160-index.htm",
    "finalLink": "https://www.sec.gov/Archives/edgar/data/1137774/000119312504038160/d10k.htm"
  },
  {
    "date": "2002-12-31",
    "symbol": "PRU",
    "reportedCurrency": "USD",
    "cik": "0001137774",
    "fillingDate": "2003-03-14",
    "acceptedDate": "2003-03-14 15:49:30",
    "calendarYear": "2002",
    "period": "FY",
    "revenue": 26071000000,
    "costOfRevenue": 15891000000,
    "grossProfit": 10180000000,
    "grossProfitRatio": 0.3904721721,
    "researchAndDevelopmentExpenses": 0,
    "generalAndAdministrativeExpenses": 8229000000,
    "sellingAndMarketingExpenses": 0,
    "sellingGeneralAndAdministrativeExpenses": 8229000000,
    "otherExpenses": 1869000000,
    "operatingExpenses": 10098000000,
    "costAndExpenses": 25989000000,
    "interestIncome": 0,
    "interestExpense": 1846000000,
    "depreciationAndAmortization": 559000000,
    "ebitda": 2469000000,
    "ebitdaratio": 0.0947029266,
    "operatingIncome": 82000000,
    "operatingIncomeRatio": 0.0031452572,
    "totalOtherIncomeExpensesNet": 0,
    "incomeBeforeTax": 82000000,
    "incomeBeforeTaxRatio": 0.0031452572,
    "incomeTaxExpense": -188000000,
    "netIncome": 194000000,
    "netIncomeRatio": 0.0074412182,
    "eps": 0.34,
    "epsdiluted": 0.34,
    "weightedAverageShsOut": 576567377,
    "weightedAverageShsOutDil": 577983819,
    "link": "https://www.sec.gov/Archives/edgar/data/1137774/000095013003002060/0000950130-03-002060-index.htm",
    "finalLink": "https://www.sec.gov/Archives/edgar/data/1137774/000095013003002060/d10k.htm"
  },
  {
    "date": "2001-12-31",
    "symbol": "PRU",
    "reportedCurrency": "USD",
    "cik": "0001137774",
    "fillingDate": "2002-03-26",
    "acceptedDate": "2002-03-26 00:00:00",
    "calendarYear": "2001",
    "period": "FY",
    "revenue": 26415000000,
    "costOfRevenue": 15002000000,
    "grossProfit": 11413000000,
    "grossProfitRatio": 0.4320651145,
    "researchAndDevelopmentExpenses": 0,
    "generalAndAdministrativeExpenses": 0,
    "sellingAndMarketingExpenses": 0,
    "sellingGeneralAndAdministrativeExpenses": 9120000000,
    "otherExpenses": 0,
    "operatingExpenses": 9120000000,
    "costAndExpenses": 24122000000,
    "interestIncome": 0,
    "interestExpense": 0,
    "depreciationAndAmortization": 446000000,
    "ebitda": 2739000000,
    "ebitdaratio": 0.1036910846,
    "operatingIncome": 2293000000,
    "operatingIncomeRatio": 0.0868067386,
    "totalOtherIncomeExpensesNet": -2520000000,
    "incomeBeforeTax": -227000000,
    "incomeBeforeTaxRatio": -0.0085936021,
    "incomeTaxExpense": -57000000,
    "netIncome": -154000000,
    "netIncomeRatio": -0.0058300208,
    "eps": -0.27,
    "epsdiluted": -0.27,
    "weightedAverageShsOut": 580047053,
    "weightedAverageShsOutDil": 580827390,
    "link": "https://www.sec.gov/Archives/edgar/data/1137774/000095013002001967/0000950130-02-001967-index.htm",
    "finalLink": "https://www.sec.gov/Archives/edgar/data/1137774/000095013002001967/d10k405.txt"
  }
]