[
  {
    "date": "2025-06-30",
    "symbol": "PSA",
    "reportedCurrency": "USD",
    "cik": "0001393311",
    "fillingDate": "2025-07-30",
    "acceptedDate": "2025-07-30 16:25:07",
    "calendarYear": "2025",
    "period": "Q2",
    "revenue": 1201094000,
    "costOfRevenue": 318005000,
    "grossProfit": 883089000,
    "grossProfitRatio": 0.7352372087,
    "researchAndDevelopmentExpenses": 0,
    "generalAndAdministrativeExpenses": 24714000,
    "sellingAndMarketingExpenses": 0,
    "sellingGeneralAndAdministrativeExpenses": 24714000,
    "otherExpenses": 283216000,
    "operatingExpenses": 307930000,
    "costAndExpenses": 625935000,
    "interestIncome": 8122000,
    "interestExpense": 71609000,
    "depreciationAndAmortization": 283216000,
    "ebitda": 719476000,
    "ebitdaratio": 0.5990172293,
    "operatingIncome": 575159000,
    "operatingIncomeRatio": 0.4788626036,
    "totalOtherIncomeExpensesNet": -210508000,
    "incomeBeforeTax": 364651000,
    "incomeBeforeTaxRatio": 0.3035990522,
    "incomeTaxExpense": 3240000,
    "netIncome": 358419000,
    "netIncomeRatio": 0.2984104491,
    "eps": 1.76,
    "epsdiluted": 1.76,
    "weightedAverageShsOut": 175442000,
    "weightedAverageShsOutDil": 175921000,
    "link": "https://www.sec.gov/Archives/edgar/data/1393311/000139331125000120/0001393311-25-000120-index.htm",
    "finalLink": "https://www.sec.gov/Archives/edgar/data/1393311/000139331125000120/psa-20250630.htm"
  },
  {
    "date": "2025-03-31",
    "symbol": "PSA",
    "reportedCurrency": "USD",
    "cik": "0001393311",
    "fillingDate": "2025-04-30",
    "acceptedDate": "2025-04-30 16:16:11",
    "calendarYear": "2025",
    "period": "Q1",
    "revenue": 1183184000,
    "costOfRevenue": 331847000,
    "grossProfit": 851337000,
    "grossProfitRatio": 0.719530521,
    "researchAndDevelopmentExpenses": 0,
    "generalAndAdministrativeExpenses": 25184000,
    "sellingAndMarketingExpenses": 0,
    "sellingGeneralAndAdministrativeExpenses": 25184000,
    "otherExpenses": 282715000,
    "operatingExpenses": 307899000,
    "costAndExpenses": 639746000,
    "interestIncome": 7907000,
    "interestExpense": 72009000,
    "depreciationAndAmortization": 282715000,
    "ebitda": 766941000,
    "ebitdaratio": 0.6482009561,
    "operatingIncome": 543438000,
    "operatingIncomeRatio": 0.4593013428,
    "totalOtherIncomeExpensesNet": -131221000,
    "incomeBeforeTax": 412217000,
    "incomeBeforeTaxRatio": 0.348396361,
    "incomeTaxExpense": 1426000,
    "netIncome": 407791000,
    "netIncomeRatio": 0.3446556072,
    "eps": 2.042139106938245,
    "epsdiluted": 2.0360687044594243,
    "weightedAverageShsOut": 175419000,
    "weightedAverageShsOutDil": 175942000,
    "link": "https://www.sec.gov/Archives/edgar/data/1393311/000139331125000069/0001393311-25-000069-index.htm",
    "finalLink": "https://www.sec.gov/Archives/edgar/data/1393311/000139331125000069/psa-20250331.htm"
  },
  {
    "date": "2024-12-31",
    "symbol": "PSA",
    "reportedCurrency": "USD",
    "cik": "0001393311",
    "fillingDate": "2025-02-24",
    "acceptedDate": "2025-02-24 16:25:54",
    "calendarYear": "2024",
    "period": "Q4",
    "revenue": 1177427000,
    "costOfRevenue": 310774000,
    "grossProfit": 866653000,
    "grossProfitRatio": 0.7360566727,
    "researchAndDevelopmentExpenses": 0,
    "generalAndAdministrativeExpenses": 32547000,
    "sellingAndMarketingExpenses": 0,
    "sellingGeneralAndAdministrativeExpenses": 32547000,
    "otherExpenses": 280891000,
    "operatingExpenses": 313438000,
    "costAndExpenses": 624212000,
    "interestIncome": 10821000,
    "interestExpense": 72135000,
    "depreciationAndAmortization": 280891000,
    "ebitda": 970014000,
    "ebitdaratio": 0.8238421575,
    "operatingIncome": 553215000,
    "operatingIncomeRatio": 0.4698507848,
    "totalOtherIncomeExpensesNet": 63773000,
    "incomeBeforeTax": 616988000,
    "incomeBeforeTaxRatio": 0.524013803,
    "incomeTaxExpense": -1373000,
    "netIncome": 614607000,
    "netIncomeRatio": 0.5219915969,
    "eps": 3.22,
    "epsdiluted": 3.21,
    "weightedAverageShsOut": 175198000,
    "weightedAverageShsOutDil": 175934000,
    "link": "https://www.sec.gov/Archives/edgar/data/1393311/000139331125000036/0001393311-25-000036-index.htm",
    "finalLink": "https://www.sec.gov/Archives/edgar/data/1393311/000139331125000036/psa-20241231.htm"
  },
  {
    "date": "2024-09-30",
    "symbol": "PSA",
    "reportedCurrency": "USD",
    "cik": "0001393311",
    "fillingDate": "2024-10-30",
    "acceptedDate": "2024-10-30 16:18:39",
    "calendarYear": "2024",
    "period": "Q3",
    "revenue": 1187758000,
    "costOfRevenue": 321700000,
    "grossProfit": 866058000,
    "grossProfitRatio": 0.7291535818,
    "researchAndDevelopmentExpenses": 0,
    "generalAndAdministrativeExpenses": 26214000,
    "sellingAndMarketingExpenses": 0,
    "sellingGeneralAndAdministrativeExpenses": 26214000,
    "otherExpenses": 280330000,
    "operatingExpenses": 306544000,
    "costAndExpenses": 628244000,
    "interestIncome": 12235000,
    "interestExpense": 74252000,
    "depreciationAndAmortization": 280330000,
    "ebitda": 790213000,
    "ebitdaratio": 0.6652979816,
    "operatingIncome": 559514000,
    "operatingIncomeRatio": 0.4710673386,
    "totalOtherIncomeExpensesNet": -123883000,
    "incomeBeforeTax": 435631000,
    "incomeBeforeTaxRatio": 0.3667674728,
    "incomeTaxExpense": 2488000,
    "netIncome": 430329000,
    "netIncomeRatio": 0.3623036006,
    "eps": 2.17,
    "epsdiluted": 2.16,
    "weightedAverageShsOut": 175043000,
    "weightedAverageShsOutDil": 175866000,
    "link": "https://www.sec.gov/Archives/edgar/data/1393311/000139331124000193/0001393311-24-000193-index.htm",
    "finalLink": "https://www.sec.gov/Archives/edgar/data/1393311/000139331124000193/psa-20240930.htm"
  },
  {
    "date": "2024-06-30",
    "symbol": "PSA",
    "reportedCurrency": "USD",
    "cik": "0001393311",
    "fillingDate": "2024-07-30",
    "acceptedDate": "2024-07-30 16:23:50",
    "calendarYear": "2024",
    "period": "Q2",
    "revenue": 1173211000,
    "costOfRevenue": 301044000,
    "grossProfit": 872167000,
    "grossProfitRatio": 0.7434016558,
    "researchAndDevelopmentExpenses": 0,
    "generalAndAdministrativeExpenses": 26580000,
    "sellingAndMarketingExpenses": 0,
    "sellingGeneralAndAdministrativeExpenses": 26580000,
    "otherExpenses": 283342000,
    "operatingExpenses": 309922000,
    "costAndExpenses": 610966000,
    "interestIncome": 12963000,
    "interestExpense": 73236000,
    "depreciationAndAmortization": 283342000,
    "ebitda": 879862000,
    "ebitdaratio": 0.7499605783,
    "operatingIncome": 562245000,
    "operatingIncomeRatio": 0.4792360453,
    "totalOtherIncomeExpensesNet": -38961000,
    "incomeBeforeTax": 523284000,
    "incomeBeforeTaxRatio": 0.4460271852,
    "incomeTaxExpense": 2075000,
    "netIncome": 518127000,
    "netIncomeRatio": 0.4416315565,
    "eps": 2.67,
    "epsdiluted": 2.66,
    "weightedAverageShsOut": 175469000,
    "weightedAverageShsOutDil": 176009000,
    "link": "https://www.sec.gov/Archives/edgar/data/1393311/000139331124000167/0001393311-24-000167-index.htm",
    "finalLink": "https://www.sec.gov/Archives/edgar/data/1393311/000139331124000167/psa-20240630.htm"
  },
  {
    "date": "2024-03-31",
    "symbol": "PSA",
    "reportedCurrency": "USD",
    "cik": "0001393311",
    "fillingDate": "2024-04-30",
    "acceptedDate": "2024-04-30 16:22:31",
    "calendarYear": "2024",
    "period": "Q1",
    "revenue": 1157220000,
    "costOfRevenue": 324483000,
    "grossProfit": 832737000,
    "grossProfitRatio": 0.7196012858,
    "researchAndDevelopmentExpenses": 0,
    "generalAndAdministrativeExpenses": 21336000,
    "sellingAndMarketingExpenses": 0,
    "sellingGeneralAndAdministrativeExpenses": 21336000,
    "otherExpenses": 285203000,
    "operatingExpenses": 306539000,
    "costAndExpenses": 631022000,
    "interestIncome": 8640000,
    "interestExpense": 67778000,
    "depreciationAndAmortization": 285203000,
    "ebitda": 866157000,
    "ebitdaratio": 0.748480842,
    "operatingIncome": 526198000,
    "operatingIncomeRatio": 0.4547086984,
    "totalOtherIncomeExpensesNet": -13022000,
    "incomeBeforeTax": 513176000,
    "incomeBeforeTaxRatio": 0.4434558684,
    "incomeTaxExpense": 1479000,
    "netIncome": 508948000,
    "netIncomeRatio": 0.4398022848,
    "eps": 2.61,
    "epsdiluted": 2.6,
    "weightedAverageShsOut": 175700000,
    "weightedAverageShsOutDil": 176350000,
    "link": "https://www.sec.gov/Archives/edgar/data/1393311/000139331124000109/0001393311-24-000109-index.htm",
    "finalLink": "https://www.sec.gov/Archives/edgar/data/1393311/000139331124000109/psa-20240331.htm"
  },
  {
    "date": "2023-12-31",
    "symbol": "PSA",
    "reportedCurrency": "USD",
    "cik": "0001393311",
    "fillingDate": "2024-02-20",
    "acceptedDate": "2024-02-20 17:05:57",
    "calendarYear": "2023",
    "period": "Q4",
    "revenue": 1159868000,
    "costOfRevenue": 290831000,
    "grossProfit": 869037000,
    "grossProfitRatio": 0.7492550876,
    "researchAndDevelopmentExpenses": 0,
    "generalAndAdministrativeExpenses": 23112000,
    "sellingAndMarketingExpenses": 0,
    "sellingGeneralAndAdministrativeExpenses": 23112000,
    "otherExpenses": 265442000,
    "operatingExpenses": 288554000,
    "costAndExpenses": 579385000,
    "interestIncome": 11200000,
    "interestExpense": 68602000,
    "depreciationAndAmortization": 287525000,
    "ebitda": 808845000,
    "ebitdaratio": 0.6973595271,
    "operatingIncome": 580483000,
    "operatingIncomeRatio": 0.5004733297,
    "totalOtherIncomeExpensesNet": -127765000,
    "incomeBeforeTax": 452718000,
    "incomeBeforeTaxRatio": 0.3903185535,
    "incomeTaxExpense": 10821000,
    "netIncome": 439292000,
    "netIncomeRatio": 0.3787430984,
    "eps": 2.22,
    "epsdiluted": 2.22,
    "weightedAverageShsOut": 175670727,
    "weightedAverageShsOutDil": 175670727,
    "link": "https://www.sec.gov/Archives/edgar/data/1393311/000139331124000043/0001393311-24-000043-index.htm",
    "finalLink": "https://www.sec.gov/Archives/edgar/data/1393311/000139331124000043/psa-20231231.htm"
  },
  {
    "date": "2023-09-30",
    "symbol": "PSA",
    "reportedCurrency": "USD",
    "cik": "0001393311",
    "fillingDate": "2023-10-30",
    "acceptedDate": "2023-10-30 16:13:48",
    "calendarYear": "2023",
    "period": "Q3",
    "revenue": 1143820000,
    "costOfRevenue": 288944000,
    "grossProfit": 854876000,
    "grossProfitRatio": 0.7473868266,
    "researchAndDevelopmentExpenses": 4757000,
    "generalAndAdministrativeExpenses": 20732000,
    "sellingAndMarketingExpenses": 0,
    "sellingGeneralAndAdministrativeExpenses": 20732000,
    "otherExpenses": 233991000,
    "operatingExpenses": 259480000,
    "costAndExpenses": 548424000,
    "interestIncome": 28515000,
    "interestExpense": 58350000,
    "depreciationAndAmortization": 238748000,
    "ebitda": 916575000,
    "ebitdaratio": 0.8013280062,
    "operatingIncome": 595396000,
    "operatingIncomeRatio": 0.520532951,
    "totalOtherIncomeExpensesNet": 24081000,
    "incomeBeforeTax": 619477000,
    "incomeBeforeTaxRatio": 0.5415860887,
    "incomeTaxExpense": 2834000,
    "netIncome": 613298000,
    "netIncomeRatio": 0.536184015,
    "eps": 3.21,
    "epsdiluted": 3.2,
    "weightedAverageShsOut": 175499000,
    "weightedAverageShsOutDil": 176150000,
    "link": "https://www.sec.gov/Archives/edgar/data/1393311/000139331123000096/0001393311-23-000096-index.htm",
    "finalLink": "https://www.sec.gov/Archives/edgar/data/1393311/000139331123000096/psa-20230930.htm"
  },
  {
    "date": "2023-06-30",
    "symbol": "PSA",
    "reportedCurrency": "USD",
    "cik": "0001393311",
    "fillingDate": "2023-08-02",
    "acceptedDate": "2023-08-02 16:17:38",
    "calendarYear": "2023",
    "period": "Q2",
    "revenue": 1119770000,
    "costOfRevenue": 279880000,
    "grossProfit": 839890000,
    "grossProfitRatio": 0.750055815,
    "researchAndDevelopmentExpenses": 2889000,
    "generalAndAdministrativeExpenses": 19769000,
    "sellingAndMarketingExpenses": 0,
    "sellingGeneralAndAdministrativeExpenses": 19769000,
    "otherExpenses": 219244000,
    "operatingExpenses": 241902000,
    "costAndExpenses": 521782000,
    "interestIncome": 13245000,
    "interestExpense": 38079000,
    "depreciationAndAmortization": 222133000,
    "ebitda": 843895000,
    "ebitdaratio": 0.7536324424,
    "operatingIncome": 597988000,
    "operatingIncomeRatio": 0.5340275235,
    "totalOtherIncomeExpensesNet": -14305000,
    "incomeBeforeTax": 583683000,
    "incomeBeforeTaxRatio": 0.5212525787,
    "incomeTaxExpense": 2518000,
    "netIncome": 578029000,
    "netIncomeRatio": 0.5162033275,
    "eps": 3.01,
    "epsdiluted": 3,
    "weightedAverageShsOut": 175484000,
    "weightedAverageShsOutDil": 176212000,
    "link": "https://www.sec.gov/Archives/edgar/data/1393311/000139331123000080/0001393311-23-000080-index.htm",
    "finalLink": "https://www.sec.gov/Archives/edgar/data/1393311/000139331123000080/psa-20230630.htm"
  },
  {
    "date": "2023-03-31",
    "symbol": "PSA",
    "reportedCurrency": "USD",
    "cik": "0001393311",
    "fillingDate": "2023-05-03",
    "acceptedDate": "2023-05-03 16:17:27",
    "calendarYear": "2023",
    "period": "Q1",
    "revenue": 1094232000,
    "costOfRevenue": 288291000,
    "grossProfit": 805941000,
    "grossProfitRatio": 0.7365357621,
    "researchAndDevelopmentExpenses": 5157000,
    "generalAndAdministrativeExpenses": 16958000,
    "sellingAndMarketingExpenses": 0,
    "sellingGeneralAndAdministrativeExpenses": 16958000,
    "otherExpenses": 216493000,
    "operatingExpenses": 238608000,
    "costAndExpenses": 526899000,
    "interestIncome": 11859000,
    "interestExpense": 36101000,
    "depreciationAndAmortization": 221650000,
    "ebitda": 781271000,
    "ebitdaratio": 0.713990269,
    "operatingIncome": 567333000,
    "operatingIncomeRatio": 0.5184759722,
    "totalOtherIncomeExpensesNet": -43813000,
    "incomeBeforeTax": 523520000,
    "incomeBeforeTaxRatio": 0.4784360172,
    "incomeTaxExpense": 3105000,
    "netIncome": 517708000,
    "netIncomeRatio": 0.4731245294,
    "eps": 2.67,
    "epsdiluted": 2.65,
    "weightedAverageShsOut": 175451000,
    "weightedAverageShsOutDil": 176228000,
    "link": "https://www.sec.gov/Archives/edgar/data/1393311/000139331123000025/0001393311-23-000025-index.htm",
    "finalLink": "https://www.sec.gov/Archives/edgar/data/1393311/000139331123000025/psa-20230331.htm"
  },
  {
    "date": "2022-12-31",
    "symbol": "PSA",
    "reportedCurrency": "USD",
    "cik": "0001393311",
    "fillingDate": "2023-02-21",
    "acceptedDate": "2023-02-21 16:15:36",
    "calendarYear": "2022",
    "period": "Q4",
    "revenue": 1088542000,
    "costOfRevenue": 259657000,
    "grossProfit": 828885000,
    "grossProfitRatio": 0.7614634989,
    "researchAndDevelopmentExpenses": 8455000,
    "generalAndAdministrativeExpenses": 20461000,
    "sellingAndMarketingExpenses": 0,
    "sellingGeneralAndAdministrativeExpenses": 20461000,
    "otherExpenses": 230963000,
    "operatingExpenses": 259879000,
    "costAndExpenses": 519536000,
    "interestIncome": 10517000,
    "interestExpense": 36141000,
    "depreciationAndAmortization": 226538000,
    "ebitda": 677613000,
    "ebitdaratio": 0.6224959625,
    "operatingIncome": 569006000,
    "operatingIncomeRatio": 0.5227230552,
    "totalOtherIncomeExpensesNet": -154072000,
    "incomeBeforeTax": 414934000,
    "incomeBeforeTaxRatio": 0.3811832708,
    "incomeTaxExpense": 0,
    "netIncome": 412360000,
    "netIncomeRatio": 0.37881864,
    "eps": 2.07,
    "epsdiluted": 2.06,
    "weightedAverageShsOut": 175345000,
    "weightedAverageShsOutDil": 176144000,
    "link": "https://www.sec.gov/Archives/edgar/data/1393311/000139331123000012/0001393311-23-000012-index.htm",
    "finalLink": "https://www.sec.gov/Archives/edgar/data/1393311/000139331123000012/psa-20221231.htm"
  },
  {
    "date": "2022-09-30",
    "symbol": "PSA",
    "reportedCurrency": "USD",
    "cik": "0001393311",
    "fillingDate": "2022-11-01",
    "acceptedDate": "2022-11-01 16:21:51",
    "calendarYear": "2022",
    "period": "Q3",
    "revenue": 1088131000,
    "costOfRevenue": 277042000,
    "grossProfit": 811089000,
    "grossProfitRatio": 0.7453964642,
    "researchAndDevelopmentExpenses": 2571000,
    "generalAndAdministrativeExpenses": 21384000,
    "sellingAndMarketingExpenses": 0,
    "sellingGeneralAndAdministrativeExpenses": 21384000,
    "otherExpenses": 226318000,
    "operatingExpenses": 250273000,
    "costAndExpenses": 527315000,
    "interestIncome": 8149000,
    "interestExpense": 34113000,
    "depreciationAndAmortization": 220772000,
    "ebitda": 3033037000,
    "ebitdaratio": 2.7873822178,
    "operatingIncome": 560816000,
    "operatingIncomeRatio": 0.5153938267,
    "totalOtherIncomeExpensesNet": 2217336000,
    "incomeBeforeTax": 2778152000,
    "incomeBeforeTaxRatio": 2.55314112,
    "incomeTaxExpense": 0,
    "netIncome": 2768994000,
    "netIncomeRatio": 2.5447248539,
    "eps": 15.47,
    "epsdiluted": 15.38,
    "weightedAverageShsOut": 175283000,
    "weightedAverageShsOutDil": 176328000,
    "link": "https://www.sec.gov/Archives/edgar/data/1393311/000139331122000036/0001393311-22-000036-index.htm",
    "finalLink": "https://www.sec.gov/Archives/edgar/data/1393311/000139331122000036/psa-20220930.htm"
  },
  {
    "date": "2022-06-30",
    "symbol": "PSA",
    "reportedCurrency": "USD",
    "cik": "0001393311",
    "fillingDate": "2022-08-04",
    "acceptedDate": "2022-08-04 16:14:52",
    "calendarYear": "2022",
    "period": "Q2",
    "revenue": 1032045000,
    "costOfRevenue": 255199000,
    "grossProfit": 776846000,
    "grossProfitRatio": 0.7527249296,
    "researchAndDevelopmentExpenses": 3674000,
    "generalAndAdministrativeExpenses": 21776000,
    "sellingAndMarketingExpenses": 0,
    "sellingGeneralAndAdministrativeExpenses": 21776000,
    "otherExpenses": 222089000,
    "operatingExpenses": 247539000,
    "costAndExpenses": 502738000,
    "interestIncome": 2023000,
    "interestExpense": 32941000,
    "depreciationAndAmortization": 218708000,
    "ebitda": 908542000,
    "ebitdaratio": 0.8803317685,
    "operatingIncome": 529307000,
    "operatingIncomeRatio": 0.5128720162,
    "totalOtherIncomeExpensesNet": 127586000,
    "incomeBeforeTax": 656893000,
    "incomeBeforeTaxRatio": 0.6364964706,
    "incomeTaxExpense": 0,
    "netIncome": 653850000,
    "netIncomeRatio": 0.6335479558,
    "eps": 3.44,
    "epsdiluted": 3.42,
    "weightedAverageShsOut": 175229000,
    "weightedAverageShsOutDil": 176312000,
    "link": "https://www.sec.gov/Archives/edgar/data/1393311/000139331122000029/0001393311-22-000029-index.htm",
    "finalLink": "https://www.sec.gov/Archives/edgar/data/1393311/000139331122000029/psa-20220630.htm"
  },
  {
    "date": "2022-03-31",
    "symbol": "PSA",
    "reportedCurrency": "USD",
    "cik": "0001393311",
    "fillingDate": "2022-05-03",
    "acceptedDate": "2022-05-03 16:14:43",
    "calendarYear": "2022",
    "period": "Q1",
    "revenue": 973445000,
    "costOfRevenue": 261009000,
    "grossProfit": 712436000,
    "grossProfitRatio": 0.7318708299,
    "researchAndDevelopmentExpenses": 2840000,
    "generalAndAdministrativeExpenses": 17495000,
    "sellingAndMarketingExpenses": 0,
    "sellingGeneralAndAdministrativeExpenses": 17495000,
    "otherExpenses": 224862000,
    "operatingExpenses": 245197000,
    "costAndExpenses": 506206000,
    "interestIncome": 136000,
    "interestExpense": 33124000,
    "depreciationAndAmortization": 222128000,
    "ebitda": 771547000,
    "ebitdaratio": 0.7925943428,
    "operatingIncome": 467239000,
    "operatingIncomeRatio": 0.4799850017,
    "totalOtherIncomeExpensesNet": 49056000,
    "incomeBeforeTax": 516295000,
    "incomeBeforeTaxRatio": 0.5303792202,
    "incomeTaxExpense": 0,
    "netIncome": 513943000,
    "netIncomeRatio": 0.527963059,
    "eps": 2.65,
    "epsdiluted": 2.63,
    "weightedAverageShsOut": 175170000,
    "weightedAverageShsOutDil": 176336000,
    "link": "https://www.sec.gov/Archives/edgar/data/1393311/000139331122000018/0001393311-22-000018-index.htm",
    "finalLink": "https://www.sec.gov/Archives/edgar/data/1393311/000139331122000018/psa-20220331.htm"
  },
  {
    "date": "2021-12-31",
    "symbol": "PSA",
    "reportedCurrency": "USD",
    "cik": "0001393311",
    "fillingDate": "2022-02-22",
    "acceptedDate": "2022-02-22 16:12:14",
    "calendarYear": "2021",
    "period": "Q4",
    "revenue": 924316000,
    "costOfRevenue": 236855000,
    "grossProfit": 687461000,
    "grossProfitRatio": 0.7437510548,
    "researchAndDevelopmentExpenses": 2992000,
    "generalAndAdministrativeExpenses": 15615000,
    "sellingAndMarketingExpenses": 0,
    "sellingGeneralAndAdministrativeExpenses": 15615000,
    "otherExpenses": 208940000,
    "operatingExpenses": 227547000,
    "costAndExpenses": 464402000,
    "interestIncome": 2985000,
    "interestExpense": 29794000,
    "depreciationAndAmortization": 205289000,
    "ebitda": 857102000,
    "ebitdaratio": 0.9272824445,
    "operatingIncome": 459914000,
    "operatingIncomeRatio": 0.4975722588,
    "totalOtherIncomeExpensesNet": 162105000,
    "incomeBeforeTax": 622019000,
    "incomeBeforeTaxRatio": 0.6729505927,
    "incomeTaxExpense": 0,
    "netIncome": 619710000,
    "netIncomeRatio": 0.6704525292,
    "eps": 3.19,
    "epsdiluted": 3.17,
    "weightedAverageShsOut": 175071000,
    "weightedAverageShsOutDil": 176079000,
    "link": "https://www.sec.gov/Archives/edgar/data/1393311/000139331122000010/0001393311-22-000010-index.htm",
    "finalLink": "https://www.sec.gov/Archives/edgar/data/1393311/000139331122000010/psa-20211231.htm"
  },
  {
    "date": "2021-09-30",
    "symbol": "PSA",
    "reportedCurrency": "USD",
    "cik": "0001393311",
    "fillingDate": "2021-11-01",
    "acceptedDate": "2021-11-01 16:21:23",
    "calendarYear": "2021",
    "period": "Q3",
    "revenue": 894931000,
    "costOfRevenue": 236734000,
    "grossProfit": 658197000,
    "grossProfitRatio": 0.7354723437,
    "researchAndDevelopmentExpenses": 1885000,
    "generalAndAdministrativeExpenses": 25491000,
    "sellingAndMarketingExpenses": 0,
    "sellingGeneralAndAdministrativeExpenses": 25491000,
    "otherExpenses": 192858000,
    "operatingExpenses": 220234000,
    "costAndExpenses": 456968000,
    "interestIncome": 18000,
    "interestExpense": 23736000,
    "depreciationAndAmortization": 188552000,
    "ebitda": 703916000,
    "ebitdaratio": 0.7865589638,
    "operatingIncome": 437963000,
    "operatingIncomeRatio": 0.489381863,
    "totalOtherIncomeExpensesNet": 53665000,
    "incomeBeforeTax": 491628000,
    "incomeBeforeTaxRatio": 0.5493473799,
    "incomeTaxExpense": 0,
    "netIncome": 490091000,
    "netIncomeRatio": 0.547629929,
    "eps": 2.53,
    "epsdiluted": 2.52,
    "weightedAverageShsOut": 174926000,
    "weightedAverageShsOutDil": 175806000,
    "link": "https://www.sec.gov/Archives/edgar/data/1393311/000139331121000016/0001393311-21-000016-index.htm",
    "finalLink": "https://www.sec.gov/Archives/edgar/data/1393311/000139331121000016/psa-20210930.htm"
  },
  {
    "date": "2021-06-30",
    "symbol": "PSA",
    "reportedCurrency": "USD",
    "cik": "0001393311",
    "fillingDate": "2021-08-03",
    "acceptedDate": "2021-08-03 16:16:40",
    "calendarYear": "2021",
    "period": "Q2",
    "revenue": 829315000,
    "costOfRevenue": 218586000,
    "grossProfit": 610729000,
    "grossProfitRatio": 0.7364258454,
    "researchAndDevelopmentExpenses": 2888000,
    "generalAndAdministrativeExpenses": 22506000,
    "sellingAndMarketingExpenses": 0,
    "sellingGeneralAndAdministrativeExpenses": 22506000,
    "otherExpenses": 175074000,
    "operatingExpenses": 200468000,
    "costAndExpenses": 419054000,
    "interestIncome": 3113000,
    "interestExpense": 21994000,
    "depreciationAndAmortization": 172728000,
    "ebitda": 606452000,
    "ebitdaratio": 0.7312685771,
    "operatingIncome": 410261000,
    "operatingIncomeRatio": 0.4946986368,
    "totalOtherIncomeExpensesNet": 1469000,
    "incomeBeforeTax": 411730000,
    "incomeBeforeTaxRatio": 0.4964699782,
    "incomeTaxExpense": 0,
    "netIncome": 410426000,
    "netIncomeRatio": 0.4948975962,
    "eps": 1.98,
    "epsdiluted": 1.97,
    "weightedAverageShsOut": 174824000,
    "weightedAverageShsOutDil": 175547000,
    "link": "https://www.sec.gov/Archives/edgar/data/1393311/000156276221000287/0001562762-21-000287-index.htm",
    "finalLink": "https://www.sec.gov/Archives/edgar/data/1393311/000156276221000287/psa-20210630x10q.htm"
  },
  {
    "date": "2021-03-31",
    "symbol": "PSA",
    "reportedCurrency": "USD",
    "cik": "0001393311",
    "fillingDate": "2021-04-28",
    "acceptedDate": "2021-04-28 16:26:13",
    "calendarYear": "2021",
    "period": "Q1",
    "revenue": 767262000,
    "costOfRevenue": 228423000,
    "grossProfit": 538839000,
    "grossProfitRatio": 0.7022881363,
    "researchAndDevelopmentExpenses": 1807000,
    "generalAndAdministrativeExpenses": 16158000,
    "sellingAndMarketingExpenses": 0,
    "sellingGeneralAndAdministrativeExpenses": 16158000,
    "otherExpenses": 148468000,
    "operatingExpenses": 166433000,
    "costAndExpenses": 394856000,
    "interestIncome": 2852000,
    "interestExpense": 15250000,
    "depreciationAndAmortization": 146859000,
    "ebitda": 596371000,
    "ebitdaratio": 0.7772716491,
    "operatingIncome": 372406000,
    "operatingIncomeRatio": 0.4853700561,
    "totalOtherIncomeExpensesNet": 61856000,
    "incomeBeforeTax": 434262000,
    "incomeBeforeTaxRatio": 0.5659891927,
    "incomeTaxExpense": 0,
    "netIncome": 433036000,
    "netIncomeRatio": 0.5643913031,
    "eps": 2.21,
    "epsdiluted": 2.21,
    "weightedAverageShsOut": 174611000,
    "weightedAverageShsOutDil": 174840000,
    "link": "https://www.sec.gov/Archives/edgar/data/1393311/000156276221000166/0001562762-21-000166-index.htm",
    "finalLink": "https://www.sec.gov/Archives/edgar/data/1393311/000156276221000166/psa-20210331x10q.htm"
  },
  {
    "date": "2020-12-31",
    "symbol": "PSA",
    "reportedCurrency": "USD",
    "cik": "0001393311",
    "fillingDate": "2021-02-24",
    "acceptedDate": "2021-02-24 16:27:43",
    "calendarYear": "2020",
    "period": "Q4",
    "revenue": 759044000,
    "costOfRevenue": 205524000,
    "grossProfit": 553520000,
    "grossProfitRatio": 0.7292330879,
    "researchAndDevelopmentExpenses": 1757000,
    "generalAndAdministrativeExpenses": 15587000,
    "sellingAndMarketingExpenses": 0,
    "sellingGeneralAndAdministrativeExpenses": 15587000,
    "otherExpenses": 144615000,
    "operatingExpenses": 161959000,
    "costAndExpenses": 367483000,
    "interestIncome": 2799000,
    "interestExpense": 14235000,
    "depreciationAndAmortization": 141406000,
    "ebitda": 508073000,
    "ebitdaratio": 0.6693590885,
    "operatingIncome": 391561000,
    "operatingIncomeRatio": 0.5158607406,
    "totalOtherIncomeExpensesNet": -39129000,
    "incomeBeforeTax": 352432000,
    "incomeBeforeTaxRatio": 0.4643103694,
    "incomeTaxExpense": 0,
    "netIncome": 351267000,
    "netIncomeRatio": 0.462775544,
    "eps": 1.67,
    "epsdiluted": 1.67,
    "weightedAverageShsOut": 174532000,
    "weightedAverageShsOutDil": 174749000,
    "link": "https://www.sec.gov/Archives/edgar/data/1393311/000156276221000058/0001562762-21-000058-index.htm",
    "finalLink": "https://www.sec.gov/Archives/edgar/data/1393311/000156276221000058/psa-20201231x10k.htm"
  },
  {
    "date": "2020-09-30",
    "symbol": "PSA",
    "reportedCurrency": "USD",
    "cik": "0001393311",
    "fillingDate": "2020-11-04",
    "acceptedDate": "2020-11-04 16:24:25",
    "calendarYear": "2020",
    "period": "Q3",
    "revenue": 734545000,
    "costOfRevenue": 224353000,
    "grossProfit": 510192000,
    "grossProfitRatio": 0.6945687466,
    "researchAndDevelopmentExpenses": 1620000,
    "generalAndAdministrativeExpenses": 14931000,
    "sellingAndMarketingExpenses": 0,
    "sellingGeneralAndAdministrativeExpenses": 14931000,
    "otherExpenses": 140044000,
    "operatingExpenses": 156595000,
    "costAndExpenses": 380948000,
    "interestIncome": 7192000,
    "interestExpense": 14282000,
    "depreciationAndAmortization": 138333000,
    "ebitda": 478462000,
    "ebitdaratio": 0.6513719377,
    "operatingIncome": 353597000,
    "operatingIncomeRatio": 0.4813823523,
    "totalOtherIncomeExpensesNet": -27750000,
    "incomeBeforeTax": 325847000,
    "incomeBeforeTaxRatio": 0.4436038636,
    "incomeTaxExpense": 0,
    "netIncome": 324867000,
    "netIncomeRatio": 0.4422697044,
    "eps": 1.41,
    "epsdiluted": 1.41,
    "weightedAverageShsOut": 174503000,
    "weightedAverageShsOutDil": 174626000,
    "link": "https://www.sec.gov/Archives/edgar/data/1393311/000156276220000379/0001562762-20-000379-index.htm",
    "finalLink": "https://www.sec.gov/Archives/edgar/data/1393311/000156276220000379/psa-20200930x10q.htm"
  },
  {
    "date": "2020-06-30",
    "symbol": "PSA",
    "reportedCurrency": "USD",
    "cik": "0001393311",
    "fillingDate": "2020-08-05",
    "acceptedDate": "2020-08-05 16:26:32",
    "calendarYear": "2020",
    "period": "Q2",
    "revenue": 712943000,
    "costOfRevenue": 232289000,
    "grossProfit": 480654000,
    "grossProfitRatio": 0.6741829291,
    "researchAndDevelopmentExpenses": 4255000,
    "generalAndAdministrativeExpenses": 11533000,
    "sellingAndMarketingExpenses": 0,
    "sellingGeneralAndAdministrativeExpenses": 11533000,
    "otherExpenses": 138934000,
    "operatingExpenses": 154722000,
    "costAndExpenses": 387011000,
    "interestIncome": 5665000,
    "interestExpense": 14145000,
    "depreciationAndAmortization": 137618000,
    "ebitda": 467575000,
    "ebitdaratio": 0.655837844,
    "operatingIncome": 325932000,
    "operatingIncomeRatio": 0.4571641772,
    "totalOtherIncomeExpensesNet": -10120000,
    "incomeBeforeTax": 315812000,
    "incomeBeforeTaxRatio": 0.4429694941,
    "incomeTaxExpense": 0,
    "netIncome": 314923000,
    "netIncomeRatio": 0.44172255,
    "eps": 1.41,
    "epsdiluted": 1.41,
    "weightedAverageShsOut": 174493000,
    "weightedAverageShsOutDil": 174575000,
    "link": "https://www.sec.gov/Archives/edgar/data/1393311/000156276220000278/0001562762-20-000278-index.htm",
    "finalLink": "https://www.sec.gov/Archives/edgar/data/1393311/000156276220000278/psa-20200630x10q.htm"
  },
  {
    "date": "2020-03-31",
    "symbol": "PSA",
    "reportedCurrency": "USD",
    "cik": "0001393311",
    "fillingDate": "2020-04-30",
    "acceptedDate": "2020-04-30 16:06:35",
    "calendarYear": "2020",
    "period": "Q1",
    "revenue": 719044000,
    "costOfRevenue": 224668000,
    "grossProfit": 494376000,
    "grossProfitRatio": 0.687546242,
    "researchAndDevelopmentExpenses": 2444000,
    "generalAndAdministrativeExpenses": 13711000,
    "sellingAndMarketingExpenses": 0,
    "sellingGeneralAndAdministrativeExpenses": 13711000,
    "otherExpenses": 137613000,
    "operatingExpenses": 153768000,
    "costAndExpenses": 378436000,
    "interestIncome": 6119000,
    "interestExpense": 13621000,
    "depreciationAndAmortization": 135900000,
    "ebitda": 516657000,
    "ebitdaratio": 0.7185332191,
    "operatingIncome": 340608000,
    "operatingIncomeRatio": 0.4736956292,
    "totalOtherIncomeExpensesNet": 26528000,
    "incomeBeforeTax": 367136000,
    "incomeBeforeTaxRatio": 0.5105890599,
    "incomeTaxExpense": 0,
    "netIncome": 366156000,
    "netIncomeRatio": 0.5092261392,
    "eps": 1.8,
    "epsdiluted": 1.79,
    "weightedAverageShsOut": 174446000,
    "weightedAverageShsOutDil": 174616000,
    "link": "https://www.sec.gov/Archives/edgar/data/1393311/000156276220000160/0001562762-20-000160-index.htm",
    "finalLink": "https://www.sec.gov/Archives/edgar/data/1393311/000156276220000160/psa-20200331x10q.htm"
  },
  {
    "date": "2019-12-31",
    "symbol": "PSA",
    "reportedCurrency": "USD",
    "cik": "0001393311",
    "fillingDate": "2020-02-25",
    "acceptedDate": "2020-02-25 16:08:30",
    "calendarYear": "2019",
    "period": "Q4",
    "revenue": 717499000,
    "costOfRevenue": 172584000,
    "grossProfit": 544915000,
    "grossProfitRatio": 0.7594644731,
    "researchAndDevelopmentExpenses": 1748000,
    "generalAndAdministrativeExpenses": 17467000,
    "sellingAndMarketingExpenses": 0,
    "sellingGeneralAndAdministrativeExpenses": 17467000,
    "otherExpenses": 135978000,
    "operatingExpenses": 155193000,
    "costAndExpenses": 327777000,
    "interestIncome": 6424000,
    "interestExpense": 12641000,
    "depreciationAndAmortization": 134885000,
    "ebitda": 534629000,
    "ebitdaratio": 0.7451285646,
    "operatingIncome": 389722000,
    "operatingIncomeRatio": 0.5431673076,
    "totalOtherIncomeExpensesNet": -2619000,
    "incomeBeforeTax": 387103000,
    "incomeBeforeTaxRatio": 0.5395171282,
    "incomeTaxExpense": 0,
    "netIncome": 386015000,
    "netIncomeRatio": 0.5380007498,
    "eps": 1.88,
    "epsdiluted": 1.87,
    "weightedAverageShsOut": 174383000,
    "weightedAverageShsOutDil": 174590000,
    "link": "https://www.sec.gov/Archives/edgar/data/1393311/000139331120000008/0001393311-20-000008-index.htm",
    "finalLink": "https://www.sec.gov/Archives/edgar/data/1393311/000139331120000008/psa-20191231x10k.htm"
  },
  {
    "date": "2019-09-30",
    "symbol": "PSA",
    "reportedCurrency": "USD",
    "cik": "0001393311",
    "fillingDate": "2019-10-30",
    "acceptedDate": "2019-10-29 20:16:38",
    "calendarYear": "2019",
    "period": "Q3",
    "revenue": 729336000,
    "costOfRevenue": 212262000,
    "grossProfit": 517074000,
    "grossProfitRatio": 0.7089654151,
    "researchAndDevelopmentExpenses": 1312000,
    "generalAndAdministrativeExpenses": 14326000,
    "sellingAndMarketingExpenses": 0,
    "sellingGeneralAndAdministrativeExpenses": 14326000,
    "otherExpenses": 130503000,
    "operatingExpenses": 146141000,
    "costAndExpenses": 358403000,
    "interestIncome": 6465000,
    "interestExpense": 12597000,
    "depreciationAndAmortization": 129233000,
    "ebitda": 541250000,
    "ebitdaratio": 0.7421133744,
    "operatingIncome": 370933000,
    "operatingIncomeRatio": 0.5085900052,
    "totalOtherIncomeExpensesNet": 28487000,
    "incomeBeforeTax": 399420000,
    "incomeBeforeTaxRatio": 0.5476488203,
    "incomeTaxExpense": 0,
    "netIncome": 397942000,
    "netIncomeRatio": 0.5456223195,
    "eps": 1.94,
    "epsdiluted": 1.93,
    "weightedAverageShsOut": 174334000,
    "weightedAverageShsOutDil": 174611000,
    "link": "https://www.sec.gov/Archives/edgar/data/1393311/000139331119000041/0001393311-19-000041-index.htm",
    "finalLink": "https://www.sec.gov/Archives/edgar/data/1393311/000139331119000041/psa-20190930x10q.htm"
  },
  {
    "date": "2019-06-30",
    "symbol": "PSA",
    "reportedCurrency": "USD",
    "cik": "0001393311",
    "fillingDate": "2019-07-30",
    "acceptedDate": "2019-07-30 17:29:52",
    "calendarYear": "2019",
    "period": "Q2",
    "revenue": 710950000,
    "costOfRevenue": 207736000,
    "grossProfit": 503214000,
    "grossProfitRatio": 0.7078050496,
    "researchAndDevelopmentExpenses": 1723000,
    "generalAndAdministrativeExpenses": 12256000,
    "sellingAndMarketingExpenses": 0,
    "sellingGeneralAndAdministrativeExpenses": 12256000,
    "otherExpenses": 128144000,
    "operatingExpenses": 142123000,
    "costAndExpenses": 349859000,
    "interestIncome": 8582000,
    "interestExpense": 12254000,
    "depreciationAndAmortization": 126859000,
    "ebitda": 510569000,
    "ebitdaratio": 0.7181503622,
    "operatingIncome": 361091000,
    "operatingIncomeRatio": 0.5078992897,
    "totalOtherIncomeExpensesNet": 10365000,
    "incomeBeforeTax": 371456000,
    "incomeBeforeTaxRatio": 0.522478374,
    "incomeTaxExpense": 0,
    "netIncome": 370056000,
    "netIncomeRatio": 0.5205091779,
    "eps": 1.76,
    "epsdiluted": 1.76,
    "weightedAverageShsOut": 174253000,
    "weightedAverageShsOutDil": 174542000,
    "link": "https://www.sec.gov/Archives/edgar/data/1393311/000139331119000024/0001393311-19-000024-index.htm",
    "finalLink": "https://www.sec.gov/Archives/edgar/data/1393311/000139331119000024/psa-20190630x10q.htm"
  },
  {
    "date": "2019-03-31",
    "symbol": "PSA",
    "reportedCurrency": "USD",
    "cik": "0001393311",
    "fillingDate": "2019-05-01",
    "acceptedDate": "2019-05-01 16:50:56",
    "calendarYear": "2019",
    "period": "Q1",
    "revenue": 689038000,
    "costOfRevenue": 204201000,
    "grossProfit": 484837000,
    "grossProfitRatio": 0.7036433404,
    "researchAndDevelopmentExpenses": 2067000,
    "generalAndAdministrativeExpenses": 16003000,
    "sellingAndMarketingExpenses": 0,
    "sellingGeneralAndAdministrativeExpenses": 16003000,
    "otherExpenses": 123374000,
    "operatingExpenses": 141444000,
    "costAndExpenses": 345645000,
    "interestIncome": 6965000,
    "interestExpense": 8143000,
    "depreciationAndAmortization": 121941000,
    "ebitda": 497762000,
    "ebitdaratio": 0.722401377,
    "operatingIncome": 343393000,
    "operatingIncomeRatio": 0.4983658376,
    "totalOtherIncomeExpensesNet": 24285000,
    "incomeBeforeTax": 367678000,
    "incomeBeforeTaxRatio": 0.5336106282,
    "incomeTaxExpense": 0,
    "netIncome": 366521000,
    "netIncomeRatio": 0.5319314755,
    "eps": 1.73,
    "epsdiluted": 1.73,
    "weightedAverageShsOut": 174177000,
    "weightedAverageShsOutDil": 174376000,
    "link": "https://www.sec.gov/Archives/edgar/data/1393311/000139331119000013/0001393311-19-000013-index.htm",
    "finalLink": "https://www.sec.gov/Archives/edgar/data/1393311/000139331119000013/psa-20190331x10q.htm"
  },
  {
    "date": "2018-12-31",
    "symbol": "PSA",
    "reportedCurrency": "USD",
    "cik": "0001393311",
    "fillingDate": "2019-02-27",
    "acceptedDate": "2019-02-27 06:24:28",
    "calendarYear": "2018",
    "period": "Q4",
    "revenue": 692460000,
    "costOfRevenue": 160374000,
    "grossProfit": 532086000,
    "grossProfitRatio": 0.7683996188,
    "researchAndDevelopmentExpenses": 761000,
    "generalAndAdministrativeExpenses": 25541000,
    "sellingAndMarketingExpenses": 0,
    "sellingGeneralAndAdministrativeExpenses": 25541000,
    "otherExpenses": 123514000,
    "operatingExpenses": 149816000,
    "costAndExpenses": 310190000,
    "interestIncome": 7550000,
    "interestExpense": 7900000,
    "depreciationAndAmortization": 121374000,
    "ebitda": 717233000,
    "ebitdaratio": 1.0357753516,
    "operatingIncome": 382270000,
    "operatingIncomeRatio": 0.5520463276,
    "totalOtherIncomeExpensesNet": 205689000,
    "incomeBeforeTax": 587959000,
    "incomeBeforeTaxRatio": 0.8490873119,
    "incomeTaxExpense": 0,
    "netIncome": 586205000,
    "netIncomeRatio": 0.8465543136,
    "eps": 3.05,
    "epsdiluted": 3.04,
    "weightedAverageShsOut": 174075000,
    "weightedAverageShsOutDil": 174466000,
    "link": "https://www.sec.gov/Archives/edgar/data/1393311/000139331119000004/0001393311-19-000004-index.htm",
    "finalLink": "https://www.sec.gov/Archives/edgar/data/1393311/000139331119000004/psa-20181231x10k.htm"
  },
  {
    "date": "2018-09-30",
    "symbol": "PSA",
    "reportedCurrency": "USD",
    "cik": "0001393311",
    "fillingDate": "2018-10-30",
    "acceptedDate": "2018-10-30 17:15:14",
    "calendarYear": "2018",
    "period": "Q3",
    "revenue": 706368000,
    "costOfRevenue": 195544000,
    "grossProfit": 510824000,
    "grossProfitRatio": 0.7231697925,
    "researchAndDevelopmentExpenses": 1139000,
    "generalAndAdministrativeExpenses": 25458000,
    "sellingAndMarketingExpenses": 0,
    "sellingGeneralAndAdministrativeExpenses": 25458000,
    "otherExpenses": 125348000,
    "operatingExpenses": 151945000,
    "costAndExpenses": 347489000,
    "interestIncome": 7020000,
    "interestExpense": 8100000,
    "depreciationAndAmortization": 124516000,
    "ebitda": 512199000,
    "ebitdaratio": 0.7251163699,
    "operatingIncome": 358879000,
    "operatingIncomeRatio": 0.5080623698,
    "totalOtherIncomeExpensesNet": 20704000,
    "incomeBeforeTax": 379583000,
    "incomeBeforeTaxRatio": 0.5373728708,
    "incomeTaxExpense": 0,
    "netIncome": 378027000,
    "netIncomeRatio": 0.535170053,
    "eps": 1.85,
    "epsdiluted": 1.85,
    "weightedAverageShsOut": 173975000,
    "weightedAverageShsOutDil": 174348000,
    "link": "https://www.sec.gov/Archives/edgar/data/1393311/000139331118000028/0001393311-18-000028-index.htm",
    "finalLink": "https://www.sec.gov/Archives/edgar/data/1393311/000139331118000028/psa-20180930x10q.htm"
  },
  {
    "date": "2018-06-30",
    "symbol": "PSA",
    "reportedCurrency": "USD",
    "cik": "0001393311",
    "fillingDate": "2018-08-01",
    "acceptedDate": "2018-08-01 16:38:12",
    "calendarYear": "2018",
    "period": "Q2",
    "revenue": 685528000,
    "costOfRevenue": 190977000,
    "grossProfit": 494551000,
    "grossProfitRatio": 0.7214161931,
    "researchAndDevelopmentExpenses": 1208000,
    "generalAndAdministrativeExpenses": 29003000,
    "sellingAndMarketingExpenses": 0,
    "sellingGeneralAndAdministrativeExpenses": 29003000,
    "otherExpenses": 120895000,
    "operatingExpenses": 151106000,
    "costAndExpenses": 342083000,
    "interestIncome": 6328000,
    "interestExpense": 8388000,
    "depreciationAndAmortization": 119777000,
    "ebitda": 533457000,
    "ebitdaratio": 0.7781695277,
    "operatingIncome": 343445000,
    "operatingIncomeRatio": 0.5009933949,
    "totalOtherIncomeExpensesNet": 61847000,
    "incomeBeforeTax": 405292000,
    "incomeBeforeTaxRatio": 0.5912114458,
    "incomeTaxExpense": 0,
    "netIncome": 403802000,
    "netIncomeRatio": 0.5890379386,
    "eps": 2,
    "epsdiluted": 2,
    "weightedAverageShsOut": 173932000,
    "weightedAverageShsOutDil": 174224000,
    "link": "https://www.sec.gov/Archives/edgar/data/1393311/000139331118000021/0001393311-18-000021-index.htm",
    "finalLink": "https://www.sec.gov/Archives/edgar/data/1393311/000139331118000021/psa-20180630x10q.htm"
  },
  {
    "date": "2018-03-31",
    "symbol": "PSA",
    "reportedCurrency": "USD",
    "cik": "0001393311",
    "fillingDate": "2018-05-03",
    "acceptedDate": "2018-05-02 21:45:19",
    "calendarYear": "2018",
    "period": "Q1",
    "revenue": 669924000,
    "costOfRevenue": 192827000,
    "grossProfit": 477097000,
    "grossProfitRatio": 0.7121658576,
    "researchAndDevelopmentExpenses": 2333000,
    "generalAndAdministrativeExpenses": 27839000,
    "sellingAndMarketingExpenses": 0,
    "sellingGeneralAndAdministrativeExpenses": 27839000,
    "otherExpenses": 119327000,
    "operatingExpenses": 149499000,
    "costAndExpenses": 342326000,
    "interestIncome": 5544000,
    "interestExpense": 8100000,
    "depreciationAndAmortization": 117979000,
    "ebitda": 470522000,
    "ebitdaratio": 0.7023513115,
    "operatingIncome": 327598000,
    "operatingIncomeRatio": 0.4890077083,
    "totalOtherIncomeExpensesNet": 16845000,
    "incomeBeforeTax": 344443000,
    "incomeBeforeTaxRatio": 0.5141523516,
    "incomeTaxExpense": 0,
    "netIncome": 342997000,
    "netIncomeRatio": 0.5119938978,
    "eps": 1.66,
    "epsdiluted": 1.65,
    "weightedAverageShsOut": 173892000,
    "weightedAverageShsOutDil": 174148000,
    "link": "https://www.sec.gov/Archives/edgar/data/1393311/000139331118000009/0001393311-18-000009-index.htm",
    "finalLink": "https://www.sec.gov/Archives/edgar/data/1393311/000139331118000009/psa-20180331x10q.htm"
  },
  {
    "date": "2017-12-31",
    "symbol": "PSA",
    "reportedCurrency": "USD",
    "cik": "0001393311",
    "fillingDate": "2018-03-01",
    "acceptedDate": "2018-02-28 19:22:26",
    "calendarYear": "2017",
    "period": "Q4",
    "revenue": 672308000,
    "costOfRevenue": 151879000,
    "grossProfit": 520429000,
    "grossProfitRatio": 0.774093124,
    "researchAndDevelopmentExpenses": 1349000,
    "generalAndAdministrativeExpenses": 17917000,
    "sellingAndMarketingExpenses": 0,
    "sellingGeneralAndAdministrativeExpenses": 17917000,
    "otherExpenses": 121385000,
    "operatingExpenses": 140651000,
    "costAndExpenses": 292530000,
    "interestIncome": 6049000,
    "interestExpense": 8147000,
    "depreciationAndAmortization": 120100000,
    "ebitda": 519200000,
    "ebitdaratio": 0.7722650928,
    "operatingIncome": 379778000,
    "operatingIncomeRatio": 0.5648869268,
    "totalOtherIncomeExpensesNet": 11175000,
    "incomeBeforeTax": 390953000,
    "incomeBeforeTaxRatio": 0.5815087728,
    "incomeTaxExpense": 0,
    "netIncome": 389399000,
    "netIncomeRatio": 0.5791973322,
    "eps": 1.92,
    "epsdiluted": 1.92,
    "weightedAverageShsOut": 173771000,
    "weightedAverageShsOutDil": 174218000,
    "link": "https://www.sec.gov/Archives/edgar/data/1393311/000139331118000004/0001393311-18-000004-index.htm",
    "finalLink": "https://www.sec.gov/Archives/edgar/data/1393311/000139331118000004/psa-20171231x10k.htm"
  },
  {
    "date": "2017-09-30",
    "symbol": "PSA",
    "reportedCurrency": "USD",
    "cik": "0001393311",
    "fillingDate": "2017-11-01",
    "acceptedDate": "2017-10-31 19:13:28",
    "calendarYear": "2017",
    "period": "Q3",
    "revenue": 686361000,
    "costOfRevenue": 190619000,
    "grossProfit": 495742000,
    "grossProfitRatio": 0.7222758869,
    "researchAndDevelopmentExpenses": 1655000,
    "generalAndAdministrativeExpenses": 19593000,
    "sellingAndMarketingExpenses": 0,
    "sellingGeneralAndAdministrativeExpenses": 19593000,
    "otherExpenses": 114383000,
    "operatingExpenses": 135631000,
    "costAndExpenses": 326250000,
    "interestIncome": 4569000,
    "interestExpense": 2400000,
    "depreciationAndAmortization": 113320000,
    "ebitda": 473983000,
    "ebitdaratio": 0.6905739108,
    "operatingIncome": 360111000,
    "operatingIncomeRatio": 0.5246670484,
    "totalOtherIncomeExpensesNet": -1848000,
    "incomeBeforeTax": 358263000,
    "incomeBeforeTaxRatio": 0.5219745877,
    "incomeTaxExpense": 0,
    "netIncome": 356674000,
    "netIncomeRatio": 0.5196594795,
    "eps": 1.61,
    "epsdiluted": 1.61,
    "weightedAverageShsOut": 173715000,
    "weightedAverageShsOutDil": 174240000,
    "link": "https://www.sec.gov/Archives/edgar/data/1393311/000139331117000029/0001393311-17-000029-index.htm",
    "finalLink": "https://www.sec.gov/Archives/edgar/data/1393311/000139331117000029/psa-20170930x10q.htm"
  },
  {
    "date": "2017-06-30",
    "symbol": "PSA",
    "reportedCurrency": "USD",
    "cik": "0001393311",
    "fillingDate": "2017-07-31",
    "acceptedDate": "2017-07-28 21:09:55",
    "calendarYear": "2017",
    "period": "Q2",
    "revenue": 664312000,
    "costOfRevenue": 182578000,
    "grossProfit": 481734000,
    "grossProfitRatio": 0.7251622731,
    "researchAndDevelopmentExpenses": 1912000,
    "generalAndAdministrativeExpenses": 11982000,
    "sellingAndMarketingExpenses": 0,
    "sellingGeneralAndAdministrativeExpenses": 11982000,
    "otherExpenses": 111275000,
    "operatingExpenses": 125169000,
    "costAndExpenses": 307747000,
    "interestIncome": 4155000,
    "interestExpense": 1100000,
    "depreciationAndAmortization": 110177000,
    "ebitda": 466500000,
    "ebitdaratio": 0.7022302773,
    "operatingIncome": 356565000,
    "operatingIncomeRatio": 0.5367432773,
    "totalOtherIncomeExpensesNet": -1342000,
    "incomeBeforeTax": 355223000,
    "incomeBeforeTaxRatio": 0.5347231421,
    "incomeTaxExpense": 0,
    "netIncome": 353702000,
    "netIncomeRatio": 0.5324335553,
    "eps": 1.59,
    "epsdiluted": 1.59,
    "weightedAverageShsOut": 173602000,
    "weightedAverageShsOutDil": 174075000,
    "link": "https://www.sec.gov/Archives/edgar/data/1393311/000139331117000023/0001393311-17-000023-index.htm",
    "finalLink": "https://www.sec.gov/Archives/edgar/data/1393311/000139331117000023/psa-20170630x10q.htm"
  },
  {
    "date": "2017-03-31",
    "symbol": "PSA",
    "reportedCurrency": "USD",
    "cik": "0001393311",
    "fillingDate": "2017-05-04",
    "acceptedDate": "2017-05-03 20:57:21",
    "calendarYear": "2017",
    "period": "Q1",
    "revenue": 645547000,
    "costOfRevenue": 182902000,
    "grossProfit": 462645000,
    "grossProfitRatio": 0.7166712881,
    "researchAndDevelopmentExpenses": 3277000,
    "generalAndAdministrativeExpenses": 20402000,
    "sellingAndMarketingExpenses": 0,
    "sellingGeneralAndAdministrativeExpenses": 20402000,
    "otherExpenses": 112278000,
    "operatingExpenses": 135957000,
    "costAndExpenses": 318859000,
    "interestIncome": 3998000,
    "interestExpense": 1000000,
    "depreciationAndAmortization": 110929000,
    "ebitda": 455998000,
    "ebitdaratio": 0.7063745939,
    "operatingIncome": 326688000,
    "operatingIncomeRatio": 0.5060638497,
    "totalOtherIncomeExpensesNet": 17381000,
    "incomeBeforeTax": 344069000,
    "incomeBeforeTaxRatio": 0.5329883029,
    "incomeTaxExpense": 0,
    "netIncome": 342442000,
    "netIncomeRatio": 0.5304679597,
    "eps": 1.62,
    "epsdiluted": 1.62,
    "weightedAverageShsOut": 173364000,
    "weightedAverageShsOutDil": 174069000,
    "link": "https://www.sec.gov/Archives/edgar/data/1393311/000139331117000016/0001393311-17-000016-index.htm",
    "finalLink": "https://www.sec.gov/Archives/edgar/data/1393311/000139331117000016/psa-20170331x10q.htm"
  },
  {
    "date": "2016-12-31",
    "symbol": "PSA",
    "reportedCurrency": "USD",
    "cik": "0001393311",
    "fillingDate": "2017-03-01",
    "acceptedDate": "2017-02-28 19:55:07",
    "calendarYear": "2016",
    "period": "Q4",
    "revenue": 651427000,
    "costOfRevenue": 145166000,
    "grossProfit": 506261000,
    "grossProfitRatio": 0.7771569186,
    "researchAndDevelopmentExpenses": 2421000,
    "generalAndAdministrativeExpenses": 16920000,
    "sellingAndMarketingExpenses": 0,
    "sellingGeneralAndAdministrativeExpenses": 16920000,
    "otherExpenses": 112548000,
    "operatingExpenses": 131889000,
    "costAndExpenses": 277055000,
    "interestIncome": 3524000,
    "interestExpense": 900000,
    "depreciationAndAmortization": 111741000,
    "ebitda": 528322000,
    "ebitdaratio": 0.8110225704,
    "operatingIncome": 374372000,
    "operatingIncomeRatio": 0.574695246,
    "totalOtherIncomeExpensesNet": 41309000,
    "incomeBeforeTax": 415681000,
    "incomeBeforeTaxRatio": 0.6381083375,
    "incomeTaxExpense": 0,
    "netIncome": 413739000,
    "netIncomeRatio": 0.63512719,
    "eps": 2.04,
    "epsdiluted": 2.03,
    "weightedAverageShsOut": 173190000,
    "weightedAverageShsOutDil": 173812000,
    "link": "https://www.sec.gov/Archives/edgar/data/1393311/000139331117000008/0001393311-17-000008-index.htm",
    "finalLink": "https://www.sec.gov/Archives/edgar/data/1393311/000139331117000008/psa-20161231x10k.htm"
  },
  {
    "date": "2016-09-30",
    "symbol": "PSA",
    "reportedCurrency": "USD",
    "cik": "0001393311",
    "fillingDate": "2016-11-03",
    "acceptedDate": "2016-11-02 20:45:46",
    "calendarYear": "2016",
    "period": "Q3",
    "revenue": 663148000,
    "costOfRevenue": 178627000,
    "grossProfit": 484521000,
    "grossProfitRatio": 0.7306378063,
    "researchAndDevelopmentExpenses": 2211000,
    "generalAndAdministrativeExpenses": 19082000,
    "sellingAndMarketingExpenses": 0,
    "sellingGeneralAndAdministrativeExpenses": 19082000,
    "otherExpenses": 110279000,
    "operatingExpenses": 131572000,
    "costAndExpenses": 310199000,
    "interestIncome": 3750000,
    "interestExpense": 1221000,
    "depreciationAndAmortization": 109432000,
    "ebitda": 479703000,
    "ebitdaratio": 0.7233724598,
    "operatingIncome": 352949000,
    "operatingIncomeRatio": 0.5322326238,
    "totalOtherIncomeExpensesNet": 16101000,
    "incomeBeforeTax": 369050000,
    "incomeBeforeTaxRatio": 0.5565122718,
    "incomeTaxExpense": 0,
    "netIncome": 367305000,
    "netIncomeRatio": 0.5538808833,
    "eps": 1.78,
    "epsdiluted": 1.78,
    "weightedAverageShsOut": 173108000,
    "weightedAverageShsOutDil": 173848000,
    "link": "https://www.sec.gov/Archives/edgar/data/1393311/000139331116000065/0001393311-16-000065-index.htm",
    "finalLink": "https://www.sec.gov/Archives/edgar/data/1393311/000139331116000065/psa-20160930x10q.htm"
  },
  {
    "date": "2016-06-30",
    "symbol": "PSA",
    "reportedCurrency": "USD",
    "cik": "0001393311",
    "fillingDate": "2016-08-05",
    "acceptedDate": "2016-08-04 21:12:02",
    "calendarYear": "2016",
    "period": "Q2",
    "revenue": 634188000,
    "costOfRevenue": 172004000,
    "grossProfit": 462184000,
    "grossProfitRatio": 0.7287807401,
    "researchAndDevelopmentExpenses": 2275000,
    "generalAndAdministrativeExpenses": 15279000,
    "sellingAndMarketingExpenses": 0,
    "sellingGeneralAndAdministrativeExpenses": 15279000,
    "otherExpenses": 107780000,
    "operatingExpenses": 125334000,
    "costAndExpenses": 297338000,
    "interestIncome": 4028000,
    "interestExpense": 1378000,
    "depreciationAndAmortization": 107013000,
    "ebitda": 466750000,
    "ebitdaratio": 0.7359804979,
    "operatingIncome": 336850000,
    "operatingIncomeRatio": 0.5311516459,
    "totalOtherIncomeExpensesNet": 21509000,
    "incomeBeforeTax": 358359000,
    "incomeBeforeTaxRatio": 0.5650674563,
    "incomeTaxExpense": 0,
    "netIncome": 356659000,
    "netIncomeRatio": 0.5623868632,
    "eps": 1.62,
    "epsdiluted": 1.61,
    "weightedAverageShsOut": 173087000,
    "weightedAverageShsOutDil": 174000000,
    "link": "https://www.sec.gov/Archives/edgar/data/1393311/000139331116000059/0001393311-16-000059-index.htm",
    "finalLink": "https://www.sec.gov/Archives/edgar/data/1393311/000139331116000059/psa-20160630x10q.htm"
  },
  {
    "date": "2016-03-31",
    "symbol": "PSA",
    "reportedCurrency": "USD",
    "cik": "0001393311",
    "fillingDate": "2016-05-06",
    "acceptedDate": "2016-05-05 21:17:56",
    "calendarYear": "2016",
    "period": "Q1",
    "revenue": 611786000,
    "costOfRevenue": 173286000,
    "grossProfit": 438500000,
    "grossProfitRatio": 0.7167538976,
    "researchAndDevelopmentExpenses": 2814000,
    "generalAndAdministrativeExpenses": 18795000,
    "sellingAndMarketingExpenses": 0,
    "sellingGeneralAndAdministrativeExpenses": 18795000,
    "otherExpenses": 106566000,
    "operatingExpenses": 128175000,
    "costAndExpenses": 301461000,
    "interestIncome": 3836000,
    "interestExpense": 800000,
    "depreciationAndAmortization": 105128000,
    "ebitda": 423188000,
    "ebitdaratio": 0.691725538,
    "operatingIncome": 310325000,
    "operatingIncomeRatio": 0.5072443632,
    "totalOtherIncomeExpensesNet": 6935000,
    "incomeBeforeTax": 317260000,
    "incomeBeforeTaxRatio": 0.5185800263,
    "incomeTaxExpense": 0,
    "netIncome": 315873000,
    "netIncomeRatio": 0.5163128937,
    "eps": 1.4,
    "epsdiluted": 1.39,
    "weightedAverageShsOut": 172977000,
    "weightedAverageShsOutDil": 173850000,
    "link": "https://www.sec.gov/Archives/edgar/data/1393311/000139331116000050/0001393311-16-000050-index.htm",
    "finalLink": "https://www.sec.gov/Archives/edgar/data/1393311/000139331116000050/psa-20160331x10q.htm"
  },
  {
    "date": "2015-12-31",
    "symbol": "PSA",
    "reportedCurrency": "USD",
    "cik": "0001393311",
    "fillingDate": "2016-02-29",
    "acceptedDate": "2016-02-26 20:52:15",
    "calendarYear": "2015",
    "period": "Q4",
    "revenue": 609330000,
    "costOfRevenue": 137709000,
    "grossProfit": 471621000,
    "grossProfitRatio": 0.7739993107,
    "researchAndDevelopmentExpenses": 3061000,
    "generalAndAdministrativeExpenses": 14903000,
    "sellingAndMarketingExpenses": 0,
    "sellingGeneralAndAdministrativeExpenses": 14903000,
    "otherExpenses": 107799000,
    "operatingExpenses": 125763000,
    "costAndExpenses": 263472000,
    "interestIncome": 5035000,
    "interestExpense": 610000,
    "depreciationAndAmortization": 106307000,
    "ebitda": 472176000,
    "ebitdaratio": 0.7749101472,
    "operatingIncome": 345858000,
    "operatingIncomeRatio": 0.5676037615,
    "totalOtherIncomeExpensesNet": 19401000,
    "incomeBeforeTax": 365259000,
    "incomeBeforeTaxRatio": 0.5994436512,
    "incomeTaxExpense": 0,
    "netIncome": 363490000,
    "netIncomeRatio": 0.5965404625,
    "eps": 1.75,
    "epsdiluted": 1.74,
    "weightedAverageShsOut": 172877000,
    "weightedAverageShsOutDil": 173759000,
    "link": "https://www.sec.gov/Archives/edgar/data/1393311/000139331116000036/0001393311-16-000036-index.htm",
    "finalLink": "https://www.sec.gov/Archives/edgar/data/1393311/000139331116000036/psa-20151231x10k.htm"
  },
  {
    "date": "2015-09-30",
    "symbol": "PSA",
    "reportedCurrency": "USD",
    "cik": "0001393311",
    "fillingDate": "2015-11-05",
    "acceptedDate": "2015-11-04 19:58:46",
    "calendarYear": "2015",
    "period": "Q3",
    "revenue": 618872000,
    "costOfRevenue": 164686000,
    "grossProfit": 454186000,
    "grossProfitRatio": 0.7338932768,
    "researchAndDevelopmentExpenses": 1933000,
    "generalAndAdministrativeExpenses": 20519000,
    "sellingAndMarketingExpenses": 0,
    "sellingGeneralAndAdministrativeExpenses": 20519000,
    "otherExpenses": 107203000,
    "operatingExpenses": 129655000,
    "costAndExpenses": 294341000,
    "interestIncome": 3659000,
    "interestExpense": 0,
    "depreciationAndAmortization": 106082000,
    "ebitda": 447218000,
    "ebitdaratio": 0.7226340827,
    "operatingIncome": 324531000,
    "operatingIncomeRatio": 0.5243911504,
    "totalOtherIncomeExpensesNet": 16605000,
    "incomeBeforeTax": 341136000,
    "incomeBeforeTaxRatio": 0.5512222237,
    "incomeTaxExpense": 0,
    "netIncome": 339568000,
    "netIncomeRatio": 0.5486885818,
    "eps": 1.58,
    "epsdiluted": 1.58,
    "weightedAverageShsOut": 172771000,
    "weightedAverageShsOutDil": 173529000,
    "link": "https://www.sec.gov/Archives/edgar/data/1393311/000139331115000030/0001393311-15-000030-index.htm",
    "finalLink": "https://www.sec.gov/Archives/edgar/data/1393311/000139331115000030/psa-20150930x10q.htm"
  },
  {
    "date": "2015-06-30",
    "symbol": "PSA",
    "reportedCurrency": "USD",
    "cik": "0001393311",
    "fillingDate": "2015-08-05",
    "acceptedDate": "2015-08-04 20:24:43",
    "calendarYear": "2015",
    "period": "Q2",
    "revenue": 588615000,
    "costOfRevenue": 161097000,
    "grossProfit": 427518000,
    "grossProfitRatio": 0.7263117658,
    "researchAndDevelopmentExpenses": 2184000,
    "generalAndAdministrativeExpenses": 17390000,
    "sellingAndMarketingExpenses": 0,
    "sellingGeneralAndAdministrativeExpenses": 17390000,
    "otherExpenses": 107887000,
    "operatingExpenses": 127461000,
    "costAndExpenses": 288558000,
    "interestIncome": 3815000,
    "interestExpense": 0,
    "depreciationAndAmortization": 106473000,
    "ebitda": 434513000,
    "ebitdaratio": 0.7381955947,
    "operatingIncome": 300057000,
    "operatingIncomeRatio": 0.5097678449,
    "totalOtherIncomeExpensesNet": 27983000,
    "incomeBeforeTax": 328040000,
    "incomeBeforeTaxRatio": 0.5573082575,
    "incomeTaxExpense": 0,
    "netIncome": 326405000,
    "netIncomeRatio": 0.5545305505,
    "eps": 1.53,
    "epsdiluted": 1.52,
    "weightedAverageShsOut": 172629000,
    "weightedAverageShsOutDil": 173387000,
    "link": "https://www.sec.gov/Archives/edgar/data/1393311/000139331115000022/0001393311-15-000022-index.htm",
    "finalLink": "https://www.sec.gov/Archives/edgar/data/1393311/000139331115000022/psa-20150630x10q.htm"
  },
  {
    "date": "2015-03-31",
    "symbol": "PSA",
    "reportedCurrency": "USD",
    "cik": "0001393311",
    "fillingDate": "2015-05-06",
    "acceptedDate": "2015-05-05 19:51:54",
    "calendarYear": "2015",
    "period": "Q1",
    "revenue": 564879000,
    "costOfRevenue": 172012000,
    "grossProfit": 392867000,
    "grossProfitRatio": 0.6954887684,
    "researchAndDevelopmentExpenses": 2828000,
    "generalAndAdministrativeExpenses": 19987000,
    "sellingAndMarketingExpenses": 0,
    "sellingGeneralAndAdministrativeExpenses": 19987000,
    "otherExpenses": 108491000,
    "operatingExpenses": 131306000,
    "costAndExpenses": 303318000,
    "interestIncome": 4037000,
    "interestExpense": 0,
    "depreciationAndAmortization": 107146000,
    "ebitda": 390400000,
    "ebitdaratio": 0.6911214614,
    "operatingIncome": 261561000,
    "operatingIncomeRatio": 0.4630389871,
    "totalOtherIncomeExpensesNet": 21693000,
    "incomeBeforeTax": 283254000,
    "incomeBeforeTaxRatio": 0.5014419017,
    "incomeTaxExpense": 0,
    "netIncome": 281781000,
    "netIncomeRatio": 0.4988342636,
    "eps": 1.23,
    "epsdiluted": 1.23,
    "weightedAverageShsOut": 172520000,
    "weightedAverageShsOutDil": 173366000,
    "link": "https://www.sec.gov/Archives/edgar/data/1393311/000139331115000015/0001393311-15-000015-index.htm",
    "finalLink": "https://www.sec.gov/Archives/edgar/data/1393311/000139331115000015/psa-20150331x10q.htm"
  },
  {
    "date": "2014-12-31",
    "symbol": "PSA",
    "reportedCurrency": "USD",
    "cik": "0001393311",
    "fillingDate": "2015-02-25",
    "acceptedDate": "2015-02-24 21:54:55",
    "calendarYear": "2014",
    "period": "Q4",
    "revenue": 566147000,
    "costOfRevenue": 133654000,
    "grossProfit": 432493000,
    "grossProfitRatio": 0.763923504,
    "researchAndDevelopmentExpenses": 2735000,
    "generalAndAdministrativeExpenses": 15069000,
    "sellingAndMarketingExpenses": 0,
    "sellingGeneralAndAdministrativeExpenses": 15069000,
    "otherExpenses": 111988000,
    "operatingExpenses": 129792000,
    "costAndExpenses": 263446000,
    "interestIncome": 775000,
    "interestExpense": 0,
    "depreciationAndAmortization": 110573000,
    "ebitda": 458999000,
    "ebitdaratio": 0.8107417332,
    "operatingIncome": 302701000,
    "operatingIncomeRatio": 0.5346685578,
    "totalOtherIncomeExpensesNet": 45725000,
    "incomeBeforeTax": 348426000,
    "incomeBeforeTaxRatio": 0.6154338008,
    "incomeTaxExpense": 0,
    "netIncome": 346715000,
    "netIncomeRatio": 0.6124116175,
    "eps": 1.65,
    "epsdiluted": 1.64,
    "weightedAverageShsOut": 172434000,
    "weightedAverageShsOutDil": 173258000,
    "link": "https://www.sec.gov/Archives/edgar/data/1393311/000139331115000005/0001393311-15-000005-index.htm",
    "finalLink": "https://www.sec.gov/Archives/edgar/data/1393311/000139331115000005/psa-20141231x10k.htm"
  },
  {
    "date": "2014-09-30",
    "symbol": "PSA",
    "reportedCurrency": "USD",
    "cik": "0001393311",
    "fillingDate": "2014-11-04",
    "acceptedDate": "2014-11-04 16:59:08",
    "calendarYear": "2014",
    "period": "Q3",
    "revenue": 567090000,
    "costOfRevenue": 158568000,
    "grossProfit": 408522000,
    "grossProfitRatio": 0.720383008,
    "researchAndDevelopmentExpenses": 3372000,
    "generalAndAdministrativeExpenses": 13419000,
    "sellingAndMarketingExpenses": 0,
    "sellingGeneralAndAdministrativeExpenses": 13419000,
    "otherExpenses": 112160000,
    "operatingExpenses": 128951000,
    "costAndExpenses": 287519000,
    "interestIncome": 3830000,
    "interestExpense": 1200000,
    "depreciationAndAmortization": 111077000,
    "ebitda": 407292000,
    "ebitdaratio": 0.7182140401,
    "operatingIncome": 279571000,
    "operatingIncomeRatio": 0.492992294,
    "totalOtherIncomeExpensesNet": 15444000,
    "incomeBeforeTax": 295015000,
    "incomeBeforeTaxRatio": 0.5202260664,
    "incomeTaxExpense": 0,
    "netIncome": 293459000,
    "netIncomeRatio": 0.5174822339,
    "eps": 1.34,
    "epsdiluted": 1.34,
    "weightedAverageShsOut": 172378000,
    "weightedAverageShsOutDil": 173304000,
    "link": "https://www.sec.gov/Archives/edgar/data/1393311/000139331114000037/0001393311-14-000037-index.htm",
    "finalLink": "https://www.sec.gov/Archives/edgar/data/1393311/000139331114000037/psa-20140930x10q.htm"
  },
  {
    "date": "2014-06-30",
    "symbol": "PSA",
    "reportedCurrency": "USD",
    "cik": "0001393311",
    "fillingDate": "2014-08-05",
    "acceptedDate": "2014-08-04 21:01:20",
    "calendarYear": "2014",
    "period": "Q2",
    "revenue": 538037000,
    "costOfRevenue": 150554000,
    "grossProfit": 387483000,
    "grossProfitRatio": 0.7201790955,
    "researchAndDevelopmentExpenses": 2184000,
    "generalAndAdministrativeExpenses": 12199000,
    "sellingAndMarketingExpenses": 0,
    "sellingGeneralAndAdministrativeExpenses": 12199000,
    "otherExpenses": 107437000,
    "operatingExpenses": 121820000,
    "costAndExpenses": 272374000,
    "interestIncome": 1000000,
    "interestExpense": 2100000,
    "depreciationAndAmortization": 106443000,
    "ebitda": 386785000,
    "ebitdaratio": 0.7188817869,
    "operatingIncome": 265663000,
    "operatingIncomeRatio": 0.4937634401,
    "totalOtherIncomeExpensesNet": 12579000,
    "incomeBeforeTax": 278242000,
    "incomeBeforeTaxRatio": 0.5171428731,
    "incomeTaxExpense": 0,
    "netIncome": 276834000,
    "netIncomeRatio": 0.5145259527,
    "eps": 1.27,
    "epsdiluted": 1.26,
    "weightedAverageShsOut": 172282000,
    "weightedAverageShsOutDil": 173181000,
    "link": "https://www.sec.gov/Archives/edgar/data/1393311/000139331114000032/0001393311-14-000032-index.htm",
    "finalLink": "https://www.sec.gov/Archives/edgar/data/1393311/000139331114000032/psa-20140630x10q.htm"
  },
  {
    "date": "2014-03-31",
    "symbol": "PSA",
    "reportedCurrency": "USD",
    "cik": "0001393311",
    "fillingDate": "2014-05-05",
    "acceptedDate": "2014-05-02 20:39:19",
    "calendarYear": "2014",
    "period": "Q1",
    "revenue": 519624000,
    "costOfRevenue": 174519000,
    "grossProfit": 345105000,
    "grossProfitRatio": 0.6641436885,
    "researchAndDevelopmentExpenses": 2323000,
    "generalAndAdministrativeExpenses": 15300000,
    "sellingAndMarketingExpenses": 0,
    "sellingGeneralAndAdministrativeExpenses": 15300000,
    "otherExpenses": 110387000,
    "operatingExpenses": 128010000,
    "costAndExpenses": 302529000,
    "interestIncome": 2402000,
    "interestExpense": 3500000,
    "depreciationAndAmortization": 109021000,
    "ebitda": 340774000,
    "ebitdaratio": 0.6558088156,
    "operatingIncome": 217095000,
    "operatingIncomeRatio": 0.4177924807,
    "totalOtherIncomeExpensesNet": 11158000,
    "incomeBeforeTax": 228253000,
    "incomeBeforeTaxRatio": 0.4392656998,
    "incomeTaxExpense": 0,
    "netIncome": 227196000,
    "netIncomeRatio": 0.4372315366,
    "eps": 1.01,
    "epsdiluted": 1.01,
    "weightedAverageShsOut": 171910000,
    "weightedAverageShsOutDil": 172809000,
    "link": "https://www.sec.gov/Archives/edgar/data/1393311/000139331114000018/0001393311-14-000018-index.htm",
    "finalLink": "https://www.sec.gov/Archives/edgar/data/1393311/000139331114000018/psa-20140331x10q.htm"
  },
  {
    "date": "2013-12-31",
    "symbol": "PSA",
    "reportedCurrency": "USD",
    "cik": "0001393311",
    "fillingDate": "2014-02-26",
    "acceptedDate": "2014-02-25 21:07:01",
    "calendarYear": "2013",
    "period": "Q4",
    "revenue": 513511000,
    "costOfRevenue": 124398000,
    "grossProfit": 389113000,
    "grossProfitRatio": 0.7577500774,
    "researchAndDevelopmentExpenses": 4387000,
    "generalAndAdministrativeExpenses": 10994000,
    "sellingAndMarketingExpenses": 0,
    "sellingGeneralAndAdministrativeExpenses": 10994000,
    "otherExpenses": 110237000,
    "operatingExpenses": 125618000,
    "costAndExpenses": 250016000,
    "interestIncome": 5872000,
    "interestExpense": 1822000,
    "depreciationAndAmortization": 108927000,
    "ebitda": 408726000,
    "ebitdaratio": 0.7959440012,
    "operatingIncome": 263495000,
    "operatingIncomeRatio": 0.5131243537,
    "totalOtherIncomeExpensesNet": 34482000,
    "incomeBeforeTax": 297977000,
    "incomeBeforeTaxRatio": 0.5802738403,
    "incomeTaxExpense": 0,
    "netIncome": 296569000,
    "netIncomeRatio": 0.5775319321,
    "eps": 1.42,
    "epsdiluted": 1.41,
    "weightedAverageShsOut": 171768000,
    "weightedAverageShsOutDil": 172798000,
    "link": "https://www.sec.gov/Archives/edgar/data/1393311/000139331114000009/0001393311-14-000009-index.htm",
    "finalLink": "https://www.sec.gov/Archives/edgar/data/1393311/000139331114000009/psa-20131231x10k.htm"
  },
  {
    "date": "2013-09-30",
    "symbol": "PSA",
    "reportedCurrency": "USD",
    "cik": "0001393311",
    "fillingDate": "2013-11-06",
    "acceptedDate": "2013-11-05 20:27:16",
    "calendarYear": "2013",
    "period": "Q3",
    "revenue": 511957000,
    "costOfRevenue": 147803000,
    "grossProfit": 364154000,
    "grossProfitRatio": 0.7112980192,
    "researchAndDevelopmentExpenses": 3077000,
    "generalAndAdministrativeExpenses": 13571000,
    "sellingAndMarketingExpenses": 0,
    "sellingGeneralAndAdministrativeExpenses": 13571000,
    "otherExpenses": 97539000,
    "operatingExpenses": 114187000,
    "costAndExpenses": 261990000,
    "interestIncome": 5608000,
    "interestExpense": 478000,
    "depreciationAndAmortization": 96537000,
    "ebitda": 382643000,
    "ebitdaratio": 0.7474123803,
    "operatingIncome": 249967000,
    "operatingIncomeRatio": 0.4882578029,
    "totalOtherIncomeExpensesNet": 35661000,
    "incomeBeforeTax": 285628000,
    "incomeBeforeTaxRatio": 0.5579140436,
    "incomeTaxExpense": 0,
    "netIncome": 284198000,
    "netIncomeRatio": 0.5551208402,
    "eps": 1.35,
    "epsdiluted": 1.34,
    "weightedAverageShsOut": 171721000,
    "weightedAverageShsOutDil": 172793000,
    "link": "https://www.sec.gov/Archives/edgar/data/1393311/000139331113000038/0001393311-13-000038-index.htm",
    "finalLink": "https://www.sec.gov/Archives/edgar/data/1393311/000139331113000038/psa-20130930x10q.htm"
  },
  {
    "date": "2013-06-30",
    "symbol": "PSA",
    "reportedCurrency": "USD",
    "cik": "0001393311",
    "fillingDate": "2013-08-05",
    "acceptedDate": "2013-08-02 19:31:36",
    "calendarYear": "2013",
    "period": "Q2",
    "revenue": 485378000,
    "costOfRevenue": 142571000,
    "grossProfit": 342807000,
    "grossProfitRatio": 0.7062681044,
    "researchAndDevelopmentExpenses": 1276000,
    "generalAndAdministrativeExpenses": 11698000,
    "sellingAndMarketingExpenses": 0,
    "sellingGeneralAndAdministrativeExpenses": 11698000,
    "otherExpenses": 92048000,
    "operatingExpenses": 105022000,
    "costAndExpenses": 247593000,
    "interestIncome": 5516000,
    "interestExpense": 647000,
    "depreciationAndAmortization": 90937000,
    "ebitda": 353263000,
    "ebitdaratio": 0.7278100779,
    "operatingIncome": 237785000,
    "operatingIncomeRatio": 0.4898965342,
    "totalOtherIncomeExpensesNet": 23894000,
    "incomeBeforeTax": 261679000,
    "incomeBeforeTaxRatio": 0.5391241465,
    "incomeTaxExpense": 0,
    "netIncome": 260463000,
    "netIncomeRatio": 0.5366188826,
    "eps": 1.21,
    "epsdiluted": 1.2,
    "weightedAverageShsOut": 171625000,
    "weightedAverageShsOutDil": 172647000,
    "link": "https://www.sec.gov/Archives/edgar/data/1393311/000139331113000026/0001393311-13-000026-index.htm",
    "finalLink": "https://www.sec.gov/Archives/edgar/data/1393311/000139331113000026/psa-20130630x10q.htm"
  },
  {
    "date": "2013-03-31",
    "symbol": "PSA",
    "reportedCurrency": "USD",
    "cik": "0001393311",
    "fillingDate": "2013-05-10",
    "acceptedDate": "2013-05-09 21:07:45",
    "calendarYear": "2013",
    "period": "Q1",
    "revenue": 470900000,
    "costOfRevenue": 150389000,
    "grossProfit": 320511000,
    "grossProfitRatio": 0.6806349543,
    "researchAndDevelopmentExpenses": 1735000,
    "generalAndAdministrativeExpenses": 15237000,
    "sellingAndMarketingExpenses": 0,
    "sellingGeneralAndAdministrativeExpenses": 15237000,
    "otherExpenses": 92282000,
    "operatingExpenses": 109254000,
    "costAndExpenses": 259643000,
    "interestIncome": 5581000,
    "interestExpense": 3497000,
    "depreciationAndAmortization": 91001000,
    "ebitda": 306745000,
    "ebitdaratio": 0.6514015715,
    "operatingIncome": 211257000,
    "operatingIncomeRatio": 0.4486239117,
    "totalOtherIncomeExpensesNet": 990000,
    "incomeBeforeTax": 212247000,
    "incomeBeforeTaxRatio": 0.4507262688,
    "incomeTaxExpense": 0,
    "netIncome": 211223000,
    "netIncomeRatio": 0.4485517095,
    "eps": 0.94,
    "epsdiluted": 0.94,
    "weightedAverageShsOut": 171446000,
    "weightedAverageShsOutDil": 172514000,
    "link": "https://www.sec.gov/Archives/edgar/data/1393311/000139331113000012/0001393311-13-000012-index.htm",
    "finalLink": "https://www.sec.gov/Archives/edgar/data/1393311/000139331113000012/psa-20130331x10q.htm"
  },
  {
    "date": "2012-12-31",
    "symbol": "PSA",
    "reportedCurrency": "USD",
    "cik": "0001393311",
    "fillingDate": "2013-02-26",
    "acceptedDate": "2013-02-25 21:39:21",
    "calendarYear": "2012",
    "period": "Q4",
    "revenue": 465451000,
    "costOfRevenue": 115592000,
    "grossProfit": 349859000,
    "grossProfitRatio": 0.7516559208,
    "researchAndDevelopmentExpenses": 0,
    "generalAndAdministrativeExpenses": 0,
    "sellingAndMarketingExpenses": 0,
    "sellingGeneralAndAdministrativeExpenses": 1590000,
    "otherExpenses": 103716000,
    "operatingExpenses": 105306000,
    "costAndExpenses": 220898000,
    "interestIncome": 5435000,
    "interestExpense": 4486000,
    "depreciationAndAmortization": 92586000,
    "ebitda": 369164000,
    "ebitdaratio": 0.7931318227,
    "operatingIncome": 244553000,
    "operatingIncomeRatio": 0.5254108381,
    "totalOtherIncomeExpensesNet": 27539000,
    "incomeBeforeTax": 272092000,
    "incomeBeforeTaxRatio": 0.5845771091,
    "incomeTaxExpense": 0,
    "netIncome": 271371000,
    "netIncomeRatio": 0.5830280738,
    "eps": 1.23,
    "epsdiluted": 1.22,
    "weightedAverageShsOut": 170868000,
    "weightedAverageShsOutDil": 171982000,
    "link": "https://www.sec.gov/Archives/edgar/data/1393311/000139331113000004/0001393311-13-000004-index.htm",
    "finalLink": "https://www.sec.gov/Archives/edgar/data/1393311/000139331113000004/ps10k_2012.htm"
  },
  {
    "date": "2012-09-30",
    "symbol": "PSA",
    "reportedCurrency": "USD",
    "cik": "0001393311",
    "fillingDate": "2012-11-09",
    "acceptedDate": "2012-11-08 20:39:46",
    "calendarYear": "2012",
    "period": "Q3",
    "revenue": 477182000,
    "costOfRevenue": 141475000,
    "grossProfit": 335707000,
    "grossProfitRatio": 0.703519831,
    "researchAndDevelopmentExpenses": 1228000,
    "generalAndAdministrativeExpenses": 12830000,
    "sellingAndMarketingExpenses": 0,
    "sellingGeneralAndAdministrativeExpenses": 12830000,
    "otherExpenses": 91137000,
    "operatingExpenses": 105195000,
    "costAndExpenses": 246670000,
    "interestIncome": 5444000,
    "interestExpense": 4926000,
    "depreciationAndAmortization": 89991000,
    "ebitda": 347801000,
    "ebitdaratio": 0.7288644584,
    "operatingIncome": 230512000,
    "operatingIncomeRatio": 0.483069353,
    "totalOtherIncomeExpensesNet": 22372000,
    "incomeBeforeTax": 252884000,
    "incomeBeforeTaxRatio": 0.529952932,
    "incomeTaxExpense": 0,
    "netIncome": 263892000,
    "netIncomeRatio": 0.5530216982,
    "eps": 1.19,
    "epsdiluted": 1.18,
    "weightedAverageShsOut": 170576000,
    "weightedAverageShsOutDil": 171700000,
    "link": "https://www.sec.gov/Archives/edgar/data/1393311/000139331112000061/0001393311-12-000061-index.htm",
    "finalLink": "https://www.sec.gov/Archives/edgar/data/1393311/000139331112000061/ps10q_3q12.htm"
  },
  {
    "date": "2012-06-30",
    "symbol": "PSA",
    "reportedCurrency": "USD",
    "cik": "0001393311",
    "fillingDate": "2012-08-06",
    "acceptedDate": "2012-08-03 20:11:47",
    "calendarYear": "2012",
    "period": "Q2",
    "revenue": 455793000,
    "costOfRevenue": 142883000,
    "grossProfit": 312910000,
    "grossProfitRatio": 0.6865177833,
    "researchAndDevelopmentExpenses": 953000,
    "generalAndAdministrativeExpenses": 10372000,
    "sellingAndMarketingExpenses": 0,
    "sellingGeneralAndAdministrativeExpenses": 10372000,
    "otherExpenses": 89563000,
    "operatingExpenses": 100888000,
    "costAndExpenses": 243771000,
    "interestIncome": 5540000,
    "interestExpense": 5067000,
    "depreciationAndAmortization": 88588000,
    "ebitda": 292352000,
    "ebitdaratio": 0.6414139752,
    "operatingIncome": 212022000,
    "operatingIncomeRatio": 0.4651716898,
    "totalOtherIncomeExpensesNet": -13325000,
    "incomeBeforeTax": 198697000,
    "incomeBeforeTaxRatio": 0.4359369275,
    "incomeTaxExpense": 0,
    "netIncome": 198143000,
    "netIncomeRatio": 0.4347214635,
    "eps": 1.16,
    "epsdiluted": 1.15,
    "weightedAverageShsOut": 170496000,
    "weightedAverageShsOutDil": 171560000,
    "link": "https://www.sec.gov/Archives/edgar/data/1393311/000139331112000045/0001393311-12-000045-index.htm",
    "finalLink": "https://www.sec.gov/Archives/edgar/data/1393311/000139331112000045/ps10q_2q12.htm"
  },
  {
    "date": "2012-03-31",
    "symbol": "PSA",
    "reportedCurrency": "USD",
    "cik": "0001393311",
    "fillingDate": "2012-05-07",
    "acceptedDate": "2012-05-04 18:24:51",
    "calendarYear": "2012",
    "period": "Q1",
    "revenue": 439835000,
    "costOfRevenue": 151711000,
    "grossProfit": 288124000,
    "grossProfitRatio": 0.6550729251,
    "researchAndDevelopmentExpenses": 2513000,
    "generalAndAdministrativeExpenses": 12381000,
    "sellingAndMarketingExpenses": 0,
    "sellingGeneralAndAdministrativeExpenses": 12381000,
    "otherExpenses": 88335000,
    "operatingExpenses": 103229000,
    "costAndExpenses": 254940000,
    "interestIncome": 5655000,
    "interestExpense": 5334000,
    "depreciationAndAmortization": 86938000,
    "ebitda": 298760000,
    "ebitdaratio": 0.6792547205,
    "operatingIncome": 184895000,
    "operatingIncomeRatio": 0.4203735492,
    "totalOtherIncomeExpensesNet": 21593000,
    "incomeBeforeTax": 206488000,
    "incomeBeforeTaxRatio": 0.4694669592,
    "incomeTaxExpense": 0,
    "netIncome": 205852000,
    "netIncomeRatio": 0.4680209624,
    "eps": 1.21,
    "epsdiluted": 1.2,
    "weightedAverageShsOut": 170309000,
    "weightedAverageShsOutDil": 171415000,
    "link": "https://www.sec.gov/Archives/edgar/data/1393311/000139331112000027/0001393311-12-000027-index.htm",
    "finalLink": "https://www.sec.gov/Archives/edgar/data/1393311/000139331112000027/ps10q_1q12.htm"
  },
  {
    "date": "2011-12-31",
    "symbol": "PSA",
    "reportedCurrency": "USD",
    "cik": "0001393311",
    "fillingDate": "2012-02-27",
    "acceptedDate": "2012-02-24 19:24:54",
    "calendarYear": "2011",
    "period": "Q4",
    "revenue": 444715000,
    "costOfRevenue": 120695000,
    "grossProfit": 324020000,
    "grossProfitRatio": 0.7286014639,
    "researchAndDevelopmentExpenses": 0,
    "generalAndAdministrativeExpenses": 0,
    "sellingAndMarketingExpenses": 0,
    "sellingGeneralAndAdministrativeExpenses": 11466000,
    "otherExpenses": 89830000,
    "operatingExpenses": 101296000,
    "costAndExpenses": 221991000,
    "interestIncome": 0,
    "interestExpense": 5443000,
    "depreciationAndAmortization": 89830000,
    "ebitda": 314411000,
    "ebitdaratio": 0.7069943672,
    "operatingIncome": 222724000,
    "operatingIncomeRatio": 0.5008241233,
    "totalOtherIncomeExpensesNet": -3586000,
    "incomeBeforeTax": 219138000,
    "incomeBeforeTaxRatio": 0.492760532,
    "incomeTaxExpense": 0,
    "netIncome": 220151000,
    "netIncomeRatio": 0.4950383954,
    "eps": 1.29,
    "epsdiluted": 1.28,
    "weightedAverageShsOut": 170090000,
    "weightedAverageShsOutDil": 171383000,
    "link": "https://www.sec.gov/Archives/edgar/data/1393311/000139331112000013/0001393311-12-000013-index.htm",
    "finalLink": "https://www.sec.gov/Archives/edgar/data/1393311/000139331112000013/ps10k_20111231.htm"
  },
  {
    "date": "2011-09-30",
    "symbol": "PSA",
    "reportedCurrency": "USD",
    "cik": "0001393311",
    "fillingDate": "2011-11-07",
    "acceptedDate": "2011-11-04 19:29:18",
    "calendarYear": "2011",
    "period": "Q3",
    "revenue": 445563000,
    "costOfRevenue": 138580000,
    "grossProfit": 306983000,
    "grossProfitRatio": 0.6889777652,
    "researchAndDevelopmentExpenses": 0,
    "generalAndAdministrativeExpenses": 0,
    "sellingAndMarketingExpenses": 0,
    "sellingGeneralAndAdministrativeExpenses": 14116000,
    "otherExpenses": 93007000,
    "operatingExpenses": 107123000,
    "costAndExpenses": 245703000,
    "interestIncome": 6875000,
    "interestExpense": 5862000,
    "depreciationAndAmortization": 90956000,
    "ebitda": 289690000,
    "ebitdaratio": 0.6501661942,
    "operatingIncome": 199860000,
    "operatingIncomeRatio": 0.4485560964,
    "totalOtherIncomeExpensesNet": -6988000,
    "incomeBeforeTax": 192872000,
    "incomeBeforeTaxRatio": 0.432872568,
    "incomeTaxExpense": 0,
    "netIncome": 191139000,
    "netIncomeRatio": 0.4289831068,
    "eps": 1.13,
    "epsdiluted": 1.12,
    "weightedAverageShsOut": 169728000,
    "weightedAverageShsOutDil": 170830000,
    "link": "https://www.sec.gov/Archives/edgar/data/1393311/000139331111000048/0001393311-11-000048-index.htm",
    "finalLink": "https://www.sec.gov/Archives/edgar/data/1393311/000139331111000048/ps10q_3q11.htm"
  },
  {
    "date": "2011-06-30",
    "symbol": "PSA",
    "reportedCurrency": "USD",
    "cik": "0001393311",
    "fillingDate": "2011-08-08",
    "acceptedDate": "2011-08-05 19:57:17",
    "calendarYear": "2011",
    "period": "Q2",
    "revenue": 434419000,
    "costOfRevenue": 139229000,
    "grossProfit": 295190000,
    "grossProfitRatio": 0.6795052703,
    "researchAndDevelopmentExpenses": 0,
    "generalAndAdministrativeExpenses": 0,
    "sellingAndMarketingExpenses": 0,
    "sellingGeneralAndAdministrativeExpenses": 12593000,
    "otherExpenses": 89098000,
    "operatingExpenses": 101691000,
    "costAndExpenses": 240920000,
    "interestIncome": 0,
    "interestExpense": 5933000,
    "depreciationAndAmortization": 89186000,
    "ebitda": 305881000,
    "ebitdaratio": 0.7041151515,
    "operatingIncome": 193499000,
    "operatingIncomeRatio": 0.4454202049,
    "totalOtherIncomeExpensesNet": 17263000,
    "incomeBeforeTax": 210762000,
    "incomeBeforeTaxRatio": 0.4851583379,
    "incomeTaxExpense": 0,
    "netIncome": 206444000,
    "netIncomeRatio": 0.4752186253,
    "eps": 1.22,
    "epsdiluted": 1.21,
    "weightedAverageShsOut": 169492000,
    "weightedAverageShsOutDil": 170401000,
    "link": "https://www.sec.gov/Archives/edgar/data/1393311/000139331111000042/0001393311-11-000042-index.htm",
    "finalLink": "https://www.sec.gov/Archives/edgar/data/1393311/000139331111000042/ps10q_2q11.htm"
  },
  {
    "date": "2011-03-31",
    "symbol": "PSA",
    "reportedCurrency": "USD",
    "cik": "0001393311",
    "fillingDate": "2011-05-09",
    "acceptedDate": "2011-05-06 20:19:47",
    "calendarYear": "2011",
    "period": "Q1",
    "revenue": 419691000,
    "costOfRevenue": 144241000,
    "grossProfit": 275450000,
    "grossProfitRatio": 0.6563161945,
    "researchAndDevelopmentExpenses": 0,
    "generalAndAdministrativeExpenses": 0,
    "sellingAndMarketingExpenses": 0,
    "sellingGeneralAndAdministrativeExpenses": 14235000,
    "otherExpenses": 88511000,
    "operatingExpenses": 102746000,
    "costAndExpenses": 246987000,
    "interestIncome": 0,
    "interestExpense": 6984000,
    "depreciationAndAmortization": 88553000,
    "ebitda": 306423000,
    "ebitdaratio": 0.730115728,
    "operatingIncome": 172704000,
    "operatingIncomeRatio": 0.4115027485,
    "totalOtherIncomeExpensesNet": 38182000,
    "incomeBeforeTax": 210886000,
    "incomeBeforeTaxRatio": 0.5024792049,
    "incomeTaxExpense": 0,
    "netIncome": 206108000,
    "netIncomeRatio": 0.4910946387,
    "eps": 1.22,
    "epsdiluted": 1.21,
    "weightedAverageShsOut": 169315000,
    "weightedAverageShsOutDil": 170382000,
    "link": "https://www.sec.gov/Archives/edgar/data/1393311/000139331111000019/0001393311-11-000019-index.htm",
    "finalLink": "https://www.sec.gov/Archives/edgar/data/1393311/000139331111000019/ps10q_1q11.htm"
  },
  {
    "date": "2010-12-31",
    "symbol": "PSA",
    "reportedCurrency": "USD",
    "cik": "0001393311",
    "fillingDate": "2011-03-01",
    "acceptedDate": "2011-03-01 16:43:50",
    "calendarYear": "2010",
    "period": "Q4",
    "revenue": 418238000,
    "costOfRevenue": 116845000,
    "grossProfit": 301393000,
    "grossProfitRatio": 0.7206255768,
    "researchAndDevelopmentExpenses": 0,
    "generalAndAdministrativeExpenses": 0,
    "sellingAndMarketingExpenses": 0,
    "sellingGeneralAndAdministrativeExpenses": 9419000,
    "otherExpenses": 69192000,
    "operatingExpenses": 78611000,
    "costAndExpenses": 195456000,
    "interestIncome": 0,
    "interestExpense": 7770000,
    "depreciationAndAmortization": 91647000,
    "ebitda": 291974000,
    "ebitdaratio": 0.6981049068,
    "operatingIncome": 222782000,
    "operatingIncomeRatio": 0.5326680024,
    "totalOtherIncomeExpensesNet": -222782000,
    "incomeBeforeTax": 0,
    "incomeBeforeTaxRatio": 0,
    "incomeTaxExpense": 0,
    "netIncome": 183685000,
    "netIncomeRatio": 0.4391877352,
    "eps": 1.09,
    "epsdiluted": 1.09,
    "weightedAverageShsOut": 169014000,
    "weightedAverageShsOutDil": 169014000,
    "link": "https://www.sec.gov/Archives/edgar/data/1393311/000139331111000011/0001393311-11-000011-index.htm",
    "finalLink": "https://www.sec.gov/Archives/edgar/data/1393311/000139331111000011/ps10k_123110.htm"
  },
  {
    "date": "2010-09-29",
    "symbol": "PSA",
    "reportedCurrency": "USD",
    "cik": "0001393311",
    "fillingDate": "2010-11-08",
    "acceptedDate": "2010-11-05 21:07:05",
    "calendarYear": "2010",
    "period": "Q3",
    "revenue": 422295000,
    "costOfRevenue": 134514000,
    "grossProfit": 287781000,
    "grossProfitRatio": 0.6814691152,
    "researchAndDevelopmentExpenses": 0,
    "generalAndAdministrativeExpenses": 0,
    "sellingAndMarketingExpenses": 0,
    "sellingGeneralAndAdministrativeExpenses": 8910000,
    "otherExpenses": 92583000,
    "operatingExpenses": 101493000,
    "costAndExpenses": 236007000,
    "interestIncome": 0,
    "interestExpense": 7838000,
    "depreciationAndAmortization": 92648000,
    "ebitda": 343434000,
    "ebitdaratio": 0.8132561361,
    "operatingIncome": 186288000,
    "operatingIncomeRatio": 0.4411323838,
    "totalOtherIncomeExpensesNet": 56660000,
    "incomeBeforeTax": 242948000,
    "incomeBeforeTaxRatio": 0.5753039937,
    "incomeTaxExpense": 0,
    "netIncome": 239354000,
    "netIncomeRatio": 0.5667933554,
    "eps": 1.08,
    "epsdiluted": 1.07,
    "weightedAverageShsOut": 169014000,
    "weightedAverageShsOutDil": 169977000,
    "link": "https://www.sec.gov/Archives/edgar/data/1393311/000139331110000029/0001393311-10-000029-index.htm",
    "finalLink": "https://www.sec.gov/Archives/edgar/data/1393311/000139331110000029/ps3q10_10q.htm"
  },
  {
    "date": "2010-06-30",
    "symbol": "PSA",
    "reportedCurrency": "USD",
    "cik": "0001393311",
    "fillingDate": "2010-08-09",
    "acceptedDate": "2010-08-06 20:53:53",
    "calendarYear": "2010",
    "period": "Q2",
    "revenue": 407645000,
    "costOfRevenue": 137233000,
    "grossProfit": 270412000,
    "grossProfitRatio": 0.6633516908,
    "researchAndDevelopmentExpenses": 0,
    "generalAndAdministrativeExpenses": 0,
    "sellingAndMarketingExpenses": 0,
    "sellingGeneralAndAdministrativeExpenses": 10081000,
    "otherExpenses": 84879000,
    "operatingExpenses": 94960000,
    "costAndExpenses": 232193000,
    "interestIncome": 0,
    "interestExpense": 7278000,
    "depreciationAndAmortization": 85205000,
    "ebitda": 260657000,
    "ebitdaratio": 0.6394215555,
    "operatingIncome": 175452000,
    "operatingIncomeRatio": 0.4304039054,
    "totalOtherIncomeExpensesNet": -175452000,
    "incomeBeforeTax": 0,
    "incomeBeforeTaxRatio": 0,
    "incomeTaxExpense": 0,
    "netIncome": 125038000,
    "netIncomeRatio": 0.3067325737,
    "eps": 0.74,
    "epsdiluted": 0.74,
    "weightedAverageShsOut": 168804000,
    "weightedAverageShsOutDil": 169629000,
    "link": "https://www.sec.gov/Archives/edgar/data/1393311/000139331110000021/0001393311-10-000021-index.htm",
    "finalLink": "https://www.sec.gov/Archives/edgar/data/1393311/000139331110000021/ps2q10_10q.htm"
  },
  {
    "date": "2010-03-31",
    "symbol": "PSA",
    "reportedCurrency": "USD",
    "cik": "0001393311",
    "fillingDate": "2010-05-10",
    "acceptedDate": "2010-05-07 19:00:07",
    "calendarYear": "2010",
    "period": "Q1",
    "revenue": 397447000,
    "costOfRevenue": 140770000,
    "grossProfit": 256677000,
    "grossProfitRatio": 0.6458144105,
    "researchAndDevelopmentExpenses": 0,
    "generalAndAdministrativeExpenses": 0,
    "sellingAndMarketingExpenses": 0,
    "sellingGeneralAndAdministrativeExpenses": 10077000,
    "otherExpenses": 84717000,
    "operatingExpenses": 94794000,
    "costAndExpenses": 235564000,
    "interestIncome": 8216000,
    "interestExpense": 7339000,
    "depreciationAndAmortization": 84886000,
    "ebitda": 221609000,
    "ebitdaratio": 0.5575812624,
    "operatingIncome": 161883000,
    "operatingIncomeRatio": 0.4073071378,
    "totalOtherIncomeExpensesNet": -32499000,
    "incomeBeforeTax": 129384000,
    "incomeBeforeTaxRatio": 0.3255377447,
    "incomeTaxExpense": 0,
    "netIncome": 123961000,
    "netIncomeRatio": 0.3118931581,
    "eps": 0.74,
    "epsdiluted": 0.73,
    "weightedAverageShsOut": 168477000,
    "weightedAverageShsOutDil": 169310000,
    "link": "https://www.sec.gov/Archives/edgar/data/1393311/000139331110000011/0001393311-10-000011-index.htm",
    "finalLink": "https://www.sec.gov/Archives/edgar/data/1393311/000139331110000011/ps10q_1q10.htm"
  },
  {
    "date": "2009-12-31",
    "symbol": "PSA",
    "reportedCurrency": "USD",
    "cik": "0001393311",
    "fillingDate": "2010-03-01",
    "acceptedDate": "2010-02-26 21:48:46",
    "calendarYear": "2009",
    "period": "Q4",
    "revenue": 402879000,
    "costOfRevenue": 116206000,
    "grossProfit": 286673000,
    "grossProfitRatio": 0.7115610394,
    "researchAndDevelopmentExpenses": 0,
    "generalAndAdministrativeExpenses": 0,
    "sellingAndMarketingExpenses": 0,
    "sellingGeneralAndAdministrativeExpenses": 9203000,
    "otherExpenses": 92774000,
    "operatingExpenses": 101977000,
    "costAndExpenses": 218183000,
    "interestIncome": 29813000,
    "interestExpense": 7211000,
    "depreciationAndAmortization": 86019000,
    "ebitda": 277926000,
    "ebitdaratio": 0.689849806,
    "operatingIncome": 184696000,
    "operatingIncomeRatio": 0.4584403754,
    "totalOtherIncomeExpensesNet": -184696000,
    "incomeBeforeTax": 0,
    "incomeBeforeTaxRatio": 0,
    "incomeTaxExpense": 0,
    "netIncome": 181138000,
    "netIncomeRatio": 0.4496089397,
    "eps": 1.08,
    "epsdiluted": 1.08,
    "weightedAverageShsOut": 168400000,
    "weightedAverageShsOutDil": 168477000,
    "link": "https://www.sec.gov/Archives/edgar/data/1393311/000139331110000004/0001393311-10-000004-index.htm",
    "finalLink": "https://www.sec.gov/Archives/edgar/data/1393311/000139331110000004/ps10k_123109.htm"
  },
  {
    "date": "2009-09-30",
    "symbol": "PSA",
    "reportedCurrency": "USD",
    "cik": "0001393311",
    "fillingDate": "2009-11-09",
    "acceptedDate": "2009-11-06 19:07:29",
    "calendarYear": "2009",
    "period": "Q3",
    "revenue": 412087000,
    "costOfRevenue": 128468000,
    "grossProfit": 283619000,
    "grossProfitRatio": 0.6882502967,
    "researchAndDevelopmentExpenses": 0,
    "generalAndAdministrativeExpenses": 0,
    "sellingAndMarketingExpenses": 0,
    "sellingGeneralAndAdministrativeExpenses": 8654000,
    "otherExpenses": 92959000,
    "operatingExpenses": 101613000,
    "costAndExpenses": 230081000,
    "interestIncome": 0,
    "interestExpense": 7289000,
    "depreciationAndAmortization": 86624000,
    "ebitda": 275919000,
    "ebitdaratio": 0.669564922,
    "operatingIncome": 182006000,
    "operatingIncomeRatio": 0.4416688709,
    "totalOtherIncomeExpensesNet": -182006000,
    "incomeBeforeTax": 0,
    "incomeBeforeTaxRatio": 0,
    "incomeTaxExpense": 0,
    "netIncome": 237309000,
    "netIncomeRatio": 0.5758711146,
    "eps": 1.41,
    "epsdiluted": 1.4,
    "weightedAverageShsOut": 168373000,
    "weightedAverageShsOutDil": 169043000,
    "link": "https://www.sec.gov/Archives/edgar/data/1393311/000139331109000035/0001393311-09-000035-index.htm",
    "finalLink": "https://www.sec.gov/Archives/edgar/data/1393311/000139331109000035/ps10q_3q09.txt"
  },
  {
    "date": "2009-06-30",
    "symbol": "PSA",
    "reportedCurrency": "USD",
    "cik": "0001393311",
    "fillingDate": "2009-08-10",
    "acceptedDate": "2009-08-07 21:03:07",
    "calendarYear": "2009",
    "period": "Q2",
    "revenue": 406475000,
    "costOfRevenue": 134538000,
    "grossProfit": 271937000,
    "grossProfitRatio": 0.6690128544,
    "researchAndDevelopmentExpenses": 0,
    "generalAndAdministrativeExpenses": 0,
    "sellingAndMarketingExpenses": 0,
    "sellingGeneralAndAdministrativeExpenses": 8199000,
    "otherExpenses": 90927000,
    "operatingExpenses": 99126000,
    "costAndExpenses": 233664000,
    "interestIncome": 7516000,
    "interestExpense": 7288000,
    "depreciationAndAmortization": 84284000,
    "ebitda": 264383000,
    "ebitdaratio": 0.6504286857,
    "operatingIncome": 172811000,
    "operatingIncomeRatio": 0.4251454579,
    "totalOtherIncomeExpensesNet": -172811000,
    "incomeBeforeTax": 0,
    "incomeBeforeTaxRatio": 0,
    "incomeTaxExpense": 0,
    "netIncome": 199172000,
    "netIncomeRatio": 0.4899981549,
    "eps": 1.18,
    "epsdiluted": 1.18,
    "weightedAverageShsOut": 168348000,
    "weightedAverageShsOutDil": 168528000,
    "link": "https://www.sec.gov/Archives/edgar/data/1393311/000139331109000022/0001393311-09-000022-index.htm",
    "finalLink": "https://www.sec.gov/Archives/edgar/data/1393311/000139331109000022/ps10q_2q09.txt"
  },
  {
    "date": "2009-03-31",
    "symbol": "PSA",
    "reportedCurrency": "USD",
    "cik": "0001393311",
    "fillingDate": "2009-05-11",
    "acceptedDate": "2009-05-08 21:38:07",
    "calendarYear": "2009",
    "period": "Q1",
    "revenue": 404240000,
    "costOfRevenue": 142918000,
    "grossProfit": 261322000,
    "grossProfitRatio": 0.6464526024,
    "researchAndDevelopmentExpenses": 0,
    "generalAndAdministrativeExpenses": 0,
    "sellingAndMarketingExpenses": 0,
    "sellingGeneralAndAdministrativeExpenses": 9679000,
    "otherExpenses": 92620000,
    "operatingExpenses": 102299000,
    "costAndExpenses": 245217000,
    "interestIncome": 7633000,
    "interestExpense": 8128000,
    "depreciationAndAmortization": 85200000,
    "ebitda": 252351000,
    "ebitdaratio": 0.6242603404,
    "operatingIncome": 159023000,
    "operatingIncomeRatio": 0.3933875915,
    "totalOtherIncomeExpensesNet": -159023000,
    "incomeBeforeTax": 0,
    "incomeBeforeTaxRatio": 0,
    "incomeTaxExpense": 0,
    "netIncome": 217002000,
    "netIncomeRatio": 0.5368147635,
    "eps": 1.29,
    "epsdiluted": 1.29,
    "weightedAverageShsOut": 168312000,
    "weightedAverageShsOutDil": 168473000,
    "link": "https://www.sec.gov/Archives/edgar/data/1393311/000139331109000014/0001393311-09-000014-index.htm",
    "finalLink": "https://www.sec.gov/Archives/edgar/data/1393311/000139331109000014/ps10q_1q09.txt"
  },
  {
    "date": "2008-12-31",
    "symbol": "PSA",
    "reportedCurrency": "USD",
    "cik": "0001393311",
    "fillingDate": "2009-03-02",
    "acceptedDate": "2009-03-02 14:32:23",
    "calendarYear": "2008",
    "period": "Q4",
    "revenue": 421815000,
    "costOfRevenue": 128062000,
    "grossProfit": 293753000,
    "grossProfitRatio": 0.6964024513,
    "researchAndDevelopmentExpenses": 0,
    "generalAndAdministrativeExpenses": 0,
    "sellingAndMarketingExpenses": 0,
    "sellingGeneralAndAdministrativeExpenses": 5841000,
    "otherExpenses": 113045000,
    "operatingExpenses": 118886000,
    "costAndExpenses": 246948000,
    "interestIncome": 0,
    "interestExpense": 8757000,
    "depreciationAndAmortization": 107935000,
    "ebitda": 291559000,
    "ebitdaratio": 0.691201119,
    "operatingIncome": 174867000,
    "operatingIncomeRatio": 0.414558515,
    "totalOtherIncomeExpensesNet": -174867000,
    "incomeBeforeTax": 0,
    "incomeBeforeTaxRatio": 0,
    "incomeTaxExpense": 0,
    "netIncome": 151690000,
    "netIncomeRatio": 0.3596126264,
    "eps": 0.9,
    "epsdiluted": 0.9,
    "weightedAverageShsOut": 168256000,
    "weightedAverageShsOutDil": 168312000,
    "link": "https://www.sec.gov/Archives/edgar/data/1393311/000139331109000010/0001393311-09-000010-index.htm",
    "finalLink": "https://www.sec.gov/Archives/edgar/data/1393311/000139331109000010/ps10k_1208.txt"
  },
  {
    "date": "2008-09-30",
    "symbol": "PSA",
    "reportedCurrency": "USD",
    "cik": "0001393311",
    "fillingDate": "2008-11-10",
    "acceptedDate": "2008-11-07 21:18:30",
    "calendarYear": "2008",
    "period": "Q3",
    "revenue": 431169000,
    "costOfRevenue": 125335000,
    "grossProfit": 305834000,
    "grossProfitRatio": 0.7093135174,
    "researchAndDevelopmentExpenses": 0,
    "generalAndAdministrativeExpenses": 0,
    "sellingAndMarketingExpenses": 0,
    "sellingGeneralAndAdministrativeExpenses": 8879000,
    "otherExpenses": 100183000,
    "operatingExpenses": 109062000,
    "costAndExpenses": 234397000,
    "interestIncome": 0,
    "interestExpense": 9099000,
    "depreciationAndAmortization": 92034000,
    "ebitda": 297905000,
    "ebitdaratio": 0.6909239764,
    "operatingIncome": 196772000,
    "operatingIncomeRatio": 0.4563686165,
    "totalOtherIncomeExpensesNet": -196772000,
    "incomeBeforeTax": 0,
    "incomeBeforeTaxRatio": 0,
    "incomeTaxExpense": 0,
    "netIncome": 137331000,
    "netIncomeRatio": 0.3185085199,
    "eps": 0.82,
    "epsdiluted": 0.81,
    "weightedAverageShsOut": 168307000,
    "weightedAverageShsOutDil": 169022000,
    "link": "https://www.sec.gov/Archives/edgar/data/1393311/000139331108000266/0001393311-08-000266-index.htm",
    "finalLink": "https://www.sec.gov/Archives/edgar/data/1393311/000139331108000266/ps10q_3q08.txt"
  },
  {
    "date": "2008-06-30",
    "symbol": "PSA",
    "reportedCurrency": "USD",
    "cik": "0001393311",
    "fillingDate": "2008-08-11",
    "acceptedDate": "2008-08-08 20:39:53",
    "calendarYear": "2008",
    "period": "Q2",
    "revenue": 418494000,
    "costOfRevenue": 140188000,
    "grossProfit": 278306000,
    "grossProfitRatio": 0.6650178975,
    "researchAndDevelopmentExpenses": 0,
    "generalAndAdministrativeExpenses": 0,
    "sellingAndMarketingExpenses": 0,
    "sellingGeneralAndAdministrativeExpenses": 33173000,
    "otherExpenses": 104430000,
    "operatingExpenses": 137603000,
    "costAndExpenses": 277791000,
    "interestIncome": 11014000,
    "interestExpense": 9601000,
    "depreciationAndAmortization": 95386000,
    "ebitda": 245690000,
    "ebitdaratio": 0.5870812963,
    "operatingIncome": 140703000,
    "operatingIncomeRatio": 0.3362127056,
    "totalOtherIncomeExpensesNet": -140703000,
    "incomeBeforeTax": 0,
    "incomeBeforeTaxRatio": 0,
    "incomeTaxExpense": 0,
    "netIncome": 133813000,
    "netIncomeRatio": 0.3197489092,
    "eps": 0.8,
    "epsdiluted": 0.79,
    "weightedAverageShsOut": 168028000,
    "weightedAverageShsOutDil": 168479000,
    "link": "https://www.sec.gov/Archives/edgar/data/1393311/000139331108000148/0001393311-08-000148-index.htm",
    "finalLink": "https://www.sec.gov/Archives/edgar/data/1393311/000139331108000148/ps10q_2q08.txt"
  },
  {
    "date": "2008-03-31",
    "symbol": "PSA",
    "reportedCurrency": "USD",
    "cik": "0001393311",
    "fillingDate": "2008-05-12",
    "acceptedDate": "2008-05-12 15:16:38",
    "calendarYear": "2008",
    "period": "Q1",
    "revenue": 457487000,
    "costOfRevenue": 168119000,
    "grossProfit": 289368000,
    "grossProfitRatio": 0.6325163338,
    "researchAndDevelopmentExpenses": 0,
    "generalAndAdministrativeExpenses": 14916000,
    "sellingAndMarketingExpenses": 0,
    "sellingGeneralAndAdministrativeExpenses": 14916000,
    "otherExpenses": 138928000,
    "operatingExpenses": 153844000,
    "costAndExpenses": 321963000,
    "interestIncome": 2844000,
    "interestExpense": 16487000,
    "depreciationAndAmortization": 122491000,
    "ebitda": 274502000,
    "ebitdaratio": 0.6000214214,
    "operatingIncome": 135524000,
    "operatingIncomeRatio": 0.29623574,
    "totalOtherIncomeExpensesNet": -135524000,
    "incomeBeforeTax": 0,
    "incomeBeforeTaxRatio": 0,
    "incomeTaxExpense": 0,
    "netIncome": 512342000,
    "netIncomeRatio": 1.1199050465,
    "eps": 3.04,
    "epsdiluted": 3.03,
    "weightedAverageShsOut": 168586000,
    "weightedAverageShsOutDil": 168982000,
    "link": "https://www.sec.gov/Archives/edgar/data/1393311/000139331108000117/0001393311-08-000117-index.htm",
    "finalLink": "https://www.sec.gov/Archives/edgar/data/1393311/000139331108000117/ps10q_1q08.txt"
  },
  {
    "date": "2007-12-31",
    "symbol": "PSA",
    "reportedCurrency": "USD",
    "cik": "0001393311",
    "fillingDate": "2008-02-29",
    "acceptedDate": "2008-02-29 13:48:37",
    "calendarYear": "2007",
    "period": "Q4",
    "revenue": 464185000,
    "costOfRevenue": 154789000,
    "grossProfit": 309396000,
    "grossProfitRatio": 0.6665359716,
    "researchAndDevelopmentExpenses": 0,
    "generalAndAdministrativeExpenses": 10352000,
    "sellingAndMarketingExpenses": 0,
    "sellingGeneralAndAdministrativeExpenses": 10352000,
    "otherExpenses": 81913000,
    "operatingExpenses": 92265000,
    "costAndExpenses": 247054000,
    "interestIncome": 0,
    "interestExpense": 0,
    "depreciationAndAmortization": 130685000,
    "ebitda": 350481000,
    "ebitdaratio": 0.7550459407,
    "operatingIncome": 217131000,
    "operatingIncomeRatio": 0.467768239,
    "totalOtherIncomeExpensesNet": -217131000,
    "incomeBeforeTax": 0,
    "incomeBeforeTaxRatio": 0,
    "incomeTaxExpense": 0,
    "netIncome": 167887000,
    "netIncomeRatio": 0.3616812262,
    "eps": 1,
    "epsdiluted": 1,
    "weightedAverageShsOut": 168586000,
    "weightedAverageShsOutDil": 168586000,
    "link": "https://www.sec.gov/Archives/edgar/data/1393311/000139331108000023/0001393311-08-000023-index.htm",
    "finalLink": "https://www.sec.gov/Archives/edgar/data/1393311/000139331108000023/psi10k_1207.txt"
  },
  {
    "date": "2007-09-30",
    "symbol": "PSA",
    "reportedCurrency": "USD",
    "cik": "0001393311",
    "fillingDate": "2007-11-09",
    "acceptedDate": "2007-11-09 13:52:27",
    "calendarYear": "2007",
    "period": "Q3",
    "revenue": 468220000,
    "costOfRevenue": 165520000,
    "grossProfit": 302700000,
    "grossProfitRatio": 0.6464909658,
    "researchAndDevelopmentExpenses": 0,
    "generalAndAdministrativeExpenses": 11416000,
    "sellingAndMarketingExpenses": 0,
    "sellingGeneralAndAdministrativeExpenses": 11416000,
    "otherExpenses": 162998000,
    "operatingExpenses": 174414000,
    "costAndExpenses": 339934000,
    "interestIncome": 0,
    "interestExpense": 15257000,
    "depreciationAndAmortization": 146685000,
    "ebitda": 291284000,
    "ebitdaratio": 0.6221092649,
    "operatingIncome": 128286000,
    "operatingIncomeRatio": 0.2739865875,
    "totalOtherIncomeExpensesNet": -128286000,
    "incomeBeforeTax": 0,
    "incomeBeforeTaxRatio": 0,
    "incomeTaxExpense": 0,
    "netIncome": 152766000,
    "netIncomeRatio": 0.3262697023,
    "eps": 0.9,
    "epsdiluted": 0.9,
    "weightedAverageShsOut": 169374000,
    "weightedAverageShsOutDil": 170085000,
    "link": "https://www.sec.gov/Archives/edgar/data/1393311/000139331107000022/0001393311-07-000022-index.htm",
    "finalLink": "https://www.sec.gov/Archives/edgar/data/1393311/000139331107000022/psi10q_3q07.txt"
  },
  {
    "date": "2007-06-30",
    "symbol": "PSA",
    "reportedCurrency": "USD",
    "cik": "0001393311",
    "fillingDate": "2007-08-09",
    "acceptedDate": "2007-08-09 12:45:17",
    "calendarYear": "2007",
    "period": "Q2",
    "revenue": 448189000,
    "costOfRevenue": 169489000,
    "grossProfit": 278700000,
    "grossProfitRatio": 0.6218358773,
    "researchAndDevelopmentExpenses": 0,
    "generalAndAdministrativeExpenses": 21465000,
    "sellingAndMarketingExpenses": 0,
    "sellingGeneralAndAdministrativeExpenses": 21465000,
    "otherExpenses": 184217000,
    "operatingExpenses": 205682000,
    "costAndExpenses": 375171000,
    "interestIncome": 0,
    "interestExpense": 16707000,
    "depreciationAndAmortization": 165387000,
    "ebitda": 257235000,
    "ebitdaratio": 0.5739431356,
    "operatingIncome": 73018000,
    "operatingIncomeRatio": 0.1629178762,
    "totalOtherIncomeExpensesNet": -73018000,
    "incomeBeforeTax": 0,
    "incomeBeforeTaxRatio": 0,
    "incomeTaxExpense": 0,
    "netIncome": 77104000,
    "netIncomeRatio": 0.1720345658,
    "eps": 0.46,
    "epsdiluted": 0.45,
    "weightedAverageShsOut": 169346000,
    "weightedAverageShsOutDil": 170213000,
    "link": "https://www.sec.gov/Archives/edgar/data/1393311/000139331107000008/0001393311-07-000008-index.htm",
    "finalLink": "https://www.sec.gov/Archives/edgar/data/1393311/000139331107000008/psi10q_2q07.txt"
  },
  {
    "date": "2007-03-31",
    "symbol": "PSA",
    "reportedCurrency": "USD",
    "cik": "0001393311",
    "fillingDate": "2007-03-31",
    "acceptedDate": "2007-03-30 20:00:00",
    "calendarYear": "2007",
    "period": "Q1",
    "revenue": 433558000,
    "costOfRevenue": 168001000,
    "grossProfit": 265557000,
    "grossProfitRatio": 0.6125062852,
    "researchAndDevelopmentExpenses": 0,
    "generalAndAdministrativeExpenses": 16516000,
    "sellingAndMarketingExpenses": 0,
    "sellingGeneralAndAdministrativeExpenses": 16516000,
    "otherExpenses": 176366000,
    "operatingExpenses": 192882000,
    "costAndExpenses": 360883000,
    "interestIncome": 0,
    "interestExpense": 0,
    "depreciationAndAmortization": 176366000,
    "ebitda": 249041000,
    "ebitdaratio": 0.5744121894,
    "operatingIncome": 72675000,
    "operatingIncomeRatio": 0.1676246315,
    "totalOtherIncomeExpensesNet": -72675000,
    "incomeBeforeTax": 0,
    "incomeBeforeTaxRatio": 0,
    "incomeTaxExpense": 0,
    "netIncome": 59778000,
    "netIncomeRatio": 0.1378777465,
    "eps": 0.35,
    "epsdiluted": 0.35,
    "weightedAverageShsOut": 169229000,
    "weightedAverageShsOutDil": 169229000,
    "link": "",
    "finalLink": ""
  },
  {
    "date": "2006-12-31",
    "symbol": "PSA",
    "reportedCurrency": "USD",
    "cik": "0001393311",
    "fillingDate": "2006-12-31",
    "acceptedDate": "2006-12-30 19:00:00",
    "calendarYear": "2006",
    "period": "Q4",
    "revenue": 433586000,
    "costOfRevenue": 162909000,
    "grossProfit": 270677000,
    "grossProfitRatio": 0.6242752303,
    "researchAndDevelopmentExpenses": 0,
    "generalAndAdministrativeExpenses": 34665000,
    "sellingAndMarketingExpenses": 0,
    "sellingGeneralAndAdministrativeExpenses": 34665000,
    "otherExpenses": 225778000,
    "operatingExpenses": 260443000,
    "costAndExpenses": 423352000,
    "interestIncome": 0,
    "interestExpense": 0,
    "depreciationAndAmortization": 225728000,
    "ebitda": 236012000,
    "ebitdaratio": 0.5443256932,
    "operatingIncome": 10234000,
    "operatingIncomeRatio": 0.0236031606,
    "totalOtherIncomeExpensesNet": -10234000,
    "incomeBeforeTax": 0,
    "incomeBeforeTaxRatio": 0,
    "incomeTaxExpense": 0,
    "netIncome": -10233000,
    "netIncomeRatio": -0.0236008543,
    "eps": -0.0605,
    "epsdiluted": -0.0605,
    "weightedAverageShsOut": 169229000,
    "weightedAverageShsOutDil": 169229000,
    "link": "",
    "finalLink": ""
  },
  {
    "date": "2006-09-30",
    "symbol": "PSA",
    "reportedCurrency": "USD",
    "cik": "0001393311",
    "fillingDate": "2006-09-30",
    "acceptedDate": "2006-09-29 20:00:00",
    "calendarYear": "2006",
    "period": "Q3",
    "revenue": 371260000,
    "costOfRevenue": 127620000,
    "grossProfit": 243640000,
    "grossProfitRatio": 0.6562516835,
    "researchAndDevelopmentExpenses": 0,
    "generalAndAdministrativeExpenses": 36242000,
    "sellingAndMarketingExpenses": 0,
    "sellingGeneralAndAdministrativeExpenses": 36242000,
    "otherExpenses": 122786000,
    "operatingExpenses": 159028000,
    "costAndExpenses": 286648000,
    "interestIncome": 0,
    "interestExpense": 0,
    "depreciationAndAmortization": 113449000,
    "ebitda": 198075000,
    "ebitdaratio": 0.5335209826,
    "operatingIncome": 84612000,
    "operatingIncomeRatio": 0.2279049723,
    "totalOtherIncomeExpensesNet": -84612000,
    "incomeBeforeTax": 0,
    "incomeBeforeTaxRatio": 0,
    "incomeTaxExpense": 0,
    "netIncome": 81181000,
    "netIncomeRatio": 0.2186634703,
    "eps": 0.56,
    "epsdiluted": 0.56,
    "weightedAverageShsOut": 145387000,
    "weightedAverageShsOutDil": 145387000,
    "link": "",
    "finalLink": ""
  },
  {
    "date": "2006-06-30",
    "symbol": "PSA",
    "reportedCurrency": "USD",
    "cik": "0001393311",
    "fillingDate": "2006-06-30",
    "acceptedDate": "2006-06-29 20:00:00",
    "calendarYear": "2006",
    "period": "Q2",
    "revenue": 297861000,
    "costOfRevenue": 106545000,
    "grossProfit": 191316000,
    "grossProfitRatio": 0.6422995961,
    "researchAndDevelopmentExpenses": 0,
    "generalAndAdministrativeExpenses": 6975000,
    "sellingAndMarketingExpenses": 0,
    "sellingGeneralAndAdministrativeExpenses": 6975000,
    "otherExpenses": 50452000,
    "operatingExpenses": 57427000,
    "costAndExpenses": 163972000,
    "interestIncome": 0,
    "interestExpense": 0,
    "depreciationAndAmortization": 48580000,
    "ebitda": 184341000,
    "ebitdaratio": 0.6188826332,
    "operatingIncome": 133889000,
    "operatingIncomeRatio": 0.4495016132,
    "totalOtherIncomeExpensesNet": -133889000,
    "incomeBeforeTax": 0,
    "incomeBeforeTaxRatio": 0,
    "incomeTaxExpense": 0,
    "netIncome": 128862000,
    "netIncomeRatio": 0.4326246135,
    "eps": 1.01,
    "epsdiluted": 1,
    "weightedAverageShsOut": 128180000,
    "weightedAverageShsOutDil": 129062000,
    "link": "",
    "finalLink": ""
  },
  {
    "date": "2006-03-31",
    "symbol": "PSA",
    "reportedCurrency": "USD",
    "cik": "0001393311",
    "fillingDate": "2006-03-31",
    "acceptedDate": "2006-03-30 19:00:00",
    "calendarYear": "2006",
    "period": "Q1",
    "revenue": 278518000,
    "costOfRevenue": 102977000,
    "grossProfit": 175541000,
    "grossProfitRatio": 0.6302680617,
    "researchAndDevelopmentExpenses": 0,
    "generalAndAdministrativeExpenses": 6779000,
    "sellingAndMarketingExpenses": 0,
    "sellingGeneralAndAdministrativeExpenses": 6779000,
    "otherExpenses": 50028000,
    "operatingExpenses": 56807000,
    "costAndExpenses": 159784000,
    "interestIncome": 0,
    "interestExpense": 0,
    "depreciationAndAmortization": 50028000,
    "ebitda": 168762000,
    "ebitdaratio": 0.6059285217,
    "operatingIncome": 118734000,
    "operatingIncomeRatio": 0.4263063788,
    "totalOtherIncomeExpensesNet": -118734000,
    "incomeBeforeTax": 0,
    "incomeBeforeTaxRatio": 0,
    "incomeTaxExpense": 0,
    "netIncome": 114216000,
    "netIncomeRatio": 0.410084806,
    "eps": 0.89,
    "epsdiluted": 0.89,
    "weightedAverageShsOut": 128122000,
    "weightedAverageShsOutDil": 129009000,
    "link": "",
    "finalLink": ""
  },
  {
    "date": "2005-12-31",
    "symbol": "PSA",
    "reportedCurrency": "USD",
    "cik": "0001393311",
    "fillingDate": "2005-12-31",
    "acceptedDate": "2005-12-30 19:00:00",
    "calendarYear": "2005",
    "period": "Q4",
    "revenue": 298132000,
    "costOfRevenue": 115658000,
    "grossProfit": 182474000,
    "grossProfitRatio": 0.6120577462,
    "researchAndDevelopmentExpenses": 0,
    "generalAndAdministrativeExpenses": 4225000,
    "sellingAndMarketingExpenses": 0,
    "sellingGeneralAndAdministrativeExpenses": 4225000,
    "otherExpenses": 52261000,
    "operatingExpenses": 56486000,
    "costAndExpenses": 172144000,
    "interestIncome": 0,
    "interestExpense": 0,
    "depreciationAndAmortization": 52261000,
    "ebitda": 178249000,
    "ebitdaratio": 0.5978861712,
    "operatingIncome": 125988000,
    "operatingIncomeRatio": 0.4225913354,
    "totalOtherIncomeExpensesNet": -125988000,
    "incomeBeforeTax": 0,
    "incomeBeforeTaxRatio": 0,
    "incomeTaxExpense": 0,
    "netIncome": 123372000,
    "netIncomeRatio": 0.4138166986,
    "eps": 0.96,
    "epsdiluted": 0.96,
    "weightedAverageShsOut": 128063000,
    "weightedAverageShsOutDil": 128122000,
    "link": "",
    "finalLink": ""
  },
  {
    "date": "2005-09-30",
    "symbol": "PSA",
    "reportedCurrency": "USD",
    "cik": "0001393311",
    "fillingDate": "2005-09-30",
    "acceptedDate": "2005-09-29 20:00:00",
    "calendarYear": "2005",
    "period": "Q3",
    "revenue": 273404000,
    "costOfRevenue": 96684000,
    "grossProfit": 176720000,
    "grossProfitRatio": 0.6463694752,
    "researchAndDevelopmentExpenses": 0,
    "generalAndAdministrativeExpenses": 5621000,
    "sellingAndMarketingExpenses": 0,
    "sellingGeneralAndAdministrativeExpenses": 5621000,
    "otherExpenses": 47896000,
    "operatingExpenses": 53517000,
    "costAndExpenses": 150201000,
    "interestIncome": 0,
    "interestExpense": 0,
    "depreciationAndAmortization": 48108000,
    "ebitda": 171311000,
    "ebitdaratio": 0.6265855657,
    "operatingIncome": 123203000,
    "operatingIncomeRatio": 0.4506261796,
    "totalOtherIncomeExpensesNet": -123203000,
    "incomeBeforeTax": 0,
    "incomeBeforeTaxRatio": 0,
    "incomeTaxExpense": 0,
    "netIncome": 128344000,
    "netIncomeRatio": 0.4694298547,
    "eps": 1,
    "epsdiluted": 1,
    "weightedAverageShsOut": 128006000,
    "weightedAverageShsOutDil": 128742000,
    "link": "",
    "finalLink": ""
  },
  {
    "date": "2005-06-30",
    "symbol": "PSA",
    "reportedCurrency": "USD",
    "cik": "0001393311",
    "fillingDate": "2005-06-30",
    "acceptedDate": "2005-06-29 20:00:00",
    "calendarYear": "2005",
    "period": "Q2",
    "revenue": 262762000,
    "costOfRevenue": 94859000,
    "grossProfit": 167903000,
    "grossProfitRatio": 0.6389927006,
    "researchAndDevelopmentExpenses": 0,
    "generalAndAdministrativeExpenses": 6128000,
    "sellingAndMarketingExpenses": 0,
    "sellingGeneralAndAdministrativeExpenses": 6128000,
    "otherExpenses": 48240000,
    "operatingExpenses": 54368000,
    "costAndExpenses": 149227000,
    "interestIncome": 0,
    "interestExpense": 0,
    "depreciationAndAmortization": 48240000,
    "ebitda": 161775000,
    "ebitdaratio": 0.6156712158,
    "operatingIncome": 113535000,
    "operatingIncomeRatio": 0.4320830257,
    "totalOtherIncomeExpensesNet": -113535000,
    "incomeBeforeTax": 0,
    "incomeBeforeTaxRatio": 0,
    "incomeTaxExpense": 0,
    "netIncome": 108266000,
    "netIncomeRatio": 0.4120306589,
    "eps": 0.85,
    "epsdiluted": 0.84,
    "weightedAverageShsOut": 127986000,
    "weightedAverageShsOutDil": 128618000,
    "link": "",
    "finalLink": ""
  },
  {
    "date": "2005-03-31",
    "symbol": "PSA",
    "reportedCurrency": "USD",
    "cik": "0001393311",
    "fillingDate": "2005-03-31",
    "acceptedDate": "2005-03-30 19:00:00",
    "calendarYear": "2005",
    "period": "Q1",
    "revenue": 250942000,
    "costOfRevenue": 95930000,
    "grossProfit": 155012000,
    "grossProfitRatio": 0.6177204294,
    "researchAndDevelopmentExpenses": 0,
    "generalAndAdministrativeExpenses": 5141000,
    "sellingAndMarketingExpenses": 0,
    "sellingGeneralAndAdministrativeExpenses": 5141000,
    "otherExpenses": 47938000,
    "operatingExpenses": 53079000,
    "costAndExpenses": 149009000,
    "interestIncome": 0,
    "interestExpense": 0,
    "depreciationAndAmortization": 47938000,
    "ebitda": 149871000,
    "ebitdaratio": 0.5972336237,
    "operatingIncome": 101933000,
    "operatingIncomeRatio": 0.406201433,
    "totalOtherIncomeExpensesNet": -101933000,
    "incomeBeforeTax": 0,
    "incomeBeforeTaxRatio": 0,
    "incomeTaxExpense": 0,
    "netIncome": 96411000,
    "netIncomeRatio": 0.3841963482,
    "eps": 0.75,
    "epsdiluted": 0.75,
    "weightedAverageShsOut": 128586000,
    "weightedAverageShsOutDil": 129175000,
    "link": "",
    "finalLink": ""
  },
  {
    "date": "2004-12-31",
    "symbol": "PSA",
    "reportedCurrency": "USD",
    "cik": "0001393311",
    "fillingDate": "2004-12-31",
    "acceptedDate": "2004-12-30 19:00:00",
    "calendarYear": "2004",
    "period": "Q4",
    "revenue": 240282000,
    "costOfRevenue": 83382000,
    "grossProfit": 156900000,
    "grossProfitRatio": 0.6529827453,
    "researchAndDevelopmentExpenses": 0,
    "generalAndAdministrativeExpenses": 2830000,
    "sellingAndMarketingExpenses": 0,
    "sellingGeneralAndAdministrativeExpenses": 2830000,
    "otherExpenses": 47633000,
    "operatingExpenses": 50463000,
    "costAndExpenses": 133845000,
    "interestIncome": 0,
    "interestExpense": 0,
    "depreciationAndAmortization": 47633000,
    "ebitda": 164133000,
    "ebitdaratio": 0.6830848753,
    "operatingIncome": 106437000,
    "operatingIncomeRatio": 0.4429670138,
    "totalOtherIncomeExpensesNet": -106437000,
    "incomeBeforeTax": 0,
    "incomeBeforeTaxRatio": 0,
    "incomeTaxExpense": 0,
    "netIncome": 107271000,
    "netIncomeRatio": 0.4464379354,
    "eps": 0.84,
    "epsdiluted": 0.83,
    "weightedAverageShsOut": 128439000,
    "weightedAverageShsOutDil": 128586000,
    "link": "",
    "finalLink": ""
  },
  {
    "date": "2004-09-30",
    "symbol": "PSA",
    "reportedCurrency": "USD",
    "cik": "0001393311",
    "fillingDate": "2004-09-30",
    "acceptedDate": "2004-09-29 20:00:00",
    "calendarYear": "2004",
    "period": "Q3",
    "revenue": 237008000,
    "costOfRevenue": 82310000,
    "grossProfit": 154698000,
    "grossProfitRatio": 0.6527121447,
    "researchAndDevelopmentExpenses": 0,
    "generalAndAdministrativeExpenses": 5527000,
    "sellingAndMarketingExpenses": 0,
    "sellingGeneralAndAdministrativeExpenses": 5527000,
    "otherExpenses": 44354000,
    "operatingExpenses": 49881000,
    "costAndExpenses": 132191000,
    "interestIncome": 0,
    "interestExpense": 0,
    "depreciationAndAmortization": 27820000,
    "ebitda": 149171000,
    "ebitdaratio": 0.6293922568,
    "operatingIncome": 104817000,
    "operatingIncomeRatio": 0.4422508945,
    "totalOtherIncomeExpensesNet": -104817000,
    "incomeBeforeTax": 0,
    "incomeBeforeTaxRatio": 0,
    "incomeTaxExpense": 0,
    "netIncome": 97515000,
    "netIncomeRatio": 0.4114418079,
    "eps": 0.76,
    "epsdiluted": 0.76,
    "weightedAverageShsOut": 128085000,
    "weightedAverageShsOutDil": 128826000,
    "link": "",
    "finalLink": ""
  },
  {
    "date": "2004-06-30",
    "symbol": "PSA",
    "reportedCurrency": "USD",
    "cik": "0001393311",
    "fillingDate": "2004-06-30",
    "acceptedDate": "2004-06-29 20:00:00",
    "calendarYear": "2004",
    "period": "Q2",
    "revenue": 229557000,
    "costOfRevenue": 82122000,
    "grossProfit": 147435000,
    "grossProfitRatio": 0.6422587854,
    "researchAndDevelopmentExpenses": 0,
    "generalAndAdministrativeExpenses": 4572000,
    "sellingAndMarketingExpenses": 0,
    "sellingGeneralAndAdministrativeExpenses": 4572000,
    "otherExpenses": 44683000,
    "operatingExpenses": 49255000,
    "costAndExpenses": 131377000,
    "interestIncome": 0,
    "interestExpense": 0,
    "depreciationAndAmortization": 61194000,
    "ebitda": 159374000,
    "ebitdaratio": 0.6942676547,
    "operatingIncome": 98180000,
    "operatingIncomeRatio": 0.4276933398,
    "totalOtherIncomeExpensesNet": -98180000,
    "incomeBeforeTax": 0,
    "incomeBeforeTaxRatio": 0,
    "incomeTaxExpense": 0,
    "netIncome": 92360000,
    "netIncomeRatio": 0.4023401595,
    "eps": 0.72,
    "epsdiluted": 0.72,
    "weightedAverageShsOut": 127632000,
    "weightedAverageShsOutDil": 128548000,
    "link": "",
    "finalLink": ""
  },
  {
    "date": "2004-03-31",
    "symbol": "PSA",
    "reportedCurrency": "USD",
    "cik": "0001393311",
    "fillingDate": "2004-03-31",
    "acceptedDate": "2004-03-30 19:00:00",
    "calendarYear": "2004",
    "period": "Q1",
    "revenue": 220797000,
    "costOfRevenue": 82599000,
    "grossProfit": 138198000,
    "grossProfitRatio": 0.6259052433,
    "researchAndDevelopmentExpenses": 0,
    "generalAndAdministrativeExpenses": 5884000,
    "sellingAndMarketingExpenses": 0,
    "sellingGeneralAndAdministrativeExpenses": 5884000,
    "otherExpenses": 46433000,
    "operatingExpenses": 52317000,
    "costAndExpenses": 134916000,
    "interestIncome": 0,
    "interestExpense": 0,
    "depreciationAndAmortization": 46433000,
    "ebitda": 132314000,
    "ebitdaratio": 0.5992563305,
    "operatingIncome": 85881000,
    "operatingIncomeRatio": 0.3889590891,
    "totalOtherIncomeExpensesNet": -85881000,
    "incomeBeforeTax": 0,
    "incomeBeforeTaxRatio": 0,
    "incomeTaxExpense": 0,
    "netIncome": 69067000,
    "netIncomeRatio": 0.3128076921,
    "eps": 0.54,
    "epsdiluted": 0.54,
    "weightedAverageShsOut": 127182000,
    "weightedAverageShsOutDil": 128387000,
    "link": "",
    "finalLink": ""
  },
  {
    "date": "2003-12-31",
    "symbol": "PSA",
    "reportedCurrency": "USD",
    "cik": "0001393311",
    "fillingDate": "2003-12-31",
    "acceptedDate": "2003-12-30 19:00:00",
    "calendarYear": "2003",
    "period": "Q4",
    "revenue": 221436000,
    "costOfRevenue": 82520000,
    "grossProfit": 138916000,
    "grossProfitRatio": 0.6273415343,
    "researchAndDevelopmentExpenses": 0,
    "generalAndAdministrativeExpenses": 3806000,
    "sellingAndMarketingExpenses": 0,
    "sellingGeneralAndAdministrativeExpenses": 3806000,
    "otherExpenses": 48118000,
    "operatingExpenses": 51924000,
    "costAndExpenses": 134444000,
    "interestIncome": 0,
    "interestExpense": 0,
    "depreciationAndAmortization": 75871000,
    "ebitda": 162863000,
    "ebitdaratio": 0.7354856482,
    "operatingIncome": 86992000,
    "operatingIncomeRatio": 0.3928539172,
    "totalOtherIncomeExpensesNet": -86992000,
    "incomeBeforeTax": 0,
    "incomeBeforeTaxRatio": 0,
    "incomeTaxExpense": 0,
    "netIncome": 85970000,
    "netIncomeRatio": 0.3882385881,
    "eps": 0.68,
    "epsdiluted": 0.68,
    "weightedAverageShsOut": 126504000,
    "weightedAverageShsOutDil": 127182000,
    "link": "",
    "finalLink": ""
  },
  {
    "date": "2003-09-30",
    "symbol": "PSA",
    "reportedCurrency": "USD",
    "cik": "0001393311",
    "fillingDate": "2003-09-30",
    "acceptedDate": "2003-09-29 20:00:00",
    "calendarYear": "2003",
    "period": "Q3",
    "revenue": 224842000,
    "costOfRevenue": 78951000,
    "grossProfit": 145891000,
    "grossProfitRatio": 0.6488600884,
    "researchAndDevelopmentExpenses": 0,
    "generalAndAdministrativeExpenses": 4642000,
    "sellingAndMarketingExpenses": 0,
    "sellingGeneralAndAdministrativeExpenses": 4642000,
    "otherExpenses": 45435000,
    "operatingExpenses": 50077000,
    "costAndExpenses": 129028000,
    "interestIncome": 0,
    "interestExpense": 0,
    "depreciationAndAmortization": 44722000,
    "ebitda": 141249000,
    "ebitdaratio": 0.6282144795,
    "operatingIncome": 95814000,
    "operatingIncomeRatio": 0.4261392444,
    "totalOtherIncomeExpensesNet": -95814000,
    "incomeBeforeTax": 0,
    "incomeBeforeTaxRatio": 0,
    "incomeTaxExpense": 0,
    "netIncome": 89747000,
    "netIncomeRatio": 0.3991558517,
    "eps": 0.71,
    "epsdiluted": 0.71,
    "weightedAverageShsOut": 125528000,
    "weightedAverageShsOutDil": 126802000,
    "link": "",
    "finalLink": ""
  },
  {
    "date": "2003-06-30",
    "symbol": "PSA",
    "reportedCurrency": "USD",
    "cik": "0001393311",
    "fillingDate": "2003-06-30",
    "acceptedDate": "2003-06-29 20:00:00",
    "calendarYear": "2003",
    "period": "Q2",
    "revenue": 216949000,
    "costOfRevenue": 79713000,
    "grossProfit": 137236000,
    "grossProfitRatio": 0.6325726323,
    "researchAndDevelopmentExpenses": 0,
    "generalAndAdministrativeExpenses": 4429000,
    "sellingAndMarketingExpenses": 0,
    "sellingGeneralAndAdministrativeExpenses": 4429000,
    "otherExpenses": 45681000,
    "operatingExpenses": 50110000,
    "costAndExpenses": 129823000,
    "interestIncome": 0,
    "interestExpense": 0,
    "depreciationAndAmortization": 45681000,
    "ebitda": 132807000,
    "ebitdaratio": 0.612157696,
    "operatingIncome": 87126000,
    "operatingIncomeRatio": 0.4015966886,
    "totalOtherIncomeExpensesNet": -87126000,
    "incomeBeforeTax": 0,
    "incomeBeforeTaxRatio": 0,
    "incomeTaxExpense": 0,
    "netIncome": 84297000,
    "netIncomeRatio": 0.3885567576,
    "eps": 0.68,
    "epsdiluted": 0.67,
    "weightedAverageShsOut": 124599000,
    "weightedAverageShsOutDil": 125854000,
    "link": "",
    "finalLink": ""
  },
  {
    "date": "2003-03-31",
    "symbol": "PSA",
    "reportedCurrency": "USD",
    "cik": "0001393311",
    "fillingDate": "2003-03-31",
    "acceptedDate": "2003-03-30 19:00:00",
    "calendarYear": "2003",
    "period": "Q1",
    "revenue": 206698000,
    "costOfRevenue": 73829000,
    "grossProfit": 132869000,
    "grossProfitRatio": 0.6428170568,
    "researchAndDevelopmentExpenses": 0,
    "generalAndAdministrativeExpenses": 4250000,
    "sellingAndMarketingExpenses": 0,
    "sellingGeneralAndAdministrativeExpenses": 4250000,
    "otherExpenses": 45367000,
    "operatingExpenses": 49617000,
    "costAndExpenses": 123446000,
    "interestIncome": 0,
    "interestExpense": 0,
    "depreciationAndAmortization": 45367000,
    "ebitda": 128619000,
    "ebitdaratio": 0.622255658,
    "operatingIncome": 83252000,
    "operatingIncomeRatio": 0.4027711928,
    "totalOtherIncomeExpensesNet": -83252000,
    "incomeBeforeTax": 0,
    "incomeBeforeTaxRatio": 0,
    "incomeTaxExpense": 0,
    "netIncome": 76639000,
    "netIncomeRatio": 0.3707776563,
    "eps": 0.62,
    "epsdiluted": 0.61,
    "weightedAverageShsOut": 124078000,
    "weightedAverageShsOutDil": 125232000,
    "link": "",
    "finalLink": ""
  },
  {
    "date": "2002-12-31",
    "symbol": "PSA",
    "reportedCurrency": "USD",
    "cik": "0001393311",
    "fillingDate": "2002-12-31",
    "acceptedDate": "2002-12-30 19:00:00",
    "calendarYear": "2002",
    "period": "Q4",
    "revenue": 201930000,
    "costOfRevenue": 76647000,
    "grossProfit": 125283000,
    "grossProfitRatio": 0.620427871,
    "researchAndDevelopmentExpenses": 0,
    "generalAndAdministrativeExpenses": 3346000,
    "sellingAndMarketingExpenses": 0,
    "sellingGeneralAndAdministrativeExpenses": 3346000,
    "otherExpenses": 44577000,
    "operatingExpenses": 47923000,
    "costAndExpenses": 124570000,
    "interestIncome": 0,
    "interestExpense": 0,
    "depreciationAndAmortization": 71655000,
    "ebitda": 149015000,
    "ebitdaratio": 0.7379537463,
    "operatingIncome": 77360000,
    "operatingIncomeRatio": 0.3831030555,
    "totalOtherIncomeExpensesNet": -77360000,
    "incomeBeforeTax": 0,
    "incomeBeforeTaxRatio": 0,
    "incomeTaxExpense": 0,
    "netIncome": 67214000,
    "netIncomeRatio": 0.3328579211,
    "eps": 0.54,
    "epsdiluted": 0.54,
    "weightedAverageShsOut": 123899000,
    "weightedAverageShsOutDil": 124078000,
    "link": "",
    "finalLink": ""
  },
  {
    "date": "2002-09-30",
    "symbol": "PSA",
    "reportedCurrency": "USD",
    "cik": "0001393311",
    "fillingDate": "2002-09-30",
    "acceptedDate": "2002-09-29 20:00:00",
    "calendarYear": "2002",
    "period": "Q3",
    "revenue": 215386000,
    "costOfRevenue": 73238000,
    "grossProfit": 142148000,
    "grossProfitRatio": 0.6599686145,
    "researchAndDevelopmentExpenses": 0,
    "generalAndAdministrativeExpenses": 3968000,
    "sellingAndMarketingExpenses": 0,
    "sellingGeneralAndAdministrativeExpenses": 3968000,
    "otherExpenses": 44732000,
    "operatingExpenses": 48700000,
    "costAndExpenses": 121938000,
    "interestIncome": 0,
    "interestExpense": 0,
    "depreciationAndAmortization": 43137000,
    "ebitda": 138180000,
    "ebitdaratio": 0.6415458758,
    "operatingIncome": 93448000,
    "operatingIncomeRatio": 0.4338629252,
    "totalOtherIncomeExpensesNet": -93448000,
    "incomeBeforeTax": 0,
    "incomeBeforeTaxRatio": 0,
    "incomeTaxExpense": 0,
    "netIncome": 83351000,
    "netIncomeRatio": 0.386984298,
    "eps": 0.68,
    "epsdiluted": 0.67,
    "weightedAverageShsOut": 123341000,
    "weightedAverageShsOutDil": 124784000,
    "link": "",
    "finalLink": ""
  },
  {
    "date": "2002-06-30",
    "symbol": "PSA",
    "reportedCurrency": "USD",
    "cik": "0001393311",
    "fillingDate": "2002-06-30",
    "acceptedDate": "2002-06-29 20:00:00",
    "calendarYear": "2002",
    "period": "Q2",
    "revenue": 212541000,
    "costOfRevenue": 125158000,
    "grossProfit": 87383000,
    "grossProfitRatio": 0.4111347928,
    "researchAndDevelopmentExpenses": 0,
    "generalAndAdministrativeExpenses": 4305000,
    "sellingAndMarketingExpenses": 0,
    "sellingGeneralAndAdministrativeExpenses": 4305000,
    "otherExpenses": -4305000,
    "operatingExpenses": 0,
    "costAndExpenses": 125158000,
    "interestIncome": 0,
    "interestExpense": 0,
    "depreciationAndAmortization": 46052000,
    "ebitda": 133435000,
    "ebitdaratio": 0.6278082817,
    "operatingIncome": 87383000,
    "operatingIncomeRatio": 0.4111347928,
    "totalOtherIncomeExpensesNet": -87383000,
    "incomeBeforeTax": 0,
    "incomeBeforeTaxRatio": 0,
    "incomeTaxExpense": 0,
    "netIncome": 80718000,
    "netIncomeRatio": 0.3797761373,
    "eps": 0.66,
    "epsdiluted": 0.65,
    "weightedAverageShsOut": 122821000,
    "weightedAverageShsOutDil": 124824000,
    "link": "",
    "finalLink": ""
  },
  {
    "date": "2002-03-31",
    "symbol": "PSA",
    "reportedCurrency": "USD",
    "cik": "0001393311",
    "fillingDate": "2002-03-31",
    "acceptedDate": "2002-03-30 19:00:00",
    "calendarYear": "2002",
    "period": "Q1",
    "revenue": 216975000,
    "costOfRevenue": 71320000,
    "grossProfit": 145655000,
    "grossProfitRatio": 0.6712985367,
    "researchAndDevelopmentExpenses": 0,
    "generalAndAdministrativeExpenses": 4000000,
    "sellingAndMarketingExpenses": 0,
    "sellingGeneralAndAdministrativeExpenses": 4000000,
    "otherExpenses": 43997000,
    "operatingExpenses": 47997000,
    "costAndExpenses": 119317000,
    "interestIncome": 0,
    "interestExpense": 0,
    "depreciationAndAmortization": 43997000,
    "ebitda": 141655000,
    "ebitdaratio": 0.6528632331,
    "operatingIncome": 97658000,
    "operatingIncomeRatio": 0.4500887199,
    "totalOtherIncomeExpensesNet": -97658000,
    "incomeBeforeTax": 0,
    "incomeBeforeTaxRatio": 0,
    "incomeTaxExpense": 0,
    "netIncome": 87455000,
    "netIncomeRatio": 0.4030648692,
    "eps": 0.72,
    "epsdiluted": 0.7,
    "weightedAverageShsOut": 121946000,
    "weightedAverageShsOutDil": 124065000,
    "link": "",
    "finalLink": ""
  },
  {
    "date": "2001-12-31",
    "symbol": "PSA",
    "reportedCurrency": "USD",
    "cik": "0001393311",
    "fillingDate": "2001-12-31",
    "acceptedDate": "2001-12-30 19:00:00",
    "calendarYear": "2001",
    "period": "Q4",
    "revenue": 213659000,
    "costOfRevenue": -67962000,
    "grossProfit": 281621000,
    "grossProfitRatio": 1.3180862964,
    "researchAndDevelopmentExpenses": 0,
    "generalAndAdministrativeExpenses": 4489000,
    "sellingAndMarketingExpenses": 0,
    "sellingGeneralAndAdministrativeExpenses": 4489000,
    "otherExpenses": 184610000,
    "operatingExpenses": 189099000,
    "costAndExpenses": 121137000,
    "interestIncome": 0,
    "interestExpense": 0,
    "depreciationAndAmortization": 69511000,
    "ebitda": 162033000,
    "ebitdaratio": 0.7583719853,
    "operatingIncome": 92522000,
    "operatingIncomeRatio": 0.4330358188,
    "totalOtherIncomeExpensesNet": -92522000,
    "incomeBeforeTax": 0,
    "incomeBeforeTaxRatio": 0,
    "incomeTaxExpense": 0,
    "netIncome": 84196000,
    "netIncomeRatio": 0.3940671818,
    "eps": 0.7,
    "epsdiluted": 0.69,
    "weightedAverageShsOut": 120387000,
    "weightedAverageShsOutDil": 121946000,
    "link": "",
    "finalLink": ""
  },
  {
    "date": "2001-09-30",
    "symbol": "PSA",
    "reportedCurrency": "USD",
    "cik": "0001393311",
    "fillingDate": "2001-09-30",
    "acceptedDate": "2001-09-29 20:00:00",
    "calendarYear": "2001",
    "period": "Q3",
    "revenue": 214097000,
    "costOfRevenue": 119187000,
    "grossProfit": 96532000,
    "grossProfitRatio": 0.4508797414,
    "researchAndDevelopmentExpenses": 0,
    "generalAndAdministrativeExpenses": 5965000,
    "sellingAndMarketingExpenses": 0,
    "sellingGeneralAndAdministrativeExpenses": 5965000,
    "otherExpenses": -7587000,
    "operatingExpenses": -1622000,
    "costAndExpenses": 117565000,
    "interestIncome": 0,
    "interestExpense": 0,
    "depreciationAndAmortization": 59969000,
    "ebitda": 385599000,
    "ebitdaratio": 1.801048123,
    "operatingIncome": 96532000,
    "operatingIncomeRatio": 0.4508797414,
    "totalOtherIncomeExpensesNet": -96532000,
    "incomeBeforeTax": 0,
    "incomeBeforeTaxRatio": 0,
    "incomeTaxExpense": 0,
    "netIncome": 83604000,
    "netIncomeRatio": 0.3904958967,
    "eps": 0.7,
    "epsdiluted": 0.69,
    "weightedAverageShsOut": 120092000,
    "weightedAverageShsOutDil": 121754000,
    "link": "",
    "finalLink": ""
  },
  {
    "date": "2001-06-30",
    "symbol": "PSA",
    "reportedCurrency": "USD",
    "cik": "0001393311",
    "fillingDate": "2001-06-30",
    "acceptedDate": "2001-06-29 20:00:00",
    "calendarYear": "2001",
    "period": "Q2",
    "revenue": 207428000,
    "costOfRevenue": 112859000,
    "grossProfit": 94569000,
    "grossProfitRatio": 0.455912413,
    "researchAndDevelopmentExpenses": 0,
    "generalAndAdministrativeExpenses": 5000000,
    "sellingAndMarketingExpenses": 0,
    "sellingGeneralAndAdministrativeExpenses": 5000000,
    "otherExpenses": -5000000,
    "operatingExpenses": 0,
    "costAndExpenses": 112859000,
    "interestIncome": 0,
    "interestExpense": 0,
    "depreciationAndAmortization": 41323000,
    "ebitda": 135892000,
    "ebitdaratio": 0.6551285265,
    "operatingIncome": 94569000,
    "operatingIncomeRatio": 0.455912413,
    "totalOtherIncomeExpensesNet": -94569000,
    "incomeBeforeTax": 0,
    "incomeBeforeTaxRatio": 0,
    "incomeTaxExpense": 0,
    "netIncome": 81773000,
    "netIncomeRatio": 0.3942235378,
    "eps": 0.68,
    "epsdiluted": 0.67,
    "weightedAverageShsOut": 120734000,
    "weightedAverageShsOutDil": 121639000,
    "link": "",
    "finalLink": ""
  },
  {
    "date": "2001-03-31",
    "symbol": "PSA",
    "reportedCurrency": "USD",
    "cik": "0001393311",
    "fillingDate": "2001-03-31",
    "acceptedDate": "2001-03-30 19:00:00",
    "calendarYear": "2001",
    "period": "Q1",
    "revenue": 197839000,
    "costOfRevenue": 66897000,
    "grossProfit": 130942000,
    "grossProfitRatio": 0.6618614126,
    "researchAndDevelopmentExpenses": 0,
    "generalAndAdministrativeExpenses": 5584000,
    "sellingAndMarketingExpenses": 0,
    "sellingGeneralAndAdministrativeExpenses": 5584000,
    "otherExpenses": 39622000,
    "operatingExpenses": 45206000,
    "costAndExpenses": 112103000,
    "interestIncome": 0,
    "interestExpense": 0,
    "depreciationAndAmortization": 39622000,
    "ebitda": 125358000,
    "ebitdaratio": 0.6336364418,
    "operatingIncome": 85736000,
    "operatingIncomeRatio": 0.4333624816,
    "totalOtherIncomeExpensesNet": -85736000,
    "incomeBeforeTax": 0,
    "incomeBeforeTaxRatio": 0,
    "incomeTaxExpense": 0,
    "netIncome": 74635000,
    "netIncomeRatio": 0.3772511992,
    "eps": 0.58,
    "epsdiluted": 0.58,
    "weightedAverageShsOut": 128114000,
    "weightedAverageShsOutDil": 128699000,
    "link": "",
    "finalLink": ""
  },
  {
    "date": "2000-12-31",
    "symbol": "PSA",
    "reportedCurrency": "USD",
    "cik": "0001393311",
    "fillingDate": "2000-12-31",
    "acceptedDate": "2000-12-30 19:00:00",
    "calendarYear": "2000",
    "period": "Q4",
    "revenue": 196599000,
    "costOfRevenue": -56251000,
    "grossProfit": 252850000,
    "grossProfitRatio": 1.2861204787,
    "researchAndDevelopmentExpenses": 0,
    "generalAndAdministrativeExpenses": 7249000,
    "sellingAndMarketingExpenses": 0,
    "sellingGeneralAndAdministrativeExpenses": 7249000,
    "otherExpenses": 163024000,
    "operatingExpenses": 170273000,
    "costAndExpenses": 114022000,
    "interestIncome": 0,
    "interestExpense": 0,
    "depreciationAndAmortization": 39458000,
    "ebitda": 118249000,
    "ebitdaratio": 0.6014730492,
    "operatingIncome": 82577000,
    "operatingIncomeRatio": 0.4200275688,
    "totalOtherIncomeExpensesNet": -82577000,
    "incomeBeforeTax": 0,
    "incomeBeforeTaxRatio": 0,
    "incomeTaxExpense": 0,
    "netIncome": 74572000,
    "netIncomeRatio": 0.3793101694,
    "eps": 0.58,
    "epsdiluted": 0.58,
    "weightedAverageShsOut": 128114000,
    "weightedAverageShsOutDil": 128114000,
    "link": "",
    "finalLink": ""
  },
  {
    "date": "2000-09-30",
    "symbol": "PSA",
    "reportedCurrency": "USD",
    "cik": "0001393311",
    "fillingDate": "2000-09-30",
    "acceptedDate": "2000-09-29 20:00:00",
    "calendarYear": "2000",
    "period": "Q3",
    "revenue": 195966000,
    "costOfRevenue": 107977000,
    "grossProfit": 87989000,
    "grossProfitRatio": 0.4490013574,
    "researchAndDevelopmentExpenses": 0,
    "generalAndAdministrativeExpenses": 5436000,
    "sellingAndMarketingExpenses": 0,
    "sellingGeneralAndAdministrativeExpenses": 5436000,
    "otherExpenses": -5436000,
    "operatingExpenses": 0,
    "costAndExpenses": 107977000,
    "interestIncome": 0,
    "interestExpense": 0,
    "depreciationAndAmortization": 27601000,
    "ebitda": 115590000,
    "ebitdaratio": 0.5898472184,
    "operatingIncome": 87989000,
    "operatingIncomeRatio": 0.4490013574,
    "totalOtherIncomeExpensesNet": -87989000,
    "incomeBeforeTax": 0,
    "incomeBeforeTaxRatio": 0,
    "incomeTaxExpense": 0,
    "netIncome": 75652000,
    "netIncomeRatio": 0.3860465591,
    "eps": 0.58,
    "epsdiluted": 0.58,
    "weightedAverageShsOut": 131084000,
    "weightedAverageShsOutDil": 131261000,
    "link": "",
    "finalLink": ""
  },
  {
    "date": "2000-06-30",
    "symbol": "PSA",
    "reportedCurrency": "USD",
    "cik": "0001393311",
    "fillingDate": "2000-06-30",
    "acceptedDate": "2000-06-29 20:00:00",
    "calendarYear": "2000",
    "period": "Q2",
    "revenue": 188150000,
    "costOfRevenue": 102121000,
    "grossProfit": 86029000,
    "grossProfitRatio": 0.4572362477,
    "researchAndDevelopmentExpenses": 0,
    "generalAndAdministrativeExpenses": 5576000,
    "sellingAndMarketingExpenses": 0,
    "sellingGeneralAndAdministrativeExpenses": 5576000,
    "otherExpenses": -102121000,
    "operatingExpenses": -96545000,
    "costAndExpenses": 5576000,
    "interestIncome": 0,
    "interestExpense": 0,
    "depreciationAndAmortization": 40842000,
    "ebitda": 325537000,
    "ebitdaratio": 1.7301993091,
    "operatingIncome": 86029000,
    "operatingIncomeRatio": 0.4572362477,
    "totalOtherIncomeExpensesNet": -86029000,
    "incomeBeforeTax": 0,
    "incomeBeforeTaxRatio": 0,
    "incomeTaxExpense": 0,
    "netIncome": 74303000,
    "netIncomeRatio": 0.3949136327,
    "eps": 0.56,
    "epsdiluted": 0.56,
    "weightedAverageShsOut": 131588000,
    "weightedAverageShsOutDil": 131734000,
    "link": "",
    "finalLink": ""
  },
  {
    "date": "2000-03-31",
    "symbol": "PSA",
    "reportedCurrency": "USD",
    "cik": "0001393311",
    "fillingDate": "2000-03-31",
    "acceptedDate": "2000-03-30 19:00:00",
    "calendarYear": "2000",
    "period": "Q1",
    "revenue": 176595000,
    "costOfRevenue": 59160000,
    "grossProfit": 117435000,
    "grossProfitRatio": 0.6649961777,
    "researchAndDevelopmentExpenses": 0,
    "generalAndAdministrativeExpenses": 3045000,
    "sellingAndMarketingExpenses": 0,
    "sellingGeneralAndAdministrativeExpenses": 3045000,
    "otherExpenses": 36034000,
    "operatingExpenses": 39079000,
    "costAndExpenses": 98239000,
    "interestIncome": 0,
    "interestExpense": 0,
    "depreciationAndAmortization": 41066000,
    "ebitda": 312855000,
    "ebitdaratio": 1.7715960248,
    "operatingIncome": 78356000,
    "operatingIncomeRatio": 0.4437045216,
    "totalOtherIncomeExpensesNet": -78356000,
    "incomeBeforeTax": 0,
    "incomeBeforeTaxRatio": 0,
    "incomeTaxExpense": 0,
    "netIncome": 72561000,
    "netIncomeRatio": 0.410889323,
    "eps": 0.55,
    "epsdiluted": 0.55,
    "weightedAverageShsOut": 132781000,
    "weightedAverageShsOutDil": 132902000,
    "link": "",
    "finalLink": ""
  },
  {
    "date": "1999-12-31",
    "symbol": "PSA",
    "reportedCurrency": "USD",
    "cik": "0001393311",
    "fillingDate": "1999-12-31",
    "acceptedDate": "1999-12-30 19:00:00",
    "calendarYear": "1999",
    "period": "Q4",
    "revenue": 177534000,
    "costOfRevenue": 0,
    "grossProfit": 177534000,
    "grossProfitRatio": 1,
    "researchAndDevelopmentExpenses": 0,
    "generalAndAdministrativeExpenses": 3091000,
    "sellingAndMarketingExpenses": 0,
    "sellingGeneralAndAdministrativeExpenses": 3091000,
    "otherExpenses": 625735000,
    "operatingExpenses": 628826000,
    "costAndExpenses": 628826000,
    "interestIncome": 0,
    "interestExpense": 0,
    "depreciationAndAmortization": 41440000,
    "ebitda": -409852000,
    "ebitdaratio": -2.3085831446,
    "operatingIncome": -451292000,
    "operatingIncomeRatio": -2.5420032219,
    "totalOtherIncomeExpensesNet": 451292000,
    "incomeBeforeTax": 0,
    "incomeBeforeTaxRatio": 0,
    "incomeTaxExpense": 0,
    "netIncome": 75685000,
    "netIncomeRatio": 0.4263127063,
    "eps": 0.57,
    "epsdiluted": 0.57,
    "weightedAverageShsOut": 127287574,
    "weightedAverageShsOutDil": 132781000,
    "link": "",
    "finalLink": ""
  },
  {
    "date": "1999-09-30",
    "symbol": "PSA",
    "reportedCurrency": "USD",
    "cik": "0001393311",
    "fillingDate": "1999-09-30",
    "acceptedDate": "1999-09-29 20:00:00",
    "calendarYear": "1999",
    "period": "Q3",
    "revenue": 179000000,
    "costOfRevenue": 0,
    "grossProfit": 179000000,
    "grossProfitRatio": 1,
    "researchAndDevelopmentExpenses": 0,
    "generalAndAdministrativeExpenses": 4000000,
    "sellingAndMarketingExpenses": 0,
    "sellingGeneralAndAdministrativeExpenses": 4000000,
    "otherExpenses": -95600000,
    "operatingExpenses": -91600000,
    "costAndExpenses": -91600000,
    "interestIncome": 0,
    "interestExpense": 0,
    "depreciationAndAmortization": 43900000,
    "ebitda": 314500000,
    "ebitdaratio": 1.7569832402,
    "operatingIncome": 270600000,
    "operatingIncomeRatio": 1.5117318436,
    "totalOtherIncomeExpensesNet": -270600000,
    "incomeBeforeTax": 0,
    "incomeBeforeTaxRatio": 0,
    "incomeTaxExpense": 0,
    "netIncome": 76800000,
    "netIncomeRatio": 0.4290502793,
    "eps": 0.41,
    "epsdiluted": 0.4,
    "weightedAverageShsOut": 185616438,
    "weightedAverageShsOutDil": 185616438,
    "link": "",
    "finalLink": ""
  },
  {
    "date": "1999-06-30",
    "symbol": "PSA",
    "reportedCurrency": "USD",
    "cik": "0001393311",
    "fillingDate": "1999-06-30",
    "acceptedDate": "1999-06-29 20:00:00",
    "calendarYear": "1999",
    "period": "Q2",
    "revenue": 172300000,
    "costOfRevenue": 0,
    "grossProfit": 172300000,
    "grossProfitRatio": 1,
    "researchAndDevelopmentExpenses": 0,
    "generalAndAdministrativeExpenses": 2600000,
    "sellingAndMarketingExpenses": 0,
    "sellingGeneralAndAdministrativeExpenses": 2600000,
    "otherExpenses": -91900000,
    "operatingExpenses": -89300000,
    "costAndExpenses": -89300000,
    "interestIncome": 0,
    "interestExpense": 0,
    "depreciationAndAmortization": 37815000,
    "ebitda": 299415000,
    "ebitdaratio": 1.7377539176,
    "operatingIncome": 261600000,
    "operatingIncomeRatio": 1.5182820662,
    "totalOtherIncomeExpensesNet": -261600000,
    "incomeBeforeTax": 0,
    "incomeBeforeTaxRatio": 0,
    "incomeTaxExpense": 0,
    "netIncome": 73700000,
    "netIncomeRatio": 0.4277423099,
    "eps": 0.39,
    "epsdiluted": 0.39,
    "weightedAverageShsOut": 188974359,
    "weightedAverageShsOutDil": 188974359,
    "link": "",
    "finalLink": ""
  },
  {
    "date": "1999-03-31",
    "symbol": "PSA",
    "reportedCurrency": "USD",
    "cik": "0001393311",
    "fillingDate": "1999-03-31",
    "acceptedDate": "1999-03-30 19:00:00",
    "calendarYear": "1999",
    "period": "Q1",
    "revenue": 148015000,
    "costOfRevenue": 0,
    "grossProfit": 148015000,
    "grossProfitRatio": 1,
    "researchAndDevelopmentExpenses": 0,
    "generalAndAdministrativeExpenses": 2362000,
    "sellingAndMarketingExpenses": 0,
    "sellingGeneralAndAdministrativeExpenses": 2362000,
    "otherExpenses": -81616000,
    "operatingExpenses": -79254000,
    "costAndExpenses": -79254000,
    "interestIncome": 0,
    "interestExpense": 0,
    "depreciationAndAmortization": 34285000,
    "ebitda": 261554000,
    "ebitdaratio": 1.767077661,
    "operatingIncome": 227269000,
    "operatingIncomeRatio": 1.5354457319,
    "totalOtherIncomeExpensesNet": -227269000,
    "incomeBeforeTax": 0,
    "incomeBeforeTaxRatio": 0,
    "incomeTaxExpense": 0,
    "netIncome": 61842000,
    "netIncomeRatio": 0.4178090058,
    "eps": 0.34,
    "epsdiluted": 0.34,
    "weightedAverageShsOut": 118624000,
    "weightedAverageShsOutDil": 119014000,
    "link": "",
    "finalLink": ""
  },
  {
    "date": "1998-12-31",
    "symbol": "PSA",
    "reportedCurrency": "USD",
    "cik": "0001393311",
    "fillingDate": "1998-12-31",
    "acceptedDate": "1998-12-30 19:00:00",
    "calendarYear": "1998",
    "period": "Q4",
    "revenue": 148551000,
    "costOfRevenue": 0,
    "grossProfit": 148551000,
    "grossProfitRatio": 1,
    "researchAndDevelopmentExpenses": 0,
    "generalAndAdministrativeExpenses": 1772000,
    "sellingAndMarketingExpenses": 0,
    "sellingGeneralAndAdministrativeExpenses": 1772000,
    "otherExpenses": 567963000,
    "operatingExpenses": 569735000,
    "costAndExpenses": 569735000,
    "interestIncome": 0,
    "interestExpense": 0,
    "depreciationAndAmortization": 31866000,
    "ebitda": -389318000,
    "ebitdaratio": -2.6207699713,
    "operatingIncome": -421184000,
    "operatingIncomeRatio": -2.835282159,
    "totalOtherIncomeExpensesNet": 421184000,
    "incomeBeforeTax": 0,
    "incomeBeforeTaxRatio": 0,
    "incomeTaxExpense": 0,
    "netIncome": 59219000,
    "netIncomeRatio": 0.3986442367,
    "eps": 0.46,
    "epsdiluted": 0.46,
    "weightedAverageShsOut": 122967000,
    "weightedAverageShsOutDil": 128780769,
    "link": "",
    "finalLink": ""
  },
  {
    "date": "1998-09-30",
    "symbol": "PSA",
    "reportedCurrency": "USD",
    "cik": "0001393311",
    "fillingDate": "1998-09-30",
    "acceptedDate": "1998-09-29 20:00:00",
    "calendarYear": "1998",
    "period": "Q3",
    "revenue": 150000000,
    "costOfRevenue": 0,
    "grossProfit": 150000000,
    "grossProfitRatio": 1,
    "researchAndDevelopmentExpenses": 0,
    "generalAndAdministrativeExpenses": 2700000,
    "sellingAndMarketingExpenses": 0,
    "sellingGeneralAndAdministrativeExpenses": 2700000,
    "otherExpenses": -81300000,
    "operatingExpenses": -78600000,
    "costAndExpenses": -78600000,
    "interestIncome": 0,
    "interestExpense": 0,
    "depreciationAndAmortization": 29400000,
    "ebitda": 258000000,
    "ebitdaratio": 1.72,
    "operatingIncome": 228600000,
    "operatingIncomeRatio": 1.524,
    "totalOtherIncomeExpensesNet": -228600000,
    "incomeBeforeTax": 0,
    "incomeBeforeTaxRatio": 0,
    "incomeTaxExpense": 0,
    "netIncome": 62300000,
    "netIncomeRatio": 0.4153333333,
    "eps": 0.37,
    "epsdiluted": 0.37,
    "weightedAverageShsOut": 122714000,
    "weightedAverageShsOutDil": 122714000,
    "link": "",
    "finalLink": ""
  },
  {
    "date": "1998-06-30",
    "symbol": "PSA",
    "reportedCurrency": "USD",
    "cik": "0001393311",
    "fillingDate": "1998-06-30",
    "acceptedDate": "1998-06-29 20:00:00",
    "calendarYear": "1998",
    "period": "Q2",
    "revenue": 141100000,
    "costOfRevenue": 0,
    "grossProfit": 141100000,
    "grossProfitRatio": 1,
    "researchAndDevelopmentExpenses": 0,
    "generalAndAdministrativeExpenses": 2200000,
    "sellingAndMarketingExpenses": 0,
    "sellingGeneralAndAdministrativeExpenses": 2200000,
    "otherExpenses": -78600000,
    "operatingExpenses": -76400000,
    "costAndExpenses": -76400000,
    "interestIncome": 0,
    "interestExpense": 0,
    "depreciationAndAmortization": 30000000,
    "ebitda": 247500000,
    "ebitdaratio": 1.754075124,
    "operatingIncome": 217500000,
    "operatingIncomeRatio": 1.5414599575,
    "totalOtherIncomeExpensesNet": -217500000,
    "incomeBeforeTax": 0,
    "incomeBeforeTaxRatio": 0,
    "incomeTaxExpense": 0,
    "netIncome": 57200000,
    "netIncomeRatio": 0.4053862509,
    "eps": 0.33,
    "epsdiluted": 0.32,
    "weightedAverageShsOut": 121189000,
    "weightedAverageShsOutDil": 121189000,
    "link": "",
    "finalLink": ""
  },
  {
    "date": "1998-03-31",
    "symbol": "PSA",
    "reportedCurrency": "USD",
    "cik": "0001393311",
    "fillingDate": "1998-03-31",
    "acceptedDate": "1998-03-30 19:00:00",
    "calendarYear": "1998",
    "period": "Q1",
    "revenue": 142700000,
    "costOfRevenue": 0,
    "grossProfit": 142700000,
    "grossProfitRatio": 1,
    "researchAndDevelopmentExpenses": 0,
    "generalAndAdministrativeExpenses": 2300000,
    "sellingAndMarketingExpenses": 0,
    "sellingGeneralAndAdministrativeExpenses": 2300000,
    "otherExpenses": -86600000,
    "operatingExpenses": -84300000,
    "costAndExpenses": -84300000,
    "interestIncome": 0,
    "interestExpense": 0,
    "depreciationAndAmortization": 30100000,
    "ebitda": 257100000,
    "ebitdaratio": 1.80168185,
    "operatingIncome": 227000000,
    "operatingIncomeRatio": 1.5907498248,
    "totalOtherIncomeExpensesNet": -227000000,
    "incomeBeforeTax": 0,
    "incomeBeforeTaxRatio": 0,
    "incomeTaxExpense": 0,
    "netIncome": 48400000,
    "netIncomeRatio": 0.3391730904,
    "eps": 0.26,
    "epsdiluted": 0.26,
    "weightedAverageShsOut": 119582000,
    "weightedAverageShsOutDil": 119582000,
    "link": "",
    "finalLink": ""
  },
  {
    "date": "1997-12-31",
    "symbol": "PSA",
    "reportedCurrency": "USD",
    "cik": "0001393311",
    "fillingDate": "1997-12-31",
    "acceptedDate": "1997-12-30 19:00:00",
    "calendarYear": "1997",
    "period": "Q4",
    "revenue": 134144000,
    "costOfRevenue": 0,
    "grossProfit": 134144000,
    "grossProfitRatio": 1,
    "researchAndDevelopmentExpenses": 0,
    "generalAndAdministrativeExpenses": 1184000,
    "sellingAndMarketingExpenses": 0,
    "sellingGeneralAndAdministrativeExpenses": 1184000,
    "otherExpenses": 283149000,
    "operatingExpenses": 284333000,
    "costAndExpenses": 284333000,
    "interestIncome": 0,
    "interestExpense": 0,
    "depreciationAndAmortization": 17856000,
    "ebitda": -132333000,
    "ebitdaratio": -0.9864995825,
    "operatingIncome": -150189000,
    "operatingIncomeRatio": -1.1196102696,
    "totalOtherIncomeExpensesNet": 150189000,
    "incomeBeforeTax": 0,
    "incomeBeforeTaxRatio": 0,
    "incomeTaxExpense": 0,
    "netIncome": 45549000,
    "netIncomeRatio": 0.3395530177,
    "eps": 0.38,
    "epsdiluted": 0.38,
    "weightedAverageShsOut": 119582000,
    "weightedAverageShsOutDil": 119582000,
    "link": "",
    "finalLink": ""
  },
  {
    "date": "1997-09-30",
    "symbol": "PSA",
    "reportedCurrency": "USD",
    "cik": "0001393311",
    "fillingDate": "1997-09-30",
    "acceptedDate": "1997-09-29 20:00:00",
    "calendarYear": "1997",
    "period": "Q3",
    "revenue": 126400000,
    "costOfRevenue": 0,
    "grossProfit": 126400000,
    "grossProfitRatio": 1,
    "researchAndDevelopmentExpenses": 0,
    "generalAndAdministrativeExpenses": 1900000,
    "sellingAndMarketingExpenses": 0,
    "sellingGeneralAndAdministrativeExpenses": 1900000,
    "otherExpenses": -74900000,
    "operatingExpenses": -73000000,
    "costAndExpenses": -73000000,
    "interestIncome": 0,
    "interestExpense": 0,
    "depreciationAndAmortization": 26300000,
    "ebitda": 225700000,
    "ebitdaratio": 1.7856012658,
    "operatingIncome": 199400000,
    "operatingIncomeRatio": 1.5775316456,
    "totalOtherIncomeExpensesNet": -199400000,
    "incomeBeforeTax": 0,
    "incomeBeforeTaxRatio": 0,
    "incomeTaxExpense": 0,
    "netIncome": 46500000,
    "netIncomeRatio": 0.3678797468,
    "eps": 0.45,
    "epsdiluted": 0.45,
    "weightedAverageShsOut": 104444444,
    "weightedAverageShsOutDil": 104444444,
    "link": "",
    "finalLink": ""
  },
  {
    "date": "1997-06-30",
    "symbol": "PSA",
    "reportedCurrency": "USD",
    "cik": "0001393311",
    "fillingDate": "1997-06-30",
    "acceptedDate": "1997-06-29 20:00:00",
    "calendarYear": "1997",
    "period": "Q2",
    "revenue": 109400000,
    "costOfRevenue": 0,
    "grossProfit": 109400000,
    "grossProfitRatio": 1,
    "researchAndDevelopmentExpenses": 0,
    "generalAndAdministrativeExpenses": 1700000,
    "sellingAndMarketingExpenses": 0,
    "sellingGeneralAndAdministrativeExpenses": 1700000,
    "otherExpenses": -60600000,
    "operatingExpenses": -58900000,
    "costAndExpenses": -58900000,
    "interestIncome": 0,
    "interestExpense": 0,
    "depreciationAndAmortization": 23800000,
    "ebitda": 192100000,
    "ebitdaratio": 1.7559414991,
    "operatingIncome": 168300000,
    "operatingIncomeRatio": 1.5383912249,
    "totalOtherIncomeExpensesNet": -168300000,
    "incomeBeforeTax": 0,
    "incomeBeforeTaxRatio": 0,
    "incomeTaxExpense": 0,
    "netIncome": 44300000,
    "netIncomeRatio": 0.4049360146,
    "eps": 0.14,
    "epsdiluted": 0.14,
    "weightedAverageShsOut": 109932000,
    "weightedAverageShsOutDil": 109932000,
    "link": "",
    "finalLink": ""
  },
  {
    "date": "1997-03-31",
    "symbol": "PSA",
    "reportedCurrency": "USD",
    "cik": "0001393311",
    "fillingDate": "1997-03-31",
    "acceptedDate": "1997-03-30 19:00:00",
    "calendarYear": "1997",
    "period": "Q1",
    "revenue": 101300000,
    "costOfRevenue": 0,
    "grossProfit": 101300000,
    "grossProfitRatio": 1,
    "researchAndDevelopmentExpenses": 0,
    "generalAndAdministrativeExpenses": 1600000,
    "sellingAndMarketingExpenses": 0,
    "sellingGeneralAndAdministrativeExpenses": 1600000,
    "otherExpenses": -54900000,
    "operatingExpenses": -53300000,
    "costAndExpenses": -53300000,
    "interestIncome": 0,
    "interestExpense": 0,
    "depreciationAndAmortization": 23400000,
    "ebitda": 178000000,
    "ebitdaratio": 1.7571569595,
    "operatingIncome": 154600000,
    "operatingIncomeRatio": 1.526159921,
    "totalOtherIncomeExpensesNet": -154600000,
    "incomeBeforeTax": 0,
    "incomeBeforeTaxRatio": 0,
    "incomeTaxExpense": 0,
    "netIncome": 42300000,
    "netIncomeRatio": 0.4175715696,
    "eps": 0.26,
    "epsdiluted": 0.26,
    "weightedAverageShsOut": 93041000,
    "weightedAverageShsOutDil": 93041000,
    "link": "",
    "finalLink": ""
  },
  {
    "date": "1996-12-31",
    "symbol": "PSA",
    "reportedCurrency": "USD",
    "cik": "0001393311",
    "fillingDate": "1996-12-31",
    "acceptedDate": "1996-12-30 19:00:00",
    "calendarYear": "1996",
    "period": "Q4",
    "revenue": 96522000,
    "costOfRevenue": 0,
    "grossProfit": 96522000,
    "grossProfitRatio": 1,
    "researchAndDevelopmentExpenses": 0,
    "generalAndAdministrativeExpenses": 924000,
    "sellingAndMarketingExpenses": 0,
    "sellingGeneralAndAdministrativeExpenses": 924000,
    "otherExpenses": 191060000,
    "operatingExpenses": 191984000,
    "costAndExpenses": 191984000,
    "interestIncome": 0,
    "interestExpense": 0,
    "depreciationAndAmortization": 4175000,
    "ebitda": -91287000,
    "ebitdaratio": -0.9457636601,
    "operatingIncome": -95462000,
    "operatingIncomeRatio": -0.9890180477,
    "totalOtherIncomeExpensesNet": 95462000,
    "incomeBeforeTax": 0,
    "incomeBeforeTaxRatio": 0,
    "incomeTaxExpense": 0,
    "netIncome": 43149000,
    "netIncomeRatio": 0.447037981,
    "eps": 0.46,
    "epsdiluted": 0.46,
    "weightedAverageShsOut": 93041000,
    "weightedAverageShsOutDil": 93041000,
    "link": "",
    "finalLink": ""
  },
  {
    "date": "1996-09-30",
    "symbol": "PSA",
    "reportedCurrency": "USD",
    "cik": "0001393311",
    "fillingDate": "1996-09-30",
    "acceptedDate": "1996-09-29 20:00:00",
    "calendarYear": "1996",
    "period": "Q3",
    "revenue": 87400000,
    "costOfRevenue": 0,
    "grossProfit": 87400000,
    "grossProfitRatio": 1,
    "researchAndDevelopmentExpenses": 0,
    "generalAndAdministrativeExpenses": 1500000,
    "sellingAndMarketingExpenses": 0,
    "sellingGeneralAndAdministrativeExpenses": 1500000,
    "otherExpenses": -42500000,
    "operatingExpenses": -41000000,
    "costAndExpenses": -41000000,
    "interestIncome": 0,
    "interestExpense": 0,
    "depreciationAndAmortization": 21200000,
    "ebitda": 149600000,
    "ebitdaratio": 1.7116704805,
    "operatingIncome": 128400000,
    "operatingIncomeRatio": 1.4691075515,
    "totalOtherIncomeExpensesNet": -128400000,
    "incomeBeforeTax": 0,
    "incomeBeforeTaxRatio": 0,
    "incomeTaxExpense": 0,
    "netIncome": 40400000,
    "netIncomeRatio": 0.4622425629,
    "eps": 0.52,
    "epsdiluted": 0.52,
    "weightedAverageShsOut": 77666667,
    "weightedAverageShsOutDil": 77666667,
    "link": "",
    "finalLink": ""
  },
  {
    "date": "1996-06-30",
    "symbol": "PSA",
    "reportedCurrency": "USD",
    "cik": "0001393311",
    "fillingDate": "1996-06-30",
    "acceptedDate": "1996-06-29 20:00:00",
    "calendarYear": "1996",
    "period": "Q2",
    "revenue": 83100000,
    "costOfRevenue": 0,
    "grossProfit": 83100000,
    "grossProfitRatio": 1,
    "researchAndDevelopmentExpenses": 0,
    "generalAndAdministrativeExpenses": 1700000,
    "sellingAndMarketingExpenses": 0,
    "sellingGeneralAndAdministrativeExpenses": 1700000,
    "otherExpenses": -40700000,
    "operatingExpenses": -39000000,
    "costAndExpenses": -39000000,
    "interestIncome": 0,
    "interestExpense": 0,
    "depreciationAndAmortization": 20400000,
    "ebitda": 142500000,
    "ebitdaratio": 1.714801444,
    "operatingIncome": 122100000,
    "operatingIncomeRatio": 1.4693140794,
    "totalOtherIncomeExpensesNet": -122100000,
    "incomeBeforeTax": 0,
    "incomeBeforeTaxRatio": 0,
    "incomeTaxExpense": 0,
    "netIncome": 37700000,
    "netIncomeRatio": 0.4536702768,
    "eps": 0.51,
    "epsdiluted": 0.51,
    "weightedAverageShsOut": 73333333,
    "weightedAverageShsOutDil": 73333333,
    "link": "",
    "finalLink": ""
  },
  {
    "date": "1996-03-31",
    "symbol": "PSA",
    "reportedCurrency": "USD",
    "cik": "0001393311",
    "fillingDate": "1996-03-31",
    "acceptedDate": "1996-03-30 19:00:00",
    "calendarYear": "1996",
    "period": "Q1",
    "revenue": 75000000,
    "costOfRevenue": 0,
    "grossProfit": 75000000,
    "grossProfitRatio": 1,
    "researchAndDevelopmentExpenses": 0,
    "generalAndAdministrativeExpenses": 1400000,
    "sellingAndMarketingExpenses": 0,
    "sellingGeneralAndAdministrativeExpenses": 1400000,
    "otherExpenses": -37800000,
    "operatingExpenses": -36400000,
    "costAndExpenses": -36400000,
    "interestIncome": 0,
    "interestExpense": 0,
    "depreciationAndAmortization": 19100000,
    "ebitda": 130500000,
    "ebitdaratio": 1.74,
    "operatingIncome": 111400000,
    "operatingIncomeRatio": 1.4853333333,
    "totalOtherIncomeExpensesNet": -111400000,
    "incomeBeforeTax": 0,
    "incomeBeforeTaxRatio": 0,
    "incomeTaxExpense": 0,
    "netIncome": 32300000,
    "netIncomeRatio": 0.4306666667,
    "eps": 0.45,
    "epsdiluted": 0.45,
    "weightedAverageShsOut": 71250000,
    "weightedAverageShsOutDil": 71250000,
    "link": "",
    "finalLink": ""
  },
  {
    "date": "1995-12-31",
    "symbol": "PSA",
    "reportedCurrency": "USD",
    "cik": "0001393311",
    "fillingDate": "1995-12-31",
    "acceptedDate": "1995-12-30 19:00:00",
    "calendarYear": "1995",
    "period": "Q4",
    "revenue": 64550000,
    "costOfRevenue": 0,
    "grossProfit": 64550000,
    "grossProfitRatio": 1,
    "researchAndDevelopmentExpenses": 0,
    "generalAndAdministrativeExpenses": 1382000,
    "sellingAndMarketingExpenses": 0,
    "sellingGeneralAndAdministrativeExpenses": 1382000,
    "otherExpenses": 210837000,
    "operatingExpenses": 212219000,
    "costAndExpenses": 212219000,
    "interestIncome": 0,
    "interestExpense": 0,
    "depreciationAndAmortization": 12847000,
    "ebitda": -134822000,
    "ebitdaratio": -2.0886444617,
    "operatingIncome": -147669000,
    "operatingIncomeRatio": -2.2876684741,
    "totalOtherIncomeExpensesNet": 147669000,
    "incomeBeforeTax": 0,
    "incomeBeforeTaxRatio": 0,
    "incomeTaxExpense": 0,
    "netIncome": 21186000,
    "netIncomeRatio": 0.3282106894,
    "eps": 0.3,
    "epsdiluted": 0.3,
    "weightedAverageShsOut": 71250000,
    "weightedAverageShsOutDil": 71250000,
    "link": "",
    "finalLink": ""
  },
  {
    "date": "1995-09-30",
    "symbol": "PSA",
    "reportedCurrency": "USD",
    "cik": "0001393311",
    "fillingDate": "1995-09-30",
    "acceptedDate": "1995-09-29 20:00:00",
    "calendarYear": "1995",
    "period": "Q3",
    "revenue": 56900000,
    "costOfRevenue": 0,
    "grossProfit": 56900000,
    "grossProfitRatio": 1,
    "researchAndDevelopmentExpenses": 0,
    "generalAndAdministrativeExpenses": 900000,
    "sellingAndMarketingExpenses": 0,
    "sellingGeneralAndAdministrativeExpenses": 900000,
    "otherExpenses": -33700000,
    "operatingExpenses": -32800000,
    "costAndExpenses": -32800000,
    "interestIncome": 0,
    "interestExpense": 0,
    "depreciationAndAmortization": 10900000,
    "ebitda": 100600000,
    "ebitdaratio": 1.7680140598,
    "operatingIncome": 89700000,
    "operatingIncomeRatio": 1.5764499121,
    "totalOtherIncomeExpensesNet": -89700000,
    "incomeBeforeTax": 0,
    "incomeBeforeTaxRatio": 0,
    "incomeTaxExpense": 0,
    "netIncome": 19500000,
    "netIncomeRatio": 0.3427065026,
    "eps": 0.42,
    "epsdiluted": 0.42,
    "weightedAverageShsOut": 46923077,
    "weightedAverageShsOutDil": 46923077,
    "link": "",
    "finalLink": ""
  }
]