[
  {
    "date": "2024-12-31",
    "symbol": "PSA",
    "reportedCurrency": "USD",
    "cik": "0001393311",
    "fillingDate": "2025-02-24",
    "acceptedDate": "2025-02-24 16:25:54",
    "calendarYear": "2024",
    "period": "FY",
    "revenue": 4695616000,
    "costOfRevenue": 1258001000,
    "grossProfit": 3437615000,
    "grossProfitRatio": 0.7320903157,
    "researchAndDevelopmentExpenses": 0,
    "generalAndAdministrativeExpenses": 106677000,
    "sellingAndMarketingExpenses": 0,
    "sellingGeneralAndAdministrativeExpenses": 106677000,
    "otherExpenses": 1129766000,
    "operatingExpenses": 1236443000,
    "costAndExpenses": 2494444000,
    "interestIncome": 44659000,
    "interestExpense": 287401000,
    "depreciationAndAmortization": 1129766000,
    "ebitda": 3506246000,
    "ebitdaratio": 0.7467062894,
    "operatingIncome": 2201172000,
    "operatingIncomeRatio": 0.4687717224,
    "totalOtherIncomeExpensesNet": -112093000,
    "incomeBeforeTax": 2089079000,
    "incomeBeforeTaxRatio": 0.4448998811,
    "incomeTaxExpense": 4669000,
    "netIncome": 2072011000,
    "netIncomeRatio": 0.4412650012,
    "eps": 10.68,
    "epsdiluted": 10.64,
    "weightedAverageShsOut": 175351000,
    "weightedAverageShsOutDil": 176038000,
    "link": "https://www.sec.gov/Archives/edgar/data/1393311/000139331125000036/0001393311-25-000036-index.htm",
    "finalLink": "https://www.sec.gov/Archives/edgar/data/1393311/000139331125000036/psa-20241231.htm"
  },
  {
    "date": "2023-12-31",
    "symbol": "PSA",
    "reportedCurrency": "USD",
    "cik": "0001393311",
    "fillingDate": "2024-02-20",
    "acceptedDate": "2024-02-20 17:05:57",
    "calendarYear": "2023",
    "period": "FY",
    "revenue": 4517690000,
    "costOfRevenue": 1147946000,
    "grossProfit": 3369744000,
    "grossProfitRatio": 0.7458997851,
    "researchAndDevelopmentExpenses": 0,
    "generalAndAdministrativeExpenses": 80632000,
    "sellingAndMarketingExpenses": 0,
    "sellingGeneralAndAdministrativeExpenses": 80632000,
    "otherExpenses": 970056000,
    "operatingExpenses": 1050688000,
    "costAndExpenses": 2198634000,
    "interestIncome": 64819000,
    "interestExpense": 201132000,
    "depreciationAndAmortization": 970056000,
    "ebitda": 3342129000,
    "ebitdaratio": 0.7397871479,
    "operatingIncome": 2319056000,
    "operatingIncomeRatio": 0.513327829,
    "totalOtherIncomeExpensesNet": -148115000,
    "incomeBeforeTax": 2170941000,
    "incomeBeforeTaxRatio": 0.4805422683,
    "incomeTaxExpense": 10821000,
    "netIncome": 2148327000,
    "netIncomeRatio": 0.4755366127,
    "eps": 11.11,
    "epsdiluted": 11.06,
    "weightedAverageShsOut": 175472000,
    "weightedAverageShsOutDil": 176143000,
    "link": "https://www.sec.gov/Archives/edgar/data/1393311/000139331124000043/0001393311-24-000043-index.htm",
    "finalLink": "https://www.sec.gov/Archives/edgar/data/1393311/000139331124000043/psa-20231231.htm"
  },
  {
    "date": "2022-12-31",
    "symbol": "PSA",
    "reportedCurrency": "USD",
    "cik": "0001393311",
    "fillingDate": "2023-02-21",
    "acceptedDate": "2023-02-21 16:15:36",
    "calendarYear": "2022",
    "period": "FY",
    "revenue": 4182163000,
    "costOfRevenue": 1052907000,
    "grossProfit": 3129256000,
    "grossProfitRatio": 0.7482386507,
    "researchAndDevelopmentExpenses": 17540000,
    "generalAndAdministrativeExpenses": 71672000,
    "sellingAndMarketingExpenses": 0,
    "sellingGeneralAndAdministrativeExpenses": 71672000,
    "otherExpenses": 870606000,
    "operatingExpenses": 959818000,
    "costAndExpenses": 2012725000,
    "interestIncome": 20824000,
    "interestExpense": 136319000,
    "depreciationAndAmortization": 888146000,
    "ebitda": 5405065000,
    "ebitdaratio": 1.2924089759,
    "operatingIncome": 2169438000,
    "operatingIncomeRatio": 0.518735879,
    "totalOtherIncomeExpensesNet": 2211162000,
    "incomeBeforeTax": 4380600000,
    "incomeBeforeTaxRatio": 1.0474484137,
    "incomeTaxExpense": 14326000,
    "netIncome": 4349147000,
    "netIncomeRatio": 1.0399276642,
    "eps": 23.64,
    "epsdiluted": 23.5,
    "weightedAverageShsOut": 175257000,
    "weightedAverageShsOutDil": 176280000,
    "link": "https://www.sec.gov/Archives/edgar/data/1393311/000139331123000012/0001393311-23-000012-index.htm",
    "finalLink": "https://www.sec.gov/Archives/edgar/data/1393311/000139331123000012/psa-20221231.htm"
  },
  {
    "date": "2021-12-31",
    "symbol": "PSA",
    "reportedCurrency": "USD",
    "cik": "0001393311",
    "fillingDate": "2022-02-22",
    "acceptedDate": "2022-02-22 16:12:14",
    "calendarYear": "2021",
    "period": "FY",
    "revenue": 3415824000,
    "costOfRevenue": 920598000,
    "grossProfit": 2495226000,
    "grossProfitRatio": 0.7304902126,
    "researchAndDevelopmentExpenses": 8403000,
    "generalAndAdministrativeExpenses": 75966000,
    "sellingAndMarketingExpenses": 0,
    "sellingGeneralAndAdministrativeExpenses": 75966000,
    "otherExpenses": 705025000,
    "operatingExpenses": 789394000,
    "costAndExpenses": 1709992000,
    "interestIncome": 12306000,
    "interestExpense": 90774000,
    "depreciationAndAmortization": 713428000,
    "ebitda": 2776206000,
    "ebitdaratio": 0.8127485491,
    "operatingIncome": 1705832000,
    "operatingIncomeRatio": 0.4993910693,
    "totalOtherIncomeExpensesNet": 266172000,
    "incomeBeforeTax": 1972004000,
    "incomeBeforeTaxRatio": 0.5773142879,
    "incomeTaxExpense": 12365000,
    "netIncome": 1953263000,
    "netIncomeRatio": 0.571827764,
    "eps": 9.91,
    "epsdiluted": 9.87,
    "weightedAverageShsOut": 174858000,
    "weightedAverageShsOutDil": 175568000,
    "link": "https://www.sec.gov/Archives/edgar/data/1393311/000139331122000010/0001393311-22-000010-index.htm",
    "finalLink": "https://www.sec.gov/Archives/edgar/data/1393311/000139331122000010/psa-20211231.htm"
  },
  {
    "date": "2020-12-31",
    "symbol": "PSA",
    "reportedCurrency": "USD",
    "cik": "0001393311",
    "fillingDate": "2021-02-24",
    "acceptedDate": "2021-02-24 16:27:43",
    "calendarYear": "2020",
    "period": "FY",
    "revenue": 2915068000,
    "costOfRevenue": 867462000,
    "grossProfit": 2047606000,
    "grossProfitRatio": 0.70242135,
    "researchAndDevelopmentExpenses": 10839000,
    "generalAndAdministrativeExpenses": 64043000,
    "sellingAndMarketingExpenses": 0,
    "sellingGeneralAndAdministrativeExpenses": 64043000,
    "otherExpenses": 561574000,
    "operatingExpenses": 636456000,
    "costAndExpenses": 1503918000,
    "interestIncome": 22323000,
    "interestExpense": 56283000,
    "depreciationAndAmortization": 553257000,
    "ebitda": 1970767000,
    "ebitdaratio": 0.6760621022,
    "operatingIncome": 1411150000,
    "operatingIncomeRatio": 0.4840881928,
    "totalOtherIncomeExpensesNet": -49923000,
    "incomeBeforeTax": 1361227000,
    "incomeBeforeTaxRatio": 0.4669623487,
    "incomeTaxExpense": 0,
    "netIncome": 1357213000,
    "netIncomeRatio": 0.4655853654,
    "eps": 6.29,
    "epsdiluted": 6.29,
    "weightedAverageShsOut": 174494000,
    "weightedAverageShsOutDil": 174642000,
    "link": "https://www.sec.gov/Archives/edgar/data/1393311/000156276221000058/0001562762-21-000058-index.htm",
    "finalLink": "https://www.sec.gov/Archives/edgar/data/1393311/000156276221000058/psa-20201231x10k.htm"
  },
  {
    "date": "2019-12-31",
    "symbol": "PSA",
    "reportedCurrency": "USD",
    "cik": "0001393311",
    "fillingDate": "2020-02-25",
    "acceptedDate": "2020-02-25 16:08:30",
    "calendarYear": "2019",
    "period": "FY",
    "revenue": 2855108000,
    "costOfRevenue": 813152000,
    "grossProfit": 2041956000,
    "grossProfitRatio": 0.7151939611,
    "researchAndDevelopmentExpenses": 6850000,
    "generalAndAdministrativeExpenses": 62146000,
    "sellingAndMarketingExpenses": 0,
    "sellingGeneralAndAdministrativeExpenses": 62146000,
    "otherExpenses": 506068000,
    "operatingExpenses": 575064000,
    "costAndExpenses": 1388216000,
    "interestIncome": 26683000,
    "interestExpense": 45641000,
    "depreciationAndAmortization": 512918000,
    "ebitda": 2084210000,
    "ebitdaratio": 0.7299934013,
    "operatingIncome": 1466892000,
    "operatingIncomeRatio": 0.5137781128,
    "totalOtherIncomeExpensesNet": 58759000,
    "incomeBeforeTax": 1525651000,
    "incomeBeforeTaxRatio": 0.5343584201,
    "incomeTaxExpense": 0,
    "netIncome": 1520534000,
    "netIncomeRatio": 0.5325661936,
    "eps": 7.3,
    "epsdiluted": 7.29,
    "weightedAverageShsOut": 174287000,
    "weightedAverageShsOutDil": 174530000,
    "link": "https://www.sec.gov/Archives/edgar/data/1393311/000139331120000008/0001393311-20-000008-index.htm",
    "finalLink": "https://www.sec.gov/Archives/edgar/data/1393311/000139331120000008/psa-20191231x10k.htm"
  },
  {
    "date": "2018-12-31",
    "symbol": "PSA",
    "reportedCurrency": "USD",
    "cik": "0001393311",
    "fillingDate": "2019-02-27",
    "acceptedDate": "2019-02-27 06:24:28",
    "calendarYear": "2018",
    "period": "FY",
    "revenue": 2759523000,
    "costOfRevenue": 757083000,
    "grossProfit": 2002440000,
    "grossProfitRatio": 0.7256471499,
    "researchAndDevelopmentExpenses": 5441000,
    "generalAndAdministrativeExpenses": 93833000,
    "sellingAndMarketingExpenses": 0,
    "sellingGeneralAndAdministrativeExpenses": 93833000,
    "otherExpenses": 489084000,
    "operatingExpenses": 588358000,
    "costAndExpenses": 1345441000,
    "interestIncome": 24552000,
    "interestExpense": 32542000,
    "depreciationAndAmortization": 483646000,
    "ebitda": 2233411000,
    "ebitdaratio": 0.8093467603,
    "operatingIncome": 1414082000,
    "operatingIncomeRatio": 0.5124371132,
    "totalOtherIncomeExpensesNet": 303141000,
    "incomeBeforeTax": 1717223000,
    "incomeBeforeTaxRatio": 0.6222897943,
    "incomeTaxExpense": 0,
    "netIncome": 1711031000,
    "netIncomeRatio": 0.6200459282,
    "eps": 9.84,
    "epsdiluted": 9.82,
    "weightedAverageShsOut": 173969000,
    "weightedAverageShsOutDil": 174297000,
    "link": "https://www.sec.gov/Archives/edgar/data/1393311/000139331119000004/0001393311-19-000004-index.htm",
    "finalLink": "https://www.sec.gov/Archives/edgar/data/1393311/000139331119000004/psa-20181231x10k.htm"
  },
  {
    "date": "2017-12-31",
    "symbol": "PSA",
    "reportedCurrency": "USD",
    "cik": "0001393311",
    "fillingDate": "2018-03-01",
    "acceptedDate": "2018-02-28 19:22:26",
    "calendarYear": "2017",
    "period": "FY",
    "revenue": 2668528000,
    "costOfRevenue": 707978000,
    "grossProfit": 1960550000,
    "grossProfitRatio": 0.734693434,
    "researchAndDevelopmentExpenses": 8193000,
    "generalAndAdministrativeExpenses": 69894000,
    "sellingAndMarketingExpenses": 0,
    "sellingGeneralAndAdministrativeExpenses": 69894000,
    "otherExpenses": 459321000,
    "operatingExpenses": 537408000,
    "costAndExpenses": 1245386000,
    "interestIncome": 18771000,
    "interestExpense": 12690000,
    "depreciationAndAmortization": 454526000,
    "ebitda": 1915681000,
    "ebitdaratio": 0.7178792953,
    "operatingIncome": 1423142000,
    "operatingIncomeRatio": 0.5333060024,
    "totalOtherIncomeExpensesNet": 25323000,
    "incomeBeforeTax": 1448465000,
    "incomeBeforeTaxRatio": 0.5427955037,
    "incomeTaxExpense": 0,
    "netIncome": 1442217000,
    "netIncomeRatio": 0.540454138,
    "eps": 6.75,
    "epsdiluted": 6.73,
    "weightedAverageShsOut": 173613000,
    "weightedAverageShsOutDil": 174151000,
    "link": "https://www.sec.gov/Archives/edgar/data/1393311/000139331118000004/0001393311-18-000004-index.htm",
    "finalLink": "https://www.sec.gov/Archives/edgar/data/1393311/000139331118000004/psa-20171231x10k.htm"
  },
  {
    "date": "2016-12-31",
    "symbol": "PSA",
    "reportedCurrency": "USD",
    "cik": "0001393311",
    "fillingDate": "2017-03-01",
    "acceptedDate": "2017-02-28 19:55:07",
    "calendarYear": "2016",
    "period": "FY",
    "revenue": 2560549000,
    "costOfRevenue": 669083000,
    "grossProfit": 1891466000,
    "grossProfitRatio": 0.7386954907,
    "researchAndDevelopmentExpenses": 9721000,
    "generalAndAdministrativeExpenses": 70076000,
    "sellingAndMarketingExpenses": 0,
    "sellingGeneralAndAdministrativeExpenses": 70076000,
    "otherExpenses": 437173000,
    "operatingExpenses": 516970000,
    "costAndExpenses": 1186053000,
    "interestIncome": 15138000,
    "interestExpense": 4300000,
    "depreciationAndAmortization": 433314000,
    "ebitda": 1897963000,
    "ebitdaratio": 0.7412328372,
    "operatingIncome": 1374496000,
    "operatingIncomeRatio": 0.5367973821,
    "totalOtherIncomeExpensesNet": 85853000,
    "incomeBeforeTax": 1460349000,
    "incomeBeforeTaxRatio": 0.5703265198,
    "incomeTaxExpense": 0,
    "netIncome": 1453576000,
    "netIncomeRatio": 0.567681384,
    "eps": 6.84,
    "epsdiluted": 6.81,
    "weightedAverageShsOut": 173091000,
    "weightedAverageShsOutDil": 173878000,
    "link": "https://www.sec.gov/Archives/edgar/data/1393311/000139331117000008/0001393311-17-000008-index.htm",
    "finalLink": "https://www.sec.gov/Archives/edgar/data/1393311/000139331117000008/psa-20161231x10k.htm"
  },
  {
    "date": "2015-12-31",
    "symbol": "PSA",
    "reportedCurrency": "USD",
    "cik": "0001393311",
    "fillingDate": "2016-02-29",
    "acceptedDate": "2016-02-26 20:52:15",
    "calendarYear": "2015",
    "period": "FY",
    "revenue": 2381696000,
    "costOfRevenue": 635502000,
    "grossProfit": 1746194000,
    "grossProfitRatio": 0.7331724956,
    "researchAndDevelopmentExpenses": 10006000,
    "generalAndAdministrativeExpenses": 72799000,
    "sellingAndMarketingExpenses": 0,
    "sellingGeneralAndAdministrativeExpenses": 72799000,
    "otherExpenses": 431380000,
    "operatingExpenses": 514185000,
    "costAndExpenses": 1149687000,
    "interestIncome": 16544000,
    "interestExpense": 600000,
    "depreciationAndAmortization": 426008000,
    "ebitda": 1744307000,
    "ebitdaratio": 0.732380203,
    "operatingIncome": 1232009000,
    "operatingIncomeRatio": 0.5172822224,
    "totalOtherIncomeExpensesNet": 85690000,
    "incomeBeforeTax": 1317699000,
    "incomeBeforeTaxRatio": 0.5532607856,
    "incomeTaxExpense": 0,
    "netIncome": 1311244000,
    "netIncomeRatio": 0.5505505321,
    "eps": 6.1,
    "epsdiluted": 6.07,
    "weightedAverageShsOut": 172699000,
    "weightedAverageShsOutDil": 173510000,
    "link": "https://www.sec.gov/Archives/edgar/data/1393311/000139331116000036/0001393311-16-000036-index.htm",
    "finalLink": "https://www.sec.gov/Archives/edgar/data/1393311/000139331116000036/psa-20151231x10k.htm"
  },
  {
    "date": "2014-12-31",
    "symbol": "PSA",
    "reportedCurrency": "USD",
    "cik": "0001393311",
    "fillingDate": "2015-02-25",
    "acceptedDate": "2015-02-24 21:54:55",
    "calendarYear": "2014",
    "period": "FY",
    "revenue": 2177296000,
    "costOfRevenue": 613324000,
    "grossProfit": 1563972000,
    "grossProfitRatio": 0.7183093158,
    "researchAndDevelopmentExpenses": 10614000,
    "generalAndAdministrativeExpenses": 55987000,
    "sellingAndMarketingExpenses": 0,
    "sellingGeneralAndAdministrativeExpenses": 55987000,
    "otherExpenses": 441972000,
    "operatingExpenses": 508573000,
    "costAndExpenses": 1121897000,
    "interestIncome": 17638000,
    "interestExpense": 6800000,
    "depreciationAndAmortization": 437114000,
    "ebitda": 1593850000,
    "ebitdaratio": 0.7320318413,
    "operatingIncome": 1055399000,
    "operatingIncomeRatio": 0.4847292238,
    "totalOtherIncomeExpensesNet": 94537000,
    "incomeBeforeTax": 1149936000,
    "incomeBeforeTaxRatio": 0.5281486762,
    "incomeTaxExpense": 0,
    "netIncome": 1144204000,
    "netIncomeRatio": 0.5255160529,
    "eps": 5.27,
    "epsdiluted": 5.25,
    "weightedAverageShsOut": 172251000,
    "weightedAverageShsOutDil": 173138000,
    "link": "https://www.sec.gov/Archives/edgar/data/1393311/000139331115000005/0001393311-15-000005-index.htm",
    "finalLink": "https://www.sec.gov/Archives/edgar/data/1393311/000139331115000005/psa-20141231x10k.htm"
  },
  {
    "date": "2013-12-31",
    "symbol": "PSA",
    "reportedCurrency": "USD",
    "cik": "0001393311",
    "fillingDate": "2014-02-26",
    "acceptedDate": "2014-02-25 21:07:01",
    "calendarYear": "2013",
    "period": "FY",
    "revenue": 1964942000,
    "costOfRevenue": 559759000,
    "grossProfit": 1405183000,
    "grossProfitRatio": 0.7151269605,
    "researchAndDevelopmentExpenses": 10475000,
    "generalAndAdministrativeExpenses": 51500000,
    "sellingAndMarketingExpenses": 0,
    "sellingGeneralAndAdministrativeExpenses": 51500000,
    "otherExpenses": 392106000,
    "operatingExpenses": 454081000,
    "costAndExpenses": 1013840000,
    "interestIncome": 33979000,
    "interestExpense": 6444000,
    "depreciationAndAmortization": 387402000,
    "ebitda": 1451377000,
    "ebitdaratio": 0.7386360513,
    "operatingIncome": 951102000,
    "operatingIncomeRatio": 0.4840356611,
    "totalOtherIncomeExpensesNet": 106429000,
    "incomeBeforeTax": 1057531000,
    "incomeBeforeTaxRatio": 0.5381996008,
    "incomeTaxExpense": 0,
    "netIncome": 1052453000,
    "netIncomeRatio": 0.5356153006,
    "eps": 4.92,
    "epsdiluted": 4.89,
    "weightedAverageShsOut": 171640000,
    "weightedAverageShsOutDil": 172688000,
    "link": "https://www.sec.gov/Archives/edgar/data/1393311/000139331114000009/0001393311-14-000009-index.htm",
    "finalLink": "https://www.sec.gov/Archives/edgar/data/1393311/000139331114000009/psa-20131231x10k.htm"
  },
  {
    "date": "2012-12-31",
    "symbol": "PSA",
    "reportedCurrency": "USD",
    "cik": "0001393311",
    "fillingDate": "2013-02-26",
    "acceptedDate": "2013-02-25 21:39:21",
    "calendarYear": "2012",
    "period": "FY",
    "revenue": 1842504000,
    "costOfRevenue": 555904000,
    "grossProfit": 1286600000,
    "grossProfitRatio": 0.6982888504,
    "researchAndDevelopmentExpenses": 6355000,
    "generalAndAdministrativeExpenses": 45707000,
    "sellingAndMarketingExpenses": 0,
    "sellingGeneralAndAdministrativeExpenses": 45707000,
    "otherExpenses": 362556000,
    "operatingExpenses": 414618000,
    "costAndExpenses": 970522000,
    "interestIncome": 22074000,
    "interestExpense": 19813000,
    "depreciationAndAmortization": 358103000,
    "ebitda": 1308077000,
    "ebitdaratio": 0.7099452701,
    "operatingIncome": 871982000,
    "operatingIncomeRatio": 0.4732592168,
    "totalOtherIncomeExpensesNet": 58179000,
    "incomeBeforeTax": 930161000,
    "incomeBeforeTaxRatio": 0.5048352677,
    "incomeTaxExpense": 0,
    "netIncome": 939258000,
    "netIncomeRatio": 0.5097725704,
    "eps": 3.93,
    "epsdiluted": 3.9,
    "weightedAverageShsOut": 170562000,
    "weightedAverageShsOutDil": 171664000,
    "link": "https://www.sec.gov/Archives/edgar/data/1393311/000139331113000004/0001393311-13-000004-index.htm",
    "finalLink": "https://www.sec.gov/Archives/edgar/data/1393311/000139331113000004/ps10k_2012.htm"
  },
  {
    "date": "2011-12-31",
    "symbol": "PSA",
    "reportedCurrency": "USD",
    "cik": "0001393311",
    "fillingDate": "2012-02-27",
    "acceptedDate": "2012-02-24 19:24:54",
    "calendarYear": "2011",
    "period": "FY",
    "revenue": 1735888000,
    "costOfRevenue": 560509000,
    "grossProfit": 1175379000,
    "grossProfitRatio": 0.6771053202,
    "researchAndDevelopmentExpenses": 4129000,
    "generalAndAdministrativeExpenses": 42735000,
    "sellingAndMarketingExpenses": 0,
    "sellingGeneralAndAdministrativeExpenses": 42735000,
    "otherExpenses": 365701000,
    "operatingExpenses": 412565000,
    "costAndExpenses": 973074000,
    "interestIncome": 32333000,
    "interestExpense": 24222000,
    "depreciationAndAmortization": 358525000,
    "ebitda": 1215890000,
    "ebitdaratio": 0.7004426553,
    "operatingIncome": 762814000,
    "operatingIncomeRatio": 0.439437337,
    "totalOtherIncomeExpensesNet": 70329000,
    "incomeBeforeTax": 833143000,
    "incomeBeforeTaxRatio": 0.4799520476,
    "incomeTaxExpense": 0,
    "netIncome": 823842000,
    "netIncomeRatio": 0.474593983,
    "eps": 3.31,
    "epsdiluted": 3.29,
    "weightedAverageShsOut": 169657000,
    "weightedAverageShsOutDil": 170750000,
    "link": "https://www.sec.gov/Archives/edgar/data/1393311/000139331112000013/0001393311-12-000013-index.htm",
    "finalLink": "https://www.sec.gov/Archives/edgar/data/1393311/000139331112000013/ps10k_20111231.htm"
  },
  {
    "date": "2010-12-31",
    "symbol": "PSA",
    "reportedCurrency": "USD",
    "cik": "0001393311",
    "fillingDate": "2011-03-01",
    "acceptedDate": "2011-03-01 16:43:50",
    "calendarYear": "2010",
    "period": "FY",
    "revenue": 1613777000,
    "costOfRevenue": 528404000,
    "grossProfit": 1085373000,
    "grossProfitRatio": 0.6725669036,
    "researchAndDevelopmentExpenses": 5860000,
    "generalAndAdministrativeExpenses": 28943000,
    "sellingAndMarketingExpenses": 0,
    "sellingGeneralAndAdministrativeExpenses": 28943000,
    "otherExpenses": 357923000,
    "operatingExpenses": 392726000,
    "costAndExpenses": 921130000,
    "interestIncome": 29017000,
    "interestExpense": 30225000,
    "depreciationAndAmortization": 354386000,
    "ebitda": 1072965000,
    "ebitdaratio": 0.6648781089,
    "operatingIncome": 692647000,
    "operatingIncomeRatio": 0.4292086205,
    "totalOtherIncomeExpensesNet": -4293000,
    "incomeBeforeTax": 688354000,
    "incomeBeforeTaxRatio": 0.4265484017,
    "incomeTaxExpense": 0,
    "netIncome": 672038000,
    "netIncomeRatio": 0.4164379589,
    "eps": 2.36,
    "epsdiluted": 2.35,
    "weightedAverageShsOut": 168877000,
    "weightedAverageShsOutDil": 169772000,
    "link": "https://www.sec.gov/Archives/edgar/data/1393311/000139331111000011/0001393311-11-000011-index.htm",
    "finalLink": "https://www.sec.gov/Archives/edgar/data/1393311/000139331111000011/ps10k_123110.htm"
  },
  {
    "date": "2009-12-31",
    "symbol": "PSA",
    "reportedCurrency": "USD",
    "cik": "0001393311",
    "fillingDate": "2010-03-01",
    "acceptedDate": "2010-02-26 21:48:46",
    "calendarYear": "2009",
    "period": "FY",
    "revenue": 1622920000,
    "costOfRevenue": 520912000,
    "grossProfit": 1102008000,
    "grossProfitRatio": 0.679027925,
    "researchAndDevelopmentExpenses": 0,
    "generalAndAdministrativeExpenses": 0,
    "sellingAndMarketingExpenses": 0,
    "sellingGeneralAndAdministrativeExpenses": 35735000,
    "otherExpenses": 339445000,
    "operatingExpenses": 375180000,
    "costAndExpenses": 896092000,
    "interestIncome": 29813000,
    "interestExpense": 29916000,
    "depreciationAndAmortization": 342127000,
    "ebitda": 1169401000,
    "ebitdaratio": 0.7205536933,
    "operatingIncome": 726828000,
    "operatingIncomeRatio": 0.4478520198,
    "totalOtherIncomeExpensesNet": 70530000,
    "incomeBeforeTax": 797358000,
    "incomeBeforeTaxRatio": 0.4913107239,
    "incomeTaxExpense": 0,
    "netIncome": 834621000,
    "netIncomeRatio": 0.5142711902,
    "eps": 3.48,
    "epsdiluted": 3.47,
    "weightedAverageShsOut": 168358000,
    "weightedAverageShsOutDil": 168768000,
    "link": "https://www.sec.gov/Archives/edgar/data/1393311/000139331110000004/0001393311-10-000004-index.htm",
    "finalLink": "https://www.sec.gov/Archives/edgar/data/1393311/000139331110000004/ps10k_123109.htm"
  },
  {
    "date": "2008-12-31",
    "symbol": "PSA",
    "reportedCurrency": "USD",
    "cik": "0001393311",
    "fillingDate": "2009-03-02",
    "acceptedDate": "2009-03-02 14:32:23",
    "calendarYear": "2008",
    "period": "FY",
    "revenue": 1720488000,
    "costOfRevenue": 554280000,
    "grossProfit": 1166208000,
    "grossProfitRatio": 0.6778355908,
    "researchAndDevelopmentExpenses": 0,
    "generalAndAdministrativeExpenses": 0,
    "sellingAndMarketingExpenses": 0,
    "sellingGeneralAndAdministrativeExpenses": 62809000,
    "otherExpenses": 408983000,
    "operatingExpenses": 471792000,
    "costAndExpenses": 1026072000,
    "interestIncome": 0,
    "interestExpense": 43944000,
    "depreciationAndAmortization": 414201000,
    "ebitda": 1108617000,
    "ebitdaratio": 0.6443619485,
    "operatingIncome": 694416000,
    "operatingIncomeRatio": 0.4036157183,
    "totalOtherIncomeExpensesNet": -694416000,
    "incomeBeforeTax": 0,
    "incomeBeforeTaxRatio": 0,
    "incomeTaxExpense": 0,
    "netIncome": 935176000,
    "netIncomeRatio": 0.5435527594,
    "eps": 4.19,
    "epsdiluted": 4.18,
    "weightedAverageShsOut": 168248000,
    "weightedAverageShsOutDil": 168988000,
    "link": "https://www.sec.gov/Archives/edgar/data/1393311/000139331109000010/0001393311-09-000010-index.htm",
    "finalLink": "https://www.sec.gov/Archives/edgar/data/1393311/000139331109000010/ps10k_1208.txt"
  },
  {
    "date": "2007-12-31",
    "symbol": "PSA",
    "reportedCurrency": "USD",
    "cik": "0001393311",
    "fillingDate": "2008-02-29",
    "acceptedDate": "2008-02-29 13:48:37",
    "calendarYear": "2007",
    "period": "FY",
    "revenue": 1814499000,
    "costOfRevenue": 657743000,
    "grossProfit": 1156756000,
    "grossProfitRatio": 0.6375071025,
    "researchAndDevelopmentExpenses": 0,
    "generalAndAdministrativeExpenses": 59749000,
    "sellingAndMarketingExpenses": 0,
    "sellingGeneralAndAdministrativeExpenses": 59749000,
    "otherExpenses": 686071000,
    "operatingExpenses": 745820000,
    "costAndExpenses": 1403563000,
    "interestIncome": 0,
    "interestExpense": 63671000,
    "depreciationAndAmortization": 622894000,
    "ebitda": 1097501000,
    "ebitdaratio": 0.6048507053,
    "operatingIncome": 410936000,
    "operatingIncomeRatio": 0.2264735335,
    "totalOtherIncomeExpensesNet": -410936000,
    "incomeBeforeTax": 0,
    "incomeBeforeTaxRatio": 0,
    "incomeTaxExpense": 0,
    "netIncome": 457535000,
    "netIncomeRatio": 0.2521550026,
    "eps": 1.18,
    "epsdiluted": 1.17,
    "weightedAverageShsOut": 169342000,
    "weightedAverageShsOutDil": 170147000,
    "link": "https://www.sec.gov/Archives/edgar/data/1393311/000139331108000023/0001393311-08-000023-index.htm",
    "finalLink": "https://www.sec.gov/Archives/edgar/data/1393311/000139331108000023/psi10k_1207.txt"
  },
  {
    "date": "2006-12-31",
    "symbol": "PSA",
    "reportedCurrency": "USD",
    "cik": "0001393311",
    "fillingDate": "2006-12-31",
    "acceptedDate": "2006-12-30 19:00:00",
    "calendarYear": "2006",
    "period": "FY",
    "revenue": 1381011000,
    "costOfRevenue": 498438000,
    "grossProfit": 882573000,
    "grossProfitRatio": 0.6390774585,
    "researchAndDevelopmentExpenses": 0,
    "generalAndAdministrativeExpenses": 84661000,
    "sellingAndMarketingExpenses": 0,
    "sellingGeneralAndAdministrativeExpenses": 84661000,
    "otherExpenses": 437568000,
    "operatingExpenses": 522229000,
    "costAndExpenses": 1020667000,
    "interestIncome": 0,
    "interestExpense": 0,
    "depreciationAndAmortization": 437568000,
    "ebitda": 797912000,
    "ebitdaratio": 0.5777738193,
    "operatingIncome": 360344000,
    "operatingIncomeRatio": 0.2609276827,
    "totalOtherIncomeExpensesNet": -360344000,
    "incomeBeforeTax": 0,
    "incomeBeforeTaxRatio": 0,
    "incomeTaxExpense": 0,
    "netIncome": 314026000,
    "netIncomeRatio": 0.2273884857,
    "eps": 0.33,
    "epsdiluted": 0.33,
    "weightedAverageShsOut": 142760000,
    "weightedAverageShsOutDil": 143715000,
    "link": "",
    "finalLink": ""
  },
  {
    "date": "2005-12-31",
    "symbol": "PSA",
    "reportedCurrency": "USD",
    "cik": "0001393311",
    "fillingDate": "2005-12-31",
    "acceptedDate": "2005-12-30 19:00:00",
    "calendarYear": "2005",
    "period": "FY",
    "revenue": 1059838000,
    "costOfRevenue": 378258000,
    "grossProfit": 681580000,
    "grossProfitRatio": 0.6430982848,
    "researchAndDevelopmentExpenses": 0,
    "generalAndAdministrativeExpenses": 21115000,
    "sellingAndMarketingExpenses": 0,
    "sellingGeneralAndAdministrativeExpenses": 21115000,
    "otherExpenses": 196153000,
    "operatingExpenses": 217268000,
    "costAndExpenses": 595526000,
    "interestIncome": 0,
    "interestExpense": 0,
    "depreciationAndAmortization": 196153000,
    "ebitda": 660465000,
    "ebitdaratio": 0.6231754287,
    "operatingIncome": 464312000,
    "operatingIncomeRatio": 0.4380971431,
    "totalOtherIncomeExpensesNet": -464312000,
    "incomeBeforeTax": 0,
    "incomeBeforeTaxRatio": 0,
    "incomeTaxExpense": 0,
    "netIncome": 456393000,
    "netIncomeRatio": 0.4306252465,
    "eps": 1.98,
    "epsdiluted": 1.97,
    "weightedAverageShsOut": 128159000,
    "weightedAverageShsOutDil": 128819000,
    "link": "",
    "finalLink": ""
  },
  {
    "date": "2004-12-31",
    "symbol": "PSA",
    "reportedCurrency": "USD",
    "cik": "0001393311",
    "fillingDate": "2004-12-31",
    "acceptedDate": "2004-12-30 19:00:00",
    "calendarYear": "2004",
    "period": "FY",
    "revenue": 958157000,
    "costOfRevenue": 361944000,
    "grossProfit": 596213000,
    "grossProfitRatio": 0.6222497983,
    "researchAndDevelopmentExpenses": 0,
    "generalAndAdministrativeExpenses": 18813000,
    "sellingAndMarketingExpenses": 0,
    "sellingGeneralAndAdministrativeExpenses": 18813000,
    "otherExpenses": 182890000,
    "operatingExpenses": 201703000,
    "costAndExpenses": 563647000,
    "interestIncome": 0,
    "interestExpense": 0,
    "depreciationAndAmortization": 182890000,
    "ebitda": 587463000,
    "ebitdaratio": 0.6131176832,
    "operatingIncome": 394510000,
    "operatingIncomeRatio": 0.4117383686,
    "totalOtherIncomeExpensesNet": -394510000,
    "incomeBeforeTax": 0,
    "incomeBeforeTaxRatio": 0,
    "incomeTaxExpense": 0,
    "netIncome": 366213000,
    "netIncomeRatio": 0.3822056302,
    "eps": 1.39,
    "epsdiluted": 1.38,
    "weightedAverageShsOut": 127836000,
    "weightedAverageShsOutDil": 128681000,
    "link": "",
    "finalLink": ""
  },
  {
    "date": "2003-12-31",
    "symbol": "PSA",
    "reportedCurrency": "USD",
    "cik": "0001393311",
    "fillingDate": "2003-12-31",
    "acceptedDate": "2003-12-30 19:00:00",
    "calendarYear": "2003",
    "period": "FY",
    "revenue": 892887000,
    "costOfRevenue": 340871000,
    "grossProfit": 552016000,
    "grossProfitRatio": 0.6182372461,
    "researchAndDevelopmentExpenses": 0,
    "generalAndAdministrativeExpenses": 17127000,
    "sellingAndMarketingExpenses": 0,
    "sellingGeneralAndAdministrativeExpenses": 17127000,
    "otherExpenses": 183863000,
    "operatingExpenses": 200990000,
    "costAndExpenses": 541861000,
    "interestIncome": 0,
    "interestExpense": 0,
    "depreciationAndAmortization": 183863000,
    "ebitda": 534889000,
    "ebitdaratio": 0.5990556476,
    "operatingIncome": 351026000,
    "operatingIncomeRatio": 0.3931359735,
    "totalOtherIncomeExpensesNet": -351026000,
    "incomeBeforeTax": 0,
    "incomeBeforeTaxRatio": 0,
    "incomeTaxExpense": 0,
    "netIncome": 336653000,
    "netIncomeRatio": 0.3770387518,
    "eps": 1.29,
    "epsdiluted": 1.28,
    "weightedAverageShsOut": 125181000,
    "weightedAverageShsOutDil": 126517000,
    "link": "",
    "finalLink": ""
  },
  {
    "date": "2002-12-31",
    "symbol": "PSA",
    "reportedCurrency": "USD",
    "cik": "0001393311",
    "fillingDate": "2002-12-31",
    "acceptedDate": "2002-12-30 19:00:00",
    "calendarYear": "2002",
    "period": "FY",
    "revenue": 850483000,
    "costOfRevenue": 309491000,
    "grossProfit": 540992000,
    "grossProfitRatio": 0.6360997222,
    "researchAndDevelopmentExpenses": 0,
    "generalAndAdministrativeExpenses": 15619000,
    "sellingAndMarketingExpenses": 0,
    "sellingGeneralAndAdministrativeExpenses": 15619000,
    "otherExpenses": 174691000,
    "operatingExpenses": 190310000,
    "costAndExpenses": 499801000,
    "interestIncome": 0,
    "interestExpense": 0,
    "depreciationAndAmortization": 175524000,
    "ebitda": 525373000,
    "ebitdaratio": 0.6177348636,
    "operatingIncome": 350682000,
    "operatingIncomeRatio": 0.4123327568,
    "totalOtherIncomeExpensesNet": -350682000,
    "incomeBeforeTax": 0,
    "incomeBeforeTaxRatio": 0,
    "incomeTaxExpense": 0,
    "netIncome": 318738000,
    "netIncomeRatio": 0.3747729232,
    "eps": 1.15,
    "epsdiluted": 1.14,
    "weightedAverageShsOut": 123005000,
    "weightedAverageShsOutDil": 124571000,
    "link": "",
    "finalLink": ""
  },
  {
    "date": "2001-12-31",
    "symbol": "PSA",
    "reportedCurrency": "USD",
    "cik": "0001393311",
    "fillingDate": "2001-12-31",
    "acceptedDate": "2001-12-30 19:00:00",
    "calendarYear": "2001",
    "period": "FY",
    "revenue": 796295000,
    "costOfRevenue": 279564000,
    "grossProfit": 516731000,
    "grossProfitRatio": 0.6489190564,
    "researchAndDevelopmentExpenses": 0,
    "generalAndAdministrativeExpenses": 21038000,
    "sellingAndMarketingExpenses": 0,
    "sellingGeneralAndAdministrativeExpenses": 21038000,
    "otherExpenses": 126334000,
    "operatingExpenses": 147372000,
    "costAndExpenses": 426936000,
    "interestIncome": 0,
    "interestExpense": 0,
    "depreciationAndAmortization": 163922000,
    "ebitda": 495693000,
    "ebitdaratio": 0.6224991994,
    "operatingIncome": 369359000,
    "operatingIncomeRatio": 0.4638469411,
    "totalOtherIncomeExpensesNet": -369359000,
    "incomeBeforeTax": 0,
    "incomeBeforeTaxRatio": 0,
    "incomeTaxExpense": 0,
    "netIncome": 324208000,
    "netIncomeRatio": 0.407145593,
    "eps": 1.41,
    "epsdiluted": 1.39,
    "weightedAverageShsOut": 122310000,
    "weightedAverageShsOutDil": 123577000,
    "link": "",
    "finalLink": ""
  },
  {
    "date": "2000-12-31",
    "symbol": "PSA",
    "reportedCurrency": "USD",
    "cik": "0001393311",
    "fillingDate": "2000-12-31",
    "acceptedDate": "2000-12-30 19:00:00",
    "calendarYear": "2000",
    "period": "FY",
    "revenue": 706230000,
    "costOfRevenue": 237955000,
    "grossProfit": 468275000,
    "grossProfitRatio": 0.6630630248,
    "researchAndDevelopmentExpenses": 0,
    "generalAndAdministrativeExpenses": 21306000,
    "sellingAndMarketingExpenses": 0,
    "sellingGeneralAndAdministrativeExpenses": 21306000,
    "otherExpenses": 112018000,
    "operatingExpenses": 133324000,
    "costAndExpenses": 371279000,
    "interestIncome": 0,
    "interestExpense": 0,
    "depreciationAndAmortization": 146996000,
    "ebitda": 869328000,
    "ebitdaratio": 1.2309417612,
    "operatingIncome": 334951000,
    "operatingIncomeRatio": 0.4742803336,
    "totalOtherIncomeExpensesNet": -334951000,
    "incomeBeforeTax": 0,
    "incomeBeforeTaxRatio": 0,
    "incomeTaxExpense": 0,
    "netIncome": 297088000,
    "netIncomeRatio": 0.4206674879,
    "eps": 1.41,
    "epsdiluted": 1.41,
    "weightedAverageShsOut": 131566000,
    "weightedAverageShsOutDil": 131657000,
    "link": "",
    "finalLink": ""
  },
  {
    "date": "1999-12-31",
    "symbol": "PSA",
    "reportedCurrency": "USD",
    "cik": "0001393311",
    "fillingDate": "1999-12-31",
    "acceptedDate": "1999-12-30 19:00:00",
    "calendarYear": "1999",
    "period": "FY",
    "revenue": 638999000,
    "costOfRevenue": 211847000,
    "grossProfit": 427152000,
    "grossProfitRatio": 0.6684705297,
    "researchAndDevelopmentExpenses": 0,
    "generalAndAdministrativeExpenses": 12491000,
    "sellingAndMarketingExpenses": 0,
    "sellingGeneralAndAdministrativeExpenses": 12491000,
    "otherExpenses": 136663000,
    "operatingExpenses": 149154000,
    "costAndExpenses": 361001000,
    "interestIncome": 0,
    "interestExpense": 0,
    "depreciationAndAmortization": 157400000,
    "ebitda": 433198000,
    "ebitdaratio": 0.6779322033,
    "operatingIncome": 277998000,
    "operatingIncomeRatio": 0.435052324,
    "totalOtherIncomeExpensesNet": -277998000,
    "incomeBeforeTax": 0,
    "incomeBeforeTaxRatio": 0,
    "incomeTaxExpense": 0,
    "netIncome": 287885000,
    "netIncomeRatio": 0.4505249617,
    "eps": 1.53,
    "epsdiluted": 1.52,
    "weightedAverageShsOut": 126308000,
    "weightedAverageShsOutDil": 126669000,
    "link": "",
    "finalLink": ""
  },
  {
    "date": "1998-12-31",
    "symbol": "PSA",
    "reportedCurrency": "USD",
    "cik": "0001393311",
    "fillingDate": "1998-12-31",
    "acceptedDate": "1998-12-30 19:00:00",
    "calendarYear": "1998",
    "period": "FY",
    "revenue": 553753000,
    "costOfRevenue": 204106000,
    "grossProfit": 349647000,
    "grossProfitRatio": 0.6314132835,
    "researchAndDevelopmentExpenses": 0,
    "generalAndAdministrativeExpenses": 11635000,
    "sellingAndMarketingExpenses": 0,
    "sellingGeneralAndAdministrativeExpenses": 11635000,
    "otherExpenses": 320304000,
    "operatingExpenses": 331939000,
    "costAndExpenses": 536045000,
    "interestIncome": 0,
    "interestExpense": 0,
    "depreciationAndAmortization": 125700000,
    "ebitda": 143408000,
    "ebitdaratio": 0.2589746692,
    "operatingIncome": 17708000,
    "operatingIncomeRatio": 0.0319781563,
    "totalOtherIncomeExpensesNet": -17708000,
    "incomeBeforeTax": 0,
    "incomeBeforeTaxRatio": 0,
    "incomeTaxExpense": 0,
    "netIncome": 227019000,
    "netIncomeRatio": 0.4099643704,
    "eps": 1.3,
    "epsdiluted": 1.3,
    "weightedAverageShsOut": 113929000,
    "weightedAverageShsOutDil": 114357000,
    "link": "",
    "finalLink": ""
  },
  {
    "date": "1997-12-31",
    "symbol": "PSA",
    "reportedCurrency": "USD",
    "cik": "0001393311",
    "fillingDate": "1997-12-31",
    "acceptedDate": "1997-12-30 19:00:00",
    "calendarYear": "1997",
    "period": "FY",
    "revenue": 469100000,
    "costOfRevenue": 1793000,
    "grossProfit": 469051000,
    "grossProfitRatio": 0.9998955447,
    "researchAndDevelopmentExpenses": 0,
    "generalAndAdministrativeExpenses": 13500000,
    "sellingAndMarketingExpenses": 0,
    "sellingGeneralAndAdministrativeExpenses": 13500000,
    "otherExpenses": 82496000,
    "operatingExpenses": 95996000,
    "costAndExpenses": 97789000,
    "interestIncome": 0,
    "interestExpense": 0,
    "depreciationAndAmortization": 104200000,
    "ebitda": 831700000,
    "ebitdaratio": 1.7729695161,
    "operatingIncome": 371311000,
    "operatingIncomeRatio": 0.7915391175,
    "totalOtherIncomeExpensesNet": -371311000,
    "incomeBeforeTax": 0,
    "incomeBeforeTaxRatio": 0,
    "incomeTaxExpense": 0,
    "netIncome": 178600000,
    "netIncomeRatio": 0.3807290556,
    "eps": 0.92,
    "epsdiluted": 0.91,
    "weightedAverageShsOut": 98043478,
    "weightedAverageShsOutDil": 99120879,
    "link": "",
    "finalLink": ""
  },
  {
    "date": "1996-12-31",
    "symbol": "PSA",
    "reportedCurrency": "USD",
    "cik": "0001393311",
    "fillingDate": "1996-12-31",
    "acceptedDate": "1996-12-30 19:00:00",
    "calendarYear": "1996",
    "period": "FY",
    "revenue": 339000000,
    "costOfRevenue": 2575000,
    "grossProfit": 338547000,
    "grossProfitRatio": 0.9986637168,
    "researchAndDevelopmentExpenses": 0,
    "generalAndAdministrativeExpenses": 8100000,
    "sellingAndMarketingExpenses": 0,
    "sellingGeneralAndAdministrativeExpenses": 8100000,
    "otherExpenses": 63687000,
    "operatingExpenses": 71787000,
    "costAndExpenses": 74362000,
    "interestIncome": 0,
    "interestExpense": 0,
    "depreciationAndAmortization": 82400000,
    "ebitda": 580900000,
    "ebitdaratio": 1.7135693215,
    "operatingIncome": 264638000,
    "operatingIncomeRatio": 0.7806430678,
    "totalOtherIncomeExpensesNet": -264638000,
    "incomeBeforeTax": 0,
    "incomeBeforeTaxRatio": 0,
    "incomeTaxExpense": 0,
    "netIncome": 153500000,
    "netIncomeRatio": 0.4528023599,
    "eps": 1.1,
    "epsdiluted": 1.1,
    "weightedAverageShsOut": 77181818,
    "weightedAverageShsOutDil": 77181818,
    "link": "",
    "finalLink": ""
  },
  {
    "date": "1995-12-31",
    "symbol": "PSA",
    "reportedCurrency": "USD",
    "cik": "0001393311",
    "fillingDate": "1995-12-31",
    "acceptedDate": "1995-12-30 19:00:00",
    "calendarYear": "1995",
    "period": "FY",
    "revenue": 212650000,
    "costOfRevenue": 72699000,
    "grossProfit": 139951000,
    "grossProfitRatio": 0.65812838,
    "researchAndDevelopmentExpenses": 0,
    "generalAndAdministrativeExpenses": 3982000,
    "sellingAndMarketingExpenses": 0,
    "sellingGeneralAndAdministrativeExpenses": 3982000,
    "otherExpenses": 49938000,
    "operatingExpenses": 53920000,
    "costAndExpenses": 126619000,
    "interestIncome": 0,
    "interestExpense": 0,
    "depreciationAndAmortization": 40647000,
    "ebitda": 126791000,
    "ebitdaratio": 0.5962426522,
    "operatingIncome": 86031000,
    "operatingIncomeRatio": 0.4045661886,
    "totalOtherIncomeExpensesNet": -86031000,
    "incomeBeforeTax": 0,
    "incomeBeforeTaxRatio": 0,
    "incomeTaxExpense": 0,
    "netIncome": 70386000,
    "netIncomeRatio": 0.3309945921,
    "eps": 0.95,
    "epsdiluted": 0.95,
    "weightedAverageShsOut": 41171000,
    "weightedAverageShsOutDil": 41171000,
    "link": "",
    "finalLink": ""
  },
  {
    "date": "1994-12-31",
    "symbol": "PSA",
    "reportedCurrency": "USD",
    "cik": "0001393311",
    "fillingDate": "1994-12-31",
    "acceptedDate": "1994-12-30 19:00:00",
    "calendarYear": "1994",
    "period": "FY",
    "revenue": 147196000,
    "costOfRevenue": 52816000,
    "grossProfit": 94380000,
    "grossProfitRatio": 0.6411859018,
    "researchAndDevelopmentExpenses": 0,
    "generalAndAdministrativeExpenses": 2631000,
    "sellingAndMarketingExpenses": 0,
    "sellingGeneralAndAdministrativeExpenses": 2631000,
    "otherExpenses": 33257000,
    "operatingExpenses": 35888000,
    "costAndExpenses": 88704000,
    "interestIncome": 0,
    "interestExpense": 0,
    "depreciationAndAmortization": 27581000,
    "ebitda": 86766000,
    "ebitdaratio": 0.5894589527,
    "operatingIncome": 58492000,
    "operatingIncomeRatio": 0.3973749287,
    "totalOtherIncomeExpensesNet": -58492000,
    "incomeBeforeTax": 0,
    "incomeBeforeTaxRatio": 0,
    "incomeTaxExpense": 0,
    "netIncome": 42118000,
    "netIncomeRatio": 0.2861354928,
    "eps": 1.05,
    "epsdiluted": 1.05,
    "weightedAverageShsOut": 24077055,
    "weightedAverageShsOutDil": 24077055,
    "link": "",
    "finalLink": ""
  },
  {
    "date": "1993-12-31",
    "symbol": "PSA",
    "reportedCurrency": "USD",
    "cik": "0001393311",
    "fillingDate": "1993-12-31",
    "acceptedDate": "1993-12-30 19:00:00",
    "calendarYear": "1993",
    "period": "FY",
    "revenue": 114700000,
    "costOfRevenue": 0,
    "grossProfit": 114700000,
    "grossProfitRatio": 1,
    "researchAndDevelopmentExpenses": 0,
    "generalAndAdministrativeExpenses": 2500000,
    "sellingAndMarketingExpenses": 0,
    "sellingGeneralAndAdministrativeExpenses": 2500000,
    "otherExpenses": -73200000,
    "operatingExpenses": -70700000,
    "costAndExpenses": -70700000,
    "interestIncome": 0,
    "interestExpense": 0,
    "depreciationAndAmortization": 24200000,
    "ebitda": 209600000,
    "ebitdaratio": 1.8273757629,
    "operatingIncome": 185400000,
    "operatingIncomeRatio": 1.6163905841,
    "totalOtherIncomeExpensesNet": -185400000,
    "incomeBeforeTax": 0,
    "incomeBeforeTaxRatio": 0,
    "incomeTaxExpense": 0,
    "netIncome": 28000000,
    "netIncomeRatio": 0.2441150828,
    "eps": 0.98,
    "epsdiluted": 0.98,
    "weightedAverageShsOut": 18056000,
    "weightedAverageShsOutDil": 18056000,
    "link": "",
    "finalLink": ""
  },
  {
    "date": "1992-12-31",
    "symbol": "PSA",
    "reportedCurrency": "USD",
    "cik": "0001393311",
    "fillingDate": "1992-12-31",
    "acceptedDate": "1992-12-30 19:00:00",
    "calendarYear": "1992",
    "period": "FY",
    "revenue": 70000000,
    "costOfRevenue": 0,
    "grossProfit": 70000000,
    "grossProfitRatio": 1,
    "researchAndDevelopmentExpenses": 0,
    "generalAndAdministrativeExpenses": 1400000,
    "sellingAndMarketingExpenses": 0,
    "sellingGeneralAndAdministrativeExpenses": 1400000,
    "otherExpenses": -43200000,
    "operatingExpenses": -41800000,
    "costAndExpenses": -41800000,
    "interestIncome": 0,
    "interestExpense": 0,
    "depreciationAndAmortization": 14300000,
    "ebitda": 126100000,
    "ebitdaratio": 1.8014285714,
    "operatingIncome": 111800000,
    "operatingIncomeRatio": 1.5971428571,
    "totalOtherIncomeExpensesNet": -111800000,
    "incomeBeforeTax": 0,
    "incomeBeforeTaxRatio": 0,
    "incomeTaxExpense": 0,
    "netIncome": 15100000,
    "netIncomeRatio": 0.2157142857,
    "eps": 0.9,
    "epsdiluted": 0.9,
    "weightedAverageShsOut": 16777778,
    "weightedAverageShsOutDil": 16777778,
    "link": "",
    "finalLink": ""
  },
  {
    "date": "1991-12-31",
    "symbol": "PSA",
    "reportedCurrency": "USD",
    "cik": "0001393311",
    "fillingDate": "1991-12-31",
    "acceptedDate": "1991-12-30 19:00:00",
    "calendarYear": "1991",
    "period": "FY",
    "revenue": 50000000,
    "costOfRevenue": 0,
    "grossProfit": 50000000,
    "grossProfitRatio": 1,
    "researchAndDevelopmentExpenses": 0,
    "generalAndAdministrativeExpenses": 1400000,
    "sellingAndMarketingExpenses": 0,
    "sellingGeneralAndAdministrativeExpenses": 1400000,
    "otherExpenses": -27200000,
    "operatingExpenses": -25800000,
    "costAndExpenses": -25800000,
    "interestIncome": 0,
    "interestExpense": 0,
    "depreciationAndAmortization": 8900000,
    "ebitda": 84700000,
    "ebitdaratio": 1.694,
    "operatingIncome": 75800000,
    "operatingIncomeRatio": 1.516,
    "totalOtherIncomeExpensesNet": -75800000,
    "incomeBeforeTax": 0,
    "incomeBeforeTaxRatio": 0,
    "incomeTaxExpense": 0,
    "netIncome": 12000000,
    "netIncomeRatio": 0.24,
    "eps": 0.81,
    "epsdiluted": 0.81,
    "weightedAverageShsOut": 14814815,
    "weightedAverageShsOutDil": 14814815,
    "link": "",
    "finalLink": ""
  },
  {
    "date": "1990-12-31",
    "symbol": "PSA",
    "reportedCurrency": "USD",
    "cik": "0001393311",
    "fillingDate": "1990-12-31",
    "acceptedDate": "1990-12-30 19:00:00",
    "calendarYear": "1990",
    "period": "FY",
    "revenue": 34500000,
    "costOfRevenue": 0,
    "grossProfit": 34500000,
    "grossProfitRatio": 1,
    "researchAndDevelopmentExpenses": 0,
    "generalAndAdministrativeExpenses": 1100000,
    "sellingAndMarketingExpenses": 0,
    "sellingGeneralAndAdministrativeExpenses": 1100000,
    "otherExpenses": -13800000,
    "operatingExpenses": -12700000,
    "costAndExpenses": -12700000,
    "interestIncome": 0,
    "interestExpense": 0,
    "depreciationAndAmortization": 3600000,
    "ebitda": 50800000,
    "ebitdaratio": 1.4724637681,
    "operatingIncome": 47200000,
    "operatingIncomeRatio": 1.368115942,
    "totalOtherIncomeExpensesNet": -47200000,
    "incomeBeforeTax": 0,
    "incomeBeforeTaxRatio": 0,
    "incomeTaxExpense": 0,
    "netIncome": 12000000,
    "netIncomeRatio": 0.347826087,
    "eps": 1.04,
    "epsdiluted": 1.04,
    "weightedAverageShsOut": 11538462,
    "weightedAverageShsOutDil": 11538462,
    "link": "",
    "finalLink": ""
  },
  {
    "date": "1989-12-31",
    "symbol": "PSA",
    "reportedCurrency": "USD",
    "cik": "0001393311",
    "fillingDate": "1989-12-31",
    "acceptedDate": "1989-12-30 19:00:00",
    "calendarYear": "1989",
    "period": "FY",
    "revenue": 29700000,
    "costOfRevenue": 0,
    "grossProfit": 29700000,
    "grossProfitRatio": 1,
    "researchAndDevelopmentExpenses": 0,
    "generalAndAdministrativeExpenses": 1300000,
    "sellingAndMarketingExpenses": 0,
    "sellingGeneralAndAdministrativeExpenses": 1300000,
    "otherExpenses": -8800000,
    "operatingExpenses": -7500000,
    "costAndExpenses": -7500000,
    "interestIncome": 0,
    "interestExpense": 0,
    "depreciationAndAmortization": 1900000,
    "ebitda": 39100000,
    "ebitdaratio": 1.3164983165,
    "operatingIncome": 37200000,
    "operatingIncomeRatio": 1.2525252525,
    "totalOtherIncomeExpensesNet": -37200000,
    "incomeBeforeTax": 0,
    "incomeBeforeTaxRatio": 0,
    "incomeTaxExpense": 0,
    "netIncome": 11100000,
    "netIncomeRatio": 0.3737373737,
    "eps": 1.01,
    "epsdiluted": 1.01,
    "weightedAverageShsOut": 10990099,
    "weightedAverageShsOutDil": 10990099,
    "link": "",
    "finalLink": ""
  },
  {
    "date": "1988-12-31",
    "symbol": "PSA",
    "reportedCurrency": "USD",
    "cik": "0001393311",
    "fillingDate": "1988-12-31",
    "acceptedDate": "1988-12-30 19:00:00",
    "calendarYear": "1988",
    "period": "FY",
    "revenue": 29800000,
    "costOfRevenue": 0,
    "grossProfit": 29800000,
    "grossProfitRatio": 1,
    "researchAndDevelopmentExpenses": 0,
    "generalAndAdministrativeExpenses": 0,
    "sellingAndMarketingExpenses": 0,
    "sellingGeneralAndAdministrativeExpenses": 0,
    "otherExpenses": -9800000,
    "operatingExpenses": -9800000,
    "costAndExpenses": -9800000,
    "interestIncome": 0,
    "interestExpense": 0,
    "depreciationAndAmortization": 0,
    "ebitda": 39600000,
    "ebitdaratio": 1.3288590604,
    "operatingIncome": 39600000,
    "operatingIncomeRatio": 1.3288590604,
    "totalOtherIncomeExpensesNet": -39600000,
    "incomeBeforeTax": 0,
    "incomeBeforeTaxRatio": 0,
    "incomeTaxExpense": 0,
    "netIncome": 11600000,
    "netIncomeRatio": 0.389261745,
    "eps": 1.06,
    "epsdiluted": 1.06,
    "weightedAverageShsOut": 10943396,
    "weightedAverageShsOutDil": 10943396,
    "link": "",
    "finalLink": ""
  },
  {
    "date": "1987-12-31",
    "symbol": "PSA",
    "reportedCurrency": "USD",
    "cik": "0001393311",
    "fillingDate": "1987-12-31",
    "acceptedDate": "1987-12-30 19:00:00",
    "calendarYear": "1987",
    "period": "FY",
    "revenue": 28400000,
    "costOfRevenue": 0,
    "grossProfit": 28400000,
    "grossProfitRatio": 1,
    "researchAndDevelopmentExpenses": 0,
    "generalAndAdministrativeExpenses": 0,
    "sellingAndMarketingExpenses": 0,
    "sellingGeneralAndAdministrativeExpenses": 0,
    "otherExpenses": -9200000,
    "operatingExpenses": -9200000,
    "costAndExpenses": -9200000,
    "interestIncome": 0,
    "interestExpense": 0,
    "depreciationAndAmortization": 0,
    "ebitda": 37600000,
    "ebitdaratio": 1.323943662,
    "operatingIncome": 37600000,
    "operatingIncomeRatio": 1.323943662,
    "totalOtherIncomeExpensesNet": -37600000,
    "incomeBeforeTax": 0,
    "incomeBeforeTaxRatio": 0,
    "incomeTaxExpense": 0,
    "netIncome": 10500000,
    "netIncomeRatio": 0.3697183099,
    "eps": 1,
    "epsdiluted": 1,
    "weightedAverageShsOut": 10500000,
    "weightedAverageShsOutDil": 10500000,
    "link": "",
    "finalLink": ""
  },
  {
    "date": "1986-12-31",
    "symbol": "PSA",
    "reportedCurrency": "USD",
    "cik": "0001393311",
    "fillingDate": "1986-12-31",
    "acceptedDate": "1986-12-30 19:00:00",
    "calendarYear": "1986",
    "period": "FY",
    "revenue": 23200000,
    "costOfRevenue": 0,
    "grossProfit": 23200000,
    "grossProfitRatio": 1,
    "researchAndDevelopmentExpenses": 0,
    "generalAndAdministrativeExpenses": 0,
    "sellingAndMarketingExpenses": 0,
    "sellingGeneralAndAdministrativeExpenses": 0,
    "otherExpenses": -6600000,
    "operatingExpenses": -6600000,
    "costAndExpenses": -6600000,
    "interestIncome": 0,
    "interestExpense": 0,
    "depreciationAndAmortization": 0,
    "ebitda": 29800000,
    "ebitdaratio": 1.2844827586,
    "operatingIncome": 29800000,
    "operatingIncomeRatio": 1.2844827586,
    "totalOtherIncomeExpensesNet": -29800000,
    "incomeBeforeTax": 0,
    "incomeBeforeTaxRatio": 0,
    "incomeTaxExpense": 0,
    "netIncome": 10000000,
    "netIncomeRatio": 0.4310344828,
    "eps": 1.05,
    "epsdiluted": 1.05,
    "weightedAverageShsOut": 9523810,
    "weightedAverageShsOutDil": 9523810,
    "link": "",
    "finalLink": ""
  },
  {
    "date": "1985-12-31",
    "symbol": "PSA",
    "reportedCurrency": "USD",
    "cik": "0001393311",
    "fillingDate": "1985-12-31",
    "acceptedDate": "1985-12-30 19:00:00",
    "calendarYear": "1985",
    "period": "FY",
    "revenue": 19300000,
    "costOfRevenue": 0,
    "grossProfit": 19300000,
    "grossProfitRatio": 1,
    "researchAndDevelopmentExpenses": 0,
    "generalAndAdministrativeExpenses": 0,
    "sellingAndMarketingExpenses": 0,
    "sellingGeneralAndAdministrativeExpenses": 0,
    "otherExpenses": -5800000,
    "operatingExpenses": -5800000,
    "costAndExpenses": -5800000,
    "interestIncome": 0,
    "interestExpense": 0,
    "depreciationAndAmortization": 0,
    "ebitda": 25100000,
    "ebitdaratio": 1.3005181347,
    "operatingIncome": 25100000,
    "operatingIncomeRatio": 1.3005181347,
    "totalOtherIncomeExpensesNet": -25100000,
    "incomeBeforeTax": 0,
    "incomeBeforeTaxRatio": 0,
    "incomeTaxExpense": 0,
    "netIncome": 6700000,
    "netIncomeRatio": 0.3471502591,
    "eps": 1.37,
    "epsdiluted": 1.37,
    "weightedAverageShsOut": 2500000,
    "weightedAverageShsOutDil": 2500000,
    "link": "",
    "finalLink": ""
  }
]