[
  {
    "date": "2025-06-30",
    "symbol": "PSKY",
    "reportedCurrency": "USD",
    "cik": "0000813828",
    "fillingDate": "2025-07-31",
    "acceptedDate": "2025-07-31 17:04:32",
    "calendarYear": "2025",
    "period": "Q2",
    "revenue": 6849000000,
    "costOfRevenue": 4624000000,
    "grossProfit": 2225000000,
    "grossProfitRatio": 0.3248649438,
    "researchAndDevelopmentExpenses": 0,
    "generalAndAdministrativeExpenses": 0,
    "sellingAndMarketingExpenses": 0,
    "sellingGeneralAndAdministrativeExpenses": 1401000000,
    "otherExpenses": 425000000,
    "operatingExpenses": 1826000000,
    "costAndExpenses": 6450000000,
    "interestIncome": 32000000,
    "interestExpense": 214000000,
    "depreciationAndAmortization": 87000000,
    "ebitda": 479000000,
    "ebitdaratio": 0.0699372171,
    "operatingIncome": 399000000,
    "operatingIncomeRatio": 0.0582566798,
    "totalOtherIncomeExpensesNet": -221000000,
    "incomeBeforeTax": 178000000,
    "incomeBeforeTaxRatio": 0.0259891955,
    "incomeTaxExpense": 50000000,
    "netIncome": 57000000,
    "netIncomeRatio": 0.0083223828,
    "eps": 0.08,
    "epsdiluted": 0.08,
    "weightedAverageShsOut": 675000000,
    "weightedAverageShsOutDil": 680000000,
    "link": "https://www.sec.gov/Archives/edgar/data/813828/000081382825000023/0000813828-25-000023-index.htm",
    "finalLink": "https://www.sec.gov/Archives/edgar/data/813828/000081382825000023/para-20250630.htm"
  },
  {
    "date": "2025-03-31",
    "symbol": "PSKY",
    "reportedCurrency": "USD",
    "cik": "0000813828",
    "fillingDate": "2025-05-08",
    "acceptedDate": "2025-05-08 17:19:27",
    "calendarYear": "2025",
    "period": "Q1",
    "revenue": 7192000000,
    "costOfRevenue": 4961000000,
    "grossProfit": 2231000000,
    "grossProfitRatio": 0.3102057842,
    "researchAndDevelopmentExpenses": 0,
    "generalAndAdministrativeExpenses": 1577000000,
    "sellingAndMarketingExpenses": 0,
    "sellingGeneralAndAdministrativeExpenses": 1577000000,
    "otherExpenses": 104000000,
    "operatingExpenses": 1681000000,
    "costAndExpenses": 6642000000,
    "interestIncome": 38000000,
    "interestExpense": 217000000,
    "depreciationAndAmortization": 88000000,
    "ebitda": 639000000,
    "ebitdaratio": 0.0888487208,
    "operatingIncome": 550000000,
    "operatingIncomeRatio": 0.0764738598,
    "totalOtherIncomeExpensesNet": -216000000,
    "incomeBeforeTax": 334000000,
    "incomeBeforeTaxRatio": 0.0464404894,
    "incomeTaxExpense": 100000000,
    "netIncome": 152000000,
    "netIncomeRatio": 0.021134594,
    "eps": 0.23,
    "epsdiluted": 0.22,
    "weightedAverageShsOut": 672000000,
    "weightedAverageShsOutDil": 678000000,
    "link": "https://www.sec.gov/Archives/edgar/data/813828/000081382825000013/0000813828-25-000013-index.htm",
    "finalLink": "https://www.sec.gov/Archives/edgar/data/813828/000081382825000013/para-20250331.htm"
  },
  {
    "date": "2024-12-31",
    "symbol": "PSKY",
    "reportedCurrency": "USD",
    "cik": "0000813828",
    "fillingDate": "2025-02-26",
    "acceptedDate": "2025-02-26 17:19:31",
    "calendarYear": "2024",
    "period": "Q4",
    "revenue": 7984000000,
    "costOfRevenue": 5692000000,
    "grossProfit": 2292000000,
    "grossProfitRatio": 0.2870741483,
    "researchAndDevelopmentExpenses": 0,
    "generalAndAdministrativeExpenses": 1922000000,
    "sellingAndMarketingExpenses": 0,
    "sellingGeneralAndAdministrativeExpenses": 1922000000,
    "otherExpenses": 241000000,
    "operatingExpenses": 2163000000,
    "costAndExpenses": 7855000000,
    "interestIncome": 40000000,
    "interestExpense": 215000000,
    "depreciationAndAmortization": 95000000,
    "ebitda": 195000000,
    "ebitdaratio": 0.0244238477,
    "operatingIncome": 129000000,
    "operatingIncomeRatio": 0.0161573146,
    "totalOtherIncomeExpensesNet": -244000000,
    "incomeBeforeTax": -115000000,
    "incomeBeforeTaxRatio": -0.0144038076,
    "incomeTaxExpense": 37000000,
    "netIncome": -224000000,
    "netIncomeRatio": -0.0280561122,
    "eps": -0.36,
    "epsdiluted": -0.36,
    "weightedAverageShsOut": 669000000,
    "weightedAverageShsOutDil": 669000000,
    "link": "https://www.sec.gov/Archives/edgar/data/813828/000081382825000005/0000813828-25-000005-index.htm",
    "finalLink": "https://www.sec.gov/Archives/edgar/data/813828/000081382825000005/para-20241231.htm"
  },
  {
    "date": "2024-09-30",
    "symbol": "PSKY",
    "reportedCurrency": "USD",
    "cik": "0000813828",
    "fillingDate": "2024-11-08",
    "acceptedDate": "2024-11-08 09:53:42",
    "calendarYear": "2024",
    "period": "Q3",
    "revenue": 6731000000,
    "costOfRevenue": 4342000000,
    "grossProfit": 2389000000,
    "grossProfitRatio": 0.354924974,
    "researchAndDevelopmentExpenses": 0,
    "generalAndAdministrativeExpenses": 1565000000,
    "sellingAndMarketingExpenses": 0,
    "sellingGeneralAndAdministrativeExpenses": 1565000000,
    "otherExpenses": 487000000,
    "operatingExpenses": 2052000000,
    "costAndExpenses": 6394000000,
    "interestIncome": 31000000,
    "interestExpense": 209000000,
    "depreciationAndAmortization": 96000000,
    "ebitda": 425000000,
    "ebitdaratio": 0.0631406923,
    "operatingIncome": 337000000,
    "operatingIncomeRatio": 0.0500668549,
    "totalOtherIncomeExpensesNet": -217000000,
    "incomeBeforeTax": 120000000,
    "incomeBeforeTaxRatio": 0.0178279602,
    "incomeTaxExpense": 45000000,
    "netIncome": 1000000,
    "netIncomeRatio": 0.0001485663,
    "eps": 0.0015,
    "epsdiluted": 0.0015,
    "weightedAverageShsOut": 667000000,
    "weightedAverageShsOutDil": 670000000,
    "link": "https://www.sec.gov/Archives/edgar/data/813828/000081382824000079/0000813828-24-000079-index.htm",
    "finalLink": "https://www.sec.gov/Archives/edgar/data/813828/000081382824000079/para-20240930.htm"
  },
  {
    "date": "2024-06-30",
    "symbol": "PSKY",
    "reportedCurrency": "USD",
    "cik": "0000813828",
    "fillingDate": "2024-08-08",
    "acceptedDate": "2024-08-08 17:18:36",
    "calendarYear": "2024",
    "period": "Q2",
    "revenue": 6813000000,
    "costOfRevenue": 4367000000,
    "grossProfit": 2446000000,
    "grossProfitRatio": 0.3590195215,
    "researchAndDevelopmentExpenses": 0,
    "generalAndAdministrativeExpenses": 1614000000,
    "sellingAndMarketingExpenses": 0,
    "sellingGeneralAndAdministrativeExpenses": 1614000000,
    "otherExpenses": 6150000000,
    "operatingExpenses": 7764000000,
    "costAndExpenses": 12131000000,
    "interestIncome": 35000000,
    "interestExpense": 215000000,
    "depreciationAndAmortization": 101000000,
    "ebitda": -5231000000,
    "ebitdaratio": -0.7677968589,
    "operatingIncome": -5318000000,
    "operatingIncomeRatio": -0.7805665639,
    "totalOtherIncomeExpensesNet": -229000000,
    "incomeBeforeTax": -5547000000,
    "incomeBeforeTaxRatio": -0.8141787759,
    "incomeTaxExpense": -215000000,
    "netIncome": -5413000000,
    "netIncomeRatio": -0.7945104946,
    "eps": -8.12,
    "epsdiluted": -8.12,
    "weightedAverageShsOut": 667000000,
    "weightedAverageShsOutDil": 667000000,
    "link": "https://www.sec.gov/Archives/edgar/data/813828/000081382824000053/0000813828-24-000053-index.htm",
    "finalLink": "https://www.sec.gov/Archives/edgar/data/813828/000081382824000053/para-20240630.htm"
  },
  {
    "date": "2024-03-31",
    "symbol": "PSKY",
    "reportedCurrency": "USD",
    "cik": "0000813828",
    "fillingDate": "2024-04-29",
    "acceptedDate": "2024-04-29 17:20:25",
    "calendarYear": "2024",
    "period": "Q1",
    "revenue": 7685000000,
    "costOfRevenue": 6154000000,
    "grossProfit": 1531000000,
    "grossProfitRatio": 0.1992192583,
    "researchAndDevelopmentExpenses": 0,
    "generalAndAdministrativeExpenses": 1696000000,
    "sellingAndMarketingExpenses": 0,
    "sellingGeneralAndAdministrativeExpenses": 1696000000,
    "otherExpenses": 252000000,
    "operatingExpenses": 1948000000,
    "costAndExpenses": 8102000000,
    "interestIncome": 45000000,
    "interestExpense": 221000000,
    "depreciationAndAmortization": 100000000,
    "ebitda": -314000000,
    "ebitdaratio": -0.0408588159,
    "operatingIncome": -417000000,
    "operatingIncomeRatio": -0.0542615485,
    "totalOtherIncomeExpensesNet": -218000000,
    "incomeBeforeTax": -635000000,
    "incomeBeforeTaxRatio": -0.0826284971,
    "incomeTaxExpense": -172000000,
    "netIncome": -554000000,
    "netIncomeRatio": -0.0720884841,
    "eps": -0.85,
    "epsdiluted": -0.85,
    "weightedAverageShsOut": 654000000,
    "weightedAverageShsOutDil": 654000000,
    "link": "https://www.sec.gov/Archives/edgar/data/813828/000081382824000020/0000813828-24-000020-index.htm",
    "finalLink": "https://www.sec.gov/Archives/edgar/data/813828/000081382824000020/para-20240331.htm"
  },
  {
    "date": "2023-12-31",
    "symbol": "PSKY",
    "reportedCurrency": "USD",
    "cik": "0000813828",
    "fillingDate": "2023-12-31",
    "acceptedDate": "2023-12-30 19:00:00",
    "calendarYear": "2023",
    "period": "Q4",
    "revenue": 7638000000,
    "costOfRevenue": 5253000000,
    "grossProfit": 2385000000,
    "grossProfitRatio": 0.3122545169,
    "researchAndDevelopmentExpenses": 0,
    "generalAndAdministrativeExpenses": 2013000000,
    "sellingAndMarketingExpenses": -40000000,
    "sellingGeneralAndAdministrativeExpenses": 1973000000,
    "otherExpenses": 0,
    "operatingExpenses": 1973000000,
    "costAndExpenses": 7226000000,
    "interestIncome": 40000000,
    "interestExpense": 222000000,
    "depreciationAndAmortization": 108000000,
    "ebitda": 516000000,
    "ebitdaratio": 0.0675569521,
    "operatingIncome": 412000000,
    "operatingIncomeRatio": 0.0539408222,
    "totalOtherIncomeExpensesNet": -221000000,
    "incomeBeforeTax": 183000000,
    "incomeBeforeTaxRatio": 0.0239591516,
    "incomeTaxExpense": 75000000,
    "netIncome": 77000000,
    "netIncomeRatio": 0.0100811731,
    "eps": 0.76,
    "epsdiluted": 0.76,
    "weightedAverageShsOut": 652000000,
    "weightedAverageShsOutDil": 653000000,
    "link": null,
    "finalLink": null
  },
  {
    "date": "2023-09-30",
    "symbol": "PSKY",
    "reportedCurrency": "USD",
    "cik": "0000813828",
    "fillingDate": "2023-11-03",
    "acceptedDate": "2023-11-02 17:34:29",
    "calendarYear": "2023",
    "period": "Q3",
    "revenue": 7133000000,
    "costOfRevenue": 4681000000,
    "grossProfit": 2452000000,
    "grossProfitRatio": 0.343754381,
    "researchAndDevelopmentExpenses": 0,
    "generalAndAdministrativeExpenses": 1774000000,
    "sellingAndMarketingExpenses": 0,
    "sellingGeneralAndAdministrativeExpenses": 1774000000,
    "otherExpenses": 95000000,
    "operatingExpenses": 1879000000,
    "costAndExpenses": 6560000000,
    "interestIncome": 29000000,
    "interestExpense": 232000000,
    "depreciationAndAmortization": 105000000,
    "ebitda": 678000000,
    "ebitdaratio": 0.0950511706,
    "operatingIncome": 621000000,
    "operatingIncomeRatio": 0.087060143,
    "totalOtherIncomeExpensesNet": -245000000,
    "incomeBeforeTax": 376000000,
    "incomeBeforeTaxRatio": 0.0527127436,
    "incomeTaxExpense": 40000000,
    "netIncome": 295000000,
    "netIncomeRatio": 0.0413570728,
    "eps": 0.43,
    "epsdiluted": 0.43,
    "weightedAverageShsOut": 652000000,
    "weightedAverageShsOutDil": 652000000,
    "link": "https://www.sec.gov/Archives/edgar/data/813828/000081382823000033/0000813828-23-000033-index.htm",
    "finalLink": "https://www.sec.gov/Archives/edgar/data/813828/000081382823000033/para-20230930.htm"
  },
  {
    "date": "2023-06-30",
    "symbol": "PSKY",
    "reportedCurrency": "USD",
    "cik": "0000813828",
    "fillingDate": "2023-08-08",
    "acceptedDate": "2023-08-07 17:35:12",
    "calendarYear": "2023",
    "period": "Q2",
    "revenue": 7616000000,
    "costOfRevenue": 5924000000,
    "grossProfit": 1692000000,
    "grossProfitRatio": 0.2221638655,
    "researchAndDevelopmentExpenses": 0,
    "generalAndAdministrativeExpenses": 1821000000,
    "sellingAndMarketingExpenses": 0,
    "sellingGeneralAndAdministrativeExpenses": 1821000000,
    "otherExpenses": 3000000,
    "operatingExpenses": 1926000000,
    "costAndExpenses": 7850000000,
    "interestIncome": 33000000,
    "interestExpense": 240000000,
    "depreciationAndAmortization": 105000000,
    "ebitda": -4000000,
    "ebitdaratio": -0.0005252101,
    "operatingIncome": -250000000,
    "operatingIncomeRatio": -0.0328256303,
    "totalOtherIncomeExpensesNet": -99000000,
    "incomeBeforeTax": -349000000,
    "incomeBeforeTaxRatio": -0.0458245798,
    "incomeTaxExpense": -95000000,
    "netIncome": -299000000,
    "netIncomeRatio": -0.0392594538,
    "eps": -0.46,
    "epsdiluted": -0.46,
    "weightedAverageShsOut": 651000000,
    "weightedAverageShsOutDil": 651000000,
    "link": "https://www.sec.gov/Archives/edgar/data/813828/000081382823000026/0000813828-23-000026-index.htm",
    "finalLink": "https://www.sec.gov/Archives/edgar/data/813828/000081382823000026/para-20230630.htm"
  },
  {
    "date": "2023-03-31",
    "symbol": "PSKY",
    "reportedCurrency": "USD",
    "cik": "0000813828",
    "fillingDate": "2023-05-04",
    "acceptedDate": "2023-05-04 10:23:50",
    "calendarYear": "2023",
    "period": "Q1",
    "revenue": 7265000000,
    "costOfRevenue": 6638000000,
    "grossProfit": 627000000,
    "grossProfitRatio": 0.0863041982,
    "researchAndDevelopmentExpenses": 0,
    "generalAndAdministrativeExpenses": 1790000000,
    "sellingAndMarketingExpenses": 0,
    "sellingGeneralAndAdministrativeExpenses": 1790000000,
    "otherExpenses": 100000000,
    "operatingExpenses": 1890000000,
    "costAndExpenses": 8528000000,
    "interestIncome": 35000000,
    "interestExpense": 226000000,
    "depreciationAndAmortization": 100000000,
    "ebitda": -1137000000,
    "ebitdaratio": -0.1565037853,
    "operatingIncome": -1263000000,
    "operatingIncomeRatio": -0.1738472127,
    "totalOtherIncomeExpensesNet": -237000000,
    "incomeBeforeTax": -1463000000,
    "incomeBeforeTaxRatio": -0.2013764625,
    "incomeTaxExpense": -381000000,
    "netIncome": -1082000000,
    "netIncomeRatio": -0.1489332416,
    "eps": -1.66,
    "epsdiluted": -1.66,
    "weightedAverageShsOut": 651000000,
    "weightedAverageShsOutDil": 651000000,
    "link": "https://www.sec.gov/Archives/edgar/data/813828/000081382823000015/0000813828-23-000015-index.htm",
    "finalLink": "https://www.sec.gov/Archives/edgar/data/813828/000081382823000015/para-20230331.htm"
  },
  {
    "date": "2022-12-31",
    "symbol": "PSKY",
    "reportedCurrency": "USD",
    "cik": "0000813828",
    "fillingDate": "2023-02-16",
    "acceptedDate": "2023-02-16 12:12:27",
    "calendarYear": "2022",
    "period": "Q4",
    "revenue": 8131000000,
    "costOfRevenue": 5483000000,
    "grossProfit": 2648000000,
    "grossProfitRatio": 0.3256671996,
    "researchAndDevelopmentExpenses": 0,
    "generalAndAdministrativeExpenses": 2050000000,
    "sellingAndMarketingExpenses": 0,
    "sellingGeneralAndAdministrativeExpenses": 2050000000,
    "otherExpenses": 123000000,
    "operatingExpenses": 2173000000,
    "costAndExpenses": 7656000000,
    "interestIncome": 35000000,
    "interestExpense": 230000000,
    "depreciationAndAmortization": 123000000,
    "ebitda": 307000000,
    "ebitdaratio": 0.0377567335,
    "operatingIncome": 507000000,
    "operatingIncomeRatio": 0.062353954,
    "totalOtherIncomeExpensesNet": -228000000,
    "incomeBeforeTax": -46000000,
    "incomeBeforeTaxRatio": -0.0056573607,
    "incomeTaxExpense": -37000000,
    "netIncome": -9000000,
    "netIncomeRatio": -0.0011068749,
    "eps": -0.3,
    "epsdiluted": -0.3,
    "weightedAverageShsOut": 650000000,
    "weightedAverageShsOutDil": 651000000,
    "link": "https://www.sec.gov/Archives/edgar/data/813828/000081382823000005/0000813828-23-000005-index.htm",
    "finalLink": "https://www.sec.gov/Archives/edgar/data/813828/000081382823000005/para-20221231.htm"
  },
  {
    "date": "2022-09-30",
    "symbol": "PSKY",
    "reportedCurrency": "USD",
    "cik": "0000813828",
    "fillingDate": "2022-11-02",
    "acceptedDate": "2022-11-02 10:04:59",
    "calendarYear": "2022",
    "period": "Q3",
    "revenue": 6916000000,
    "costOfRevenue": 4460000000,
    "grossProfit": 2456000000,
    "grossProfitRatio": 0.3551185656,
    "researchAndDevelopmentExpenses": 0,
    "generalAndAdministrativeExpenses": 1686000000,
    "sellingAndMarketingExpenses": 0,
    "sellingGeneralAndAdministrativeExpenses": 1686000000,
    "otherExpenses": 92000000,
    "operatingExpenses": 1778000000,
    "costAndExpenses": 6238000000,
    "interestIncome": 33000000,
    "interestExpense": 231000000,
    "depreciationAndAmortization": 92000000,
    "ebitda": 770000000,
    "ebitdaratio": 0.1113360324,
    "operatingIncome": 566000000,
    "operatingIncomeRatio": 0.0818392134,
    "totalOtherIncomeExpensesNet": -243000000,
    "incomeBeforeTax": 323000000,
    "incomeBeforeTaxRatio": 0.0467032967,
    "incomeTaxExpense": 101000000,
    "netIncome": 231000000,
    "netIncomeRatio": 0.0334008097,
    "eps": 0.36,
    "epsdiluted": 0.36,
    "weightedAverageShsOut": 649000000,
    "weightedAverageShsOutDil": 650000000,
    "link": "https://www.sec.gov/Archives/edgar/data/813828/000081382822000039/0000813828-22-000039-index.htm",
    "finalLink": "https://www.sec.gov/Archives/edgar/data/813828/000081382822000039/para-20220930.htm"
  },
  {
    "date": "2022-06-30",
    "symbol": "PSKY",
    "reportedCurrency": "USD",
    "cik": "0000813828",
    "fillingDate": "2022-08-04",
    "acceptedDate": "2022-08-04 10:08:19",
    "calendarYear": "2022",
    "period": "Q2",
    "revenue": 7779000000,
    "costOfRevenue": 5106000000,
    "grossProfit": 2673000000,
    "grossProfitRatio": 0.3436174315,
    "researchAndDevelopmentExpenses": 0,
    "generalAndAdministrativeExpenses": 1726000000,
    "sellingAndMarketingExpenses": 0,
    "sellingGeneralAndAdministrativeExpenses": 1726000000,
    "otherExpenses": 94000000,
    "operatingExpenses": 1820000000,
    "costAndExpenses": 6926000000,
    "interestIncome": 19000000,
    "interestExpense": 230000000,
    "depreciationAndAmortization": 94000000,
    "ebitda": 947000000,
    "ebitdaratio": 0.1217380126,
    "operatingIncome": 819000000,
    "operatingIncomeRatio": 0.1052834555,
    "totalOtherIncomeExpensesNet": -300000000,
    "incomeBeforeTax": 519000000,
    "incomeBeforeTaxRatio": 0.0667180872,
    "incomeTaxExpense": 129000000,
    "netIncome": 419000000,
    "netIncomeRatio": 0.0538629644,
    "eps": 0.65,
    "epsdiluted": 0.64,
    "weightedAverageShsOut": 649000000,
    "weightedAverageShsOutDil": 650000000,
    "link": "https://www.sec.gov/Archives/edgar/data/813828/000081382822000033/0000813828-22-000033-index.htm",
    "finalLink": "https://www.sec.gov/Archives/edgar/data/813828/000081382822000033/para-20220630.htm"
  },
  {
    "date": "2022-03-31",
    "symbol": "PSKY",
    "reportedCurrency": "USD",
    "cik": "0000813828",
    "fillingDate": "2022-05-03",
    "acceptedDate": "2022-05-03 10:23:02",
    "calendarYear": "2022",
    "period": "Q1",
    "revenue": 7328000000,
    "costOfRevenue": 4796000000,
    "grossProfit": 2532000000,
    "grossProfitRatio": 0.3455240175,
    "researchAndDevelopmentExpenses": 0,
    "generalAndAdministrativeExpenses": 1636000000,
    "sellingAndMarketingExpenses": 0,
    "sellingGeneralAndAdministrativeExpenses": 1636000000,
    "otherExpenses": 81000000,
    "operatingExpenses": 1717000000,
    "costAndExpenses": 6513000000,
    "interestIncome": 21000000,
    "interestExpense": 240000000,
    "depreciationAndAmortization": 96000000,
    "ebitda": 896000000,
    "ebitdaratio": 0.1222707424,
    "operatingIncome": 775000000,
    "operatingIncomeRatio": 0.1057587336,
    "totalOtherIncomeExpensesNet": -305000000,
    "incomeBeforeTax": 470000000,
    "incomeBeforeTaxRatio": 0.0641375546,
    "incomeTaxExpense": 34000000,
    "netIncome": 433000000,
    "netIncomeRatio": 0.0590884279,
    "eps": 0.67,
    "epsdiluted": 0.67,
    "weightedAverageShsOut": 649000000,
    "weightedAverageShsOutDil": 651000000,
    "link": "https://www.sec.gov/Archives/edgar/data/813828/000081382822000023/0000813828-22-000023-index.htm",
    "finalLink": "https://www.sec.gov/Archives/edgar/data/813828/000081382822000023/para-20220331.htm"
  },
  {
    "date": "2021-12-31",
    "symbol": "PSKY",
    "reportedCurrency": "USD",
    "cik": "0000813828",
    "fillingDate": "2022-02-15",
    "acceptedDate": "2022-02-15 16:25:14",
    "calendarYear": "2021",
    "period": "Q4",
    "revenue": 8000000000,
    "costOfRevenue": 5452000000,
    "grossProfit": 2548000000,
    "grossProfitRatio": 0.3185,
    "researchAndDevelopmentExpenses": 0,
    "generalAndAdministrativeExpenses": 2002000000,
    "sellingAndMarketingExpenses": 0,
    "sellingGeneralAndAdministrativeExpenses": 2002000000,
    "otherExpenses": 1000000,
    "operatingExpenses": 2103000000,
    "costAndExpenses": 7555000000,
    "interestIncome": 16000000,
    "interestExpense": 241000000,
    "depreciationAndAmortization": 101000000,
    "ebitda": 563000000,
    "ebitdaratio": 0.070375,
    "operatingIncome": 2664000000,
    "operatingIncomeRatio": 0.333,
    "totalOtherIncomeExpensesNet": -247000000,
    "incomeBeforeTax": 2417000000,
    "incomeBeforeTaxRatio": 0.302125,
    "incomeTaxExpense": 334000000,
    "netIncome": 2058000000,
    "netIncomeRatio": 0.25725,
    "eps": 3.22,
    "epsdiluted": 3.22,
    "weightedAverageShsOut": 646000000,
    "weightedAverageShsOutDil": 646000000,
    "link": "https://www.sec.gov/Archives/edgar/data/813828/000081382822000005/0000813828-22-000005-index.htm",
    "finalLink": "https://www.sec.gov/Archives/edgar/data/813828/000081382822000005/viac-20211231.htm"
  },
  {
    "date": "2021-09-30",
    "symbol": "PSKY",
    "reportedCurrency": "USD",
    "cik": "0000813828",
    "fillingDate": "2021-11-04",
    "acceptedDate": "2021-11-04 10:18:26",
    "calendarYear": "2021",
    "period": "Q3",
    "revenue": 6610000000,
    "costOfRevenue": 4064000000,
    "grossProfit": 2546000000,
    "grossProfitRatio": 0.3851739788,
    "researchAndDevelopmentExpenses": 0,
    "generalAndAdministrativeExpenses": 1536000000,
    "sellingAndMarketingExpenses": 0,
    "sellingGeneralAndAdministrativeExpenses": 1536000000,
    "otherExpenses": -10000000,
    "operatingExpenses": 1631000000,
    "costAndExpenses": 5695000000,
    "interestIncome": 11000000,
    "interestExpense": 243000000,
    "depreciationAndAmortization": 95000000,
    "ebitda": 1000000000,
    "ebitdaratio": 0.1512859304,
    "operatingIncome": 879000000,
    "operatingIncomeRatio": 0.1329803328,
    "totalOtherIncomeExpensesNet": -263000000,
    "incomeBeforeTax": 616000000,
    "incomeBeforeTaxRatio": 0.0931921331,
    "incomeTaxExpense": 120000000,
    "netIncome": 538000000,
    "netIncomeRatio": 0.0813918306,
    "eps": 0.81,
    "epsdiluted": 0.8,
    "weightedAverageShsOut": 646000000,
    "weightedAverageShsOutDil": 651000000,
    "link": "https://www.sec.gov/Archives/edgar/data/813828/000081382821000040/0000813828-21-000040-index.htm",
    "finalLink": "https://www.sec.gov/Archives/edgar/data/813828/000081382821000040/viac-20210930.htm"
  },
  {
    "date": "2021-06-30",
    "symbol": "PSKY",
    "reportedCurrency": "USD",
    "cik": "0000813828",
    "fillingDate": "2021-08-05",
    "acceptedDate": "2021-08-05 11:49:04",
    "calendarYear": "2021",
    "period": "Q2",
    "revenue": 6564000000,
    "costOfRevenue": 3865000000,
    "grossProfit": 2699000000,
    "grossProfitRatio": 0.411182206,
    "researchAndDevelopmentExpenses": 0,
    "generalAndAdministrativeExpenses": 1469000000,
    "sellingAndMarketingExpenses": 0,
    "sellingGeneralAndAdministrativeExpenses": 1469000000,
    "otherExpenses": 95000000,
    "operatingExpenses": 1564000000,
    "costAndExpenses": 5429000000,
    "interestIncome": 13000000,
    "interestExpense": 243000000,
    "depreciationAndAmortization": 95000000,
    "ebitda": 1230000000,
    "ebitdaratio": 0.1873857404,
    "operatingIncome": 1226000000,
    "operatingIncomeRatio": 0.1867763559,
    "totalOtherIncomeExpensesNet": -208000000,
    "incomeBeforeTax": 1018000000,
    "incomeBeforeTaxRatio": 0.1550883608,
    "incomeTaxExpense": -34000000,
    "netIncome": 1036000000,
    "netIncomeRatio": 0.1578305911,
    "eps": 1.58,
    "epsdiluted": 1.56,
    "weightedAverageShsOut": 646000000,
    "weightedAverageShsOutDil": 662000000,
    "link": "https://www.sec.gov/Archives/edgar/data/813828/000081382821000026/0000813828-21-000026-index.htm",
    "finalLink": "https://www.sec.gov/Archives/edgar/data/813828/000081382821000026/viac-20210630.htm"
  },
  {
    "date": "2021-03-31",
    "symbol": "PSKY",
    "reportedCurrency": "USD",
    "cik": "0000813828",
    "fillingDate": "2021-05-06",
    "acceptedDate": "2021-05-06 10:03:30",
    "calendarYear": "2021",
    "period": "Q1",
    "revenue": 7412000000,
    "costOfRevenue": 4363000000,
    "grossProfit": 3049000000,
    "grossProfitRatio": 0.4113599568,
    "researchAndDevelopmentExpenses": 0,
    "generalAndAdministrativeExpenses": 1434000000,
    "sellingAndMarketingExpenses": 0,
    "sellingGeneralAndAdministrativeExpenses": 1434000000,
    "otherExpenses": 1000000,
    "operatingExpenses": 1533000000,
    "costAndExpenses": 5896000000,
    "interestIncome": 13000000,
    "interestExpense": 259000000,
    "depreciationAndAmortization": 99000000,
    "ebitda": 1615000000,
    "ebitdaratio": 0.2178899083,
    "operatingIncome": 1528000000,
    "operatingIncomeRatio": 0.2061521856,
    "totalOtherIncomeExpensesNet": -373000000,
    "incomeBeforeTax": 1155000000,
    "incomeBeforeTaxRatio": 0.1558283864,
    "incomeTaxExpense": 226000000,
    "netIncome": 911000000,
    "netIncomeRatio": 0.1229087965,
    "eps": 1.46,
    "epsdiluted": 1.44,
    "weightedAverageShsOut": 622000000,
    "weightedAverageShsOutDil": 631000000,
    "link": "https://www.sec.gov/Archives/edgar/data/813828/000081382821000009/0000813828-21-000009-index.htm",
    "finalLink": "https://www.sec.gov/Archives/edgar/data/813828/000081382821000009/viac-20210331.htm"
  },
  {
    "date": "2020-12-31",
    "symbol": "PSKY",
    "reportedCurrency": "USD",
    "cik": "0000813828",
    "fillingDate": "2021-02-24",
    "acceptedDate": "2021-02-24 17:14:03",
    "calendarYear": "2020",
    "period": "Q4",
    "revenue": 6225000000,
    "costOfRevenue": 3808000000,
    "grossProfit": 2417000000,
    "grossProfitRatio": 0.3882730924,
    "researchAndDevelopmentExpenses": 0,
    "generalAndAdministrativeExpenses": 1399000000,
    "sellingAndMarketingExpenses": 0,
    "sellingGeneralAndAdministrativeExpenses": 1399000000,
    "otherExpenses": 2000000,
    "operatingExpenses": 1280000000,
    "costAndExpenses": 5088000000,
    "interestIncome": 21000000,
    "interestExpense": 268000000,
    "depreciationAndAmortization": 95000000,
    "ebitda": 1282000000,
    "ebitdaratio": 0.2059437751,
    "operatingIncome": 977000000,
    "operatingIncomeRatio": 0.1569477912,
    "totalOtherIncomeExpensesNet": -95000000,
    "incomeBeforeTax": 882000000,
    "incomeBeforeTaxRatio": 0.141686747,
    "incomeTaxExpense": 158000000,
    "netIncome": 810000000,
    "netIncomeRatio": 0.1301204819,
    "eps": 1.31,
    "epsdiluted": 1.31,
    "weightedAverageShsOut": 616000000,
    "weightedAverageShsOutDil": 616000000,
    "link": "https://www.sec.gov/Archives/edgar/data/813828/000081382821000005/0000813828-21-000005-index.htm",
    "finalLink": "https://www.sec.gov/Archives/edgar/data/813828/000081382821000005/viac-20201231.htm"
  },
  {
    "date": "2020-09-30",
    "symbol": "PSKY",
    "reportedCurrency": "USD",
    "cik": "0000813828",
    "fillingDate": "2020-11-06",
    "acceptedDate": "2020-11-06 12:37:06",
    "calendarYear": "2020",
    "period": "Q3",
    "revenue": 6116000000,
    "costOfRevenue": 3634000000,
    "grossProfit": 2482000000,
    "grossProfitRatio": 0.4058207979,
    "researchAndDevelopmentExpenses": 0,
    "generalAndAdministrativeExpenses": 1391000000,
    "sellingAndMarketingExpenses": 0,
    "sellingGeneralAndAdministrativeExpenses": 1391000000,
    "otherExpenses": -1000000,
    "operatingExpenses": 1489000000,
    "costAndExpenses": 5123000000,
    "interestIncome": 14000000,
    "interestExpense": 259000000,
    "depreciationAndAmortization": 97000000,
    "ebitda": 1033000000,
    "ebitdaratio": 0.1689012426,
    "operatingIncome": 959000000,
    "operatingIncomeRatio": 0.1568018313,
    "totalOtherIncomeExpensesNet": -288000000,
    "incomeBeforeTax": 671000000,
    "incomeBeforeTaxRatio": 0.1097122302,
    "incomeTaxExpense": 38000000,
    "netIncome": 615000000,
    "netIncomeRatio": 0.1005559189,
    "eps": 1,
    "epsdiluted": 1,
    "weightedAverageShsOut": 616000000,
    "weightedAverageShsOutDil": 618000000,
    "link": "https://www.sec.gov/Archives/edgar/data/813828/000081382820000051/0000813828-20-000051-index.htm",
    "finalLink": "https://www.sec.gov/Archives/edgar/data/813828/000081382820000051/viac-20200930.htm"
  },
  {
    "date": "2020-06-30",
    "symbol": "PSKY",
    "reportedCurrency": "USD",
    "cik": "0000813828",
    "fillingDate": "2020-08-06",
    "acceptedDate": "2020-08-06 11:05:45",
    "calendarYear": "2020",
    "period": "Q2",
    "revenue": 6275000000,
    "costOfRevenue": 3485000000,
    "grossProfit": 2790000000,
    "grossProfitRatio": 0.4446215139,
    "researchAndDevelopmentExpenses": 0,
    "generalAndAdministrativeExpenses": 1200000000,
    "sellingAndMarketingExpenses": 22000000,
    "sellingGeneralAndAdministrativeExpenses": 1222000000,
    "otherExpenses": 6000000,
    "operatingExpenses": 1346000000,
    "costAndExpenses": 4831000000,
    "interestIncome": 11000000,
    "interestExpense": 263000000,
    "depreciationAndAmortization": 122000000,
    "ebitda": 1324000000,
    "ebitdaratio": 0.2109960159,
    "operatingIncome": 1286000000,
    "operatingIncomeRatio": 0.204940239,
    "totalOtherIncomeExpensesNet": -314000000,
    "incomeBeforeTax": 937000000,
    "incomeBeforeTaxRatio": 0.1493227092,
    "incomeTaxExpense": 202000000,
    "netIncome": 481000000,
    "netIncomeRatio": 0.0766533865,
    "eps": 0.78,
    "epsdiluted": 0.78,
    "weightedAverageShsOut": 615000000,
    "weightedAverageShsOutDil": 617000000,
    "link": "https://www.sec.gov/Archives/edgar/data/813828/000081382820000040/0000813828-20-000040-index.htm",
    "finalLink": "https://www.sec.gov/Archives/edgar/data/813828/000081382820000040/viac10q-063020.htm"
  },
  {
    "date": "2020-03-31",
    "symbol": "PSKY",
    "reportedCurrency": "USD",
    "cik": "0000813828",
    "fillingDate": "2020-05-07",
    "acceptedDate": "2020-05-07 10:05:00",
    "calendarYear": "2020",
    "period": "Q1",
    "revenue": 6669000000,
    "costOfRevenue": 4065000000,
    "grossProfit": 2604000000,
    "grossProfitRatio": 0.3904633378,
    "researchAndDevelopmentExpenses": 0,
    "generalAndAdministrativeExpenses": 1315000000,
    "sellingAndMarketingExpenses": 26000000,
    "sellingGeneralAndAdministrativeExpenses": 1341000000,
    "otherExpenses": -33000000,
    "operatingExpenses": 1454000000,
    "costAndExpenses": 5519000000,
    "interestIncome": 14000000,
    "interestExpense": 241000000,
    "depreciationAndAmortization": 112000000,
    "ebitda": 1244000000,
    "ebitdaratio": 0.1865347129,
    "operatingIncome": 923000000,
    "operatingIncomeRatio": 0.1384015595,
    "totalOtherIncomeExpensesNet": -260000000,
    "incomeBeforeTax": 657000000,
    "incomeBeforeTaxRatio": 0.0985155196,
    "incomeTaxExpense": 137000000,
    "netIncome": 516000000,
    "netIncomeRatio": 0.0773729195,
    "eps": 0.84,
    "epsdiluted": 0.84,
    "weightedAverageShsOut": 614000000,
    "weightedAverageShsOutDil": 616000000,
    "link": "https://www.sec.gov/Archives/edgar/data/813828/000081382820000022/0000813828-20-000022-index.htm",
    "finalLink": "https://www.sec.gov/Archives/edgar/data/813828/000081382820000022/viac10q-033120.htm"
  },
  {
    "date": "2019-12-31",
    "symbol": "PSKY",
    "reportedCurrency": "USD",
    "cik": "0000813828",
    "fillingDate": "2020-02-20",
    "acceptedDate": "2020-02-20 17:33:38",
    "calendarYear": "2019",
    "period": "Q4",
    "revenue": 16541000000,
    "costOfRevenue": 9888000000,
    "grossProfit": 6653000000,
    "grossProfitRatio": 0.4022126836,
    "researchAndDevelopmentExpenses": 0,
    "generalAndAdministrativeExpenses": 3945000000,
    "sellingAndMarketingExpenses": 0,
    "sellingGeneralAndAdministrativeExpenses": 3945000000,
    "otherExpenses": -79000000,
    "operatingExpenses": 4230000000,
    "costAndExpenses": 14118000000,
    "interestIncome": 28000000,
    "interestExpense": 616000000,
    "depreciationAndAmortization": 285000000,
    "ebitda": 2196000000,
    "ebitdaratio": 0.1327610181,
    "operatingIncome": 1849000000,
    "operatingIncomeRatio": 0.1117828426,
    "totalOtherIncomeExpensesNet": -554000000,
    "incomeBeforeTax": 1295000000,
    "incomeBeforeTaxRatio": 0.0782903089,
    "incomeTaxExpense": 335000000,
    "netIncome": 966000000,
    "netIncomeRatio": 0.0584003386,
    "eps": 2.58,
    "epsdiluted": 2.58,
    "weightedAverageShsOut": 374000000,
    "weightedAverageShsOutDil": 374000000,
    "link": "https://www.sec.gov/Archives/edgar/data/813828/000081382820000013/0000813828-20-000013-index.htm",
    "finalLink": "https://www.sec.gov/Archives/edgar/data/813828/000081382820000013/a2019k.htm"
  },
  {
    "date": "2019-09-30",
    "symbol": "PSKY",
    "reportedCurrency": "USD",
    "cik": "0000813828",
    "fillingDate": "2019-11-12",
    "acceptedDate": "2019-11-12 16:31:09",
    "calendarYear": "2019",
    "period": "Q3",
    "revenue": 3295000000,
    "costOfRevenue": 2078000000,
    "grossProfit": 1217000000,
    "grossProfitRatio": 0.3693474962,
    "researchAndDevelopmentExpenses": 0,
    "generalAndAdministrativeExpenses": 584000000,
    "sellingAndMarketingExpenses": 0,
    "sellingGeneralAndAdministrativeExpenses": 584000000,
    "otherExpenses": -24000000,
    "operatingExpenses": 636000000,
    "costAndExpenses": 2714000000,
    "interestIncome": 19000000,
    "interestExpense": 246000000,
    "depreciationAndAmortization": 108000000,
    "ebitda": 1239000000,
    "ebitdaratio": 0.3760242792,
    "operatingIncome": 501000000,
    "operatingIncomeRatio": 0.1520485584,
    "totalOtherIncomeExpensesNet": -126000000,
    "incomeBeforeTax": 375000000,
    "incomeBeforeTaxRatio": 0.1138088012,
    "incomeTaxExpense": 33000000,
    "netIncome": 319000000,
    "netIncomeRatio": 0.0968133536,
    "eps": 0.85,
    "epsdiluted": 0.85,
    "weightedAverageShsOut": 374000000,
    "weightedAverageShsOutDil": 376000000,
    "link": "https://www.sec.gov/Archives/edgar/data/813828/000081382819000033/0000813828-19-000033-index.htm",
    "finalLink": "https://www.sec.gov/Archives/edgar/data/813828/000081382819000033/cbs10q-093019.htm"
  },
  {
    "date": "2019-06-30",
    "symbol": "PSKY",
    "reportedCurrency": "USD",
    "cik": "0000813828",
    "fillingDate": "2019-08-08",
    "acceptedDate": "2019-08-08 17:10:13",
    "calendarYear": "2019",
    "period": "Q2",
    "revenue": 3809000000,
    "costOfRevenue": 2509000000,
    "grossProfit": 1300000000,
    "grossProfitRatio": 0.3412969283,
    "researchAndDevelopmentExpenses": 0,
    "generalAndAdministrativeExpenses": 545000000,
    "sellingAndMarketingExpenses": 0,
    "sellingGeneralAndAdministrativeExpenses": 545000000,
    "otherExpenses": -21000000,
    "operatingExpenses": 598000000,
    "costAndExpenses": 3107000000,
    "interestIncome": 15000000,
    "interestExpense": 237000000,
    "depreciationAndAmortization": 109000000,
    "ebitda": 1536000000,
    "ebitdaratio": 0.4032554476,
    "operatingIncome": 695000000,
    "operatingIncomeRatio": 0.1824625886,
    "totalOtherIncomeExpensesNet": -124000000,
    "incomeBeforeTax": 571000000,
    "incomeBeforeTaxRatio": 0.1499081124,
    "incomeTaxExpense": 119000000,
    "netIncome": 440000000,
    "netIncomeRatio": 0.1155158834,
    "eps": 1.18,
    "epsdiluted": 1.17,
    "weightedAverageShsOut": 374000000,
    "weightedAverageShsOutDil": 376000000,
    "link": "https://www.sec.gov/Archives/edgar/data/813828/000081382819000025/0000813828-19-000025-index.htm",
    "finalLink": "https://www.sec.gov/Archives/edgar/data/813828/000081382819000025/cbs10q-063019.htm"
  },
  {
    "date": "2019-03-31",
    "symbol": "PSKY",
    "reportedCurrency": "USD",
    "cik": "0000813828",
    "fillingDate": "2019-05-02",
    "acceptedDate": "2019-05-02 17:23:57",
    "calendarYear": "2019",
    "period": "Q1",
    "revenue": 4167000000,
    "costOfRevenue": 2748000000,
    "grossProfit": 1419000000,
    "grossProfitRatio": 0.3405327574,
    "researchAndDevelopmentExpenses": 0,
    "generalAndAdministrativeExpenses": 573000000,
    "sellingAndMarketingExpenses": 0,
    "sellingGeneralAndAdministrativeExpenses": 573000000,
    "otherExpenses": -21000000,
    "operatingExpenses": 626000000,
    "costAndExpenses": 3374000000,
    "interestIncome": 19000000,
    "interestExpense": 240000000,
    "depreciationAndAmortization": 106000000,
    "ebitda": 1463000000,
    "ebitdaratio": 0.3510919126,
    "operatingIncome": 1228000000,
    "operatingIncomeRatio": 0.2946964243,
    "totalOtherIncomeExpensesNet": -124000000,
    "incomeBeforeTax": 1104000000,
    "incomeBeforeTaxRatio": 0.2649388049,
    "incomeTaxExpense": -496000000,
    "netIncome": 1959000000,
    "netIncomeRatio": 0.4701223902,
    "eps": 3.2,
    "epsdiluted": 3.18,
    "weightedAverageShsOut": 613000000,
    "weightedAverageShsOutDil": 617000000,
    "link": "https://www.sec.gov/Archives/edgar/data/813828/000081382819000014/0000813828-19-000014-index.htm",
    "finalLink": "https://www.sec.gov/Archives/edgar/data/813828/000081382819000014/cbs10q-033119.htm"
  },
  {
    "date": "2018-12-31",
    "symbol": "PSKY",
    "reportedCurrency": "USD",
    "cik": "0000813828",
    "fillingDate": "2019-02-15",
    "acceptedDate": "2019-02-15 17:31:44",
    "calendarYear": "2018",
    "period": "Q4",
    "revenue": 4024000000,
    "costOfRevenue": 2605000000,
    "grossProfit": 1419000000,
    "grossProfitRatio": 0.3526341948,
    "researchAndDevelopmentExpenses": 0,
    "generalAndAdministrativeExpenses": 612000000,
    "sellingAndMarketingExpenses": 0,
    "sellingGeneralAndAdministrativeExpenses": 612000000,
    "otherExpenses": -17000000,
    "operatingExpenses": 667000000,
    "costAndExpenses": 3272000000,
    "interestIncome": 14000000,
    "interestExpense": 118000000,
    "depreciationAndAmortization": 55000000,
    "ebitda": 699000000,
    "ebitdaratio": 0.1737077535,
    "operatingIncome": 647000000,
    "operatingIncomeRatio": 0.1607852883,
    "totalOtherIncomeExpensesNet": -121000000,
    "incomeBeforeTax": 526000000,
    "incomeBeforeTaxRatio": 0.1307157058,
    "incomeTaxExpense": -39000000,
    "netIncome": 561000000,
    "netIncomeRatio": 0.1394135189,
    "eps": 1.5,
    "epsdiluted": 1.49,
    "weightedAverageShsOut": 374000000,
    "weightedAverageShsOutDil": 377000000,
    "link": "https://www.sec.gov/Archives/edgar/data/813828/000081382819000006/0000813828-19-000006-index.htm",
    "finalLink": "https://www.sec.gov/Archives/edgar/data/813828/000081382819000006/cbs_10k-123118.htm"
  },
  {
    "date": "2018-09-30",
    "symbol": "PSKY",
    "reportedCurrency": "USD",
    "cik": "0000813828",
    "fillingDate": "2018-11-01",
    "acceptedDate": "2018-11-01 17:18:33",
    "calendarYear": "2018",
    "period": "Q3",
    "revenue": 3263000000,
    "costOfRevenue": 1922000000,
    "grossProfit": 1341000000,
    "grossProfitRatio": 0.4109714986,
    "researchAndDevelopmentExpenses": 0,
    "generalAndAdministrativeExpenses": 549000000,
    "sellingAndMarketingExpenses": 0,
    "sellingGeneralAndAdministrativeExpenses": 549000000,
    "otherExpenses": -17000000,
    "operatingExpenses": 605000000,
    "costAndExpenses": 2527000000,
    "interestIncome": 12000000,
    "interestExpense": 115000000,
    "depreciationAndAmortization": 56000000,
    "ebitda": 776000000,
    "ebitdaratio": 0.2378179589,
    "operatingIncome": 690000000,
    "operatingIncomeRatio": 0.2114618449,
    "totalOtherIncomeExpensesNet": -120000000,
    "incomeBeforeTax": 570000000,
    "incomeBeforeTaxRatio": 0.1746858719,
    "incomeTaxExpense": 64000000,
    "netIncome": 488000000,
    "netIncomeRatio": 0.1495556237,
    "eps": 1.3,
    "epsdiluted": 1.29,
    "weightedAverageShsOut": 375000000,
    "weightedAverageShsOutDil": 379000000,
    "link": "https://www.sec.gov/Archives/edgar/data/813828/000081382818000044/0000813828-18-000044-index.htm",
    "finalLink": "https://www.sec.gov/Archives/edgar/data/813828/000081382818000044/cbs_10q-093018.htm"
  },
  {
    "date": "2018-06-30",
    "symbol": "PSKY",
    "reportedCurrency": "USD",
    "cik": "0000813828",
    "fillingDate": "2018-08-02",
    "acceptedDate": "2018-08-02 17:18:58",
    "calendarYear": "2018",
    "period": "Q2",
    "revenue": 3466000000,
    "costOfRevenue": 2184000000,
    "grossProfit": 1282000000,
    "grossProfitRatio": 0.3698788229,
    "researchAndDevelopmentExpenses": 0,
    "generalAndAdministrativeExpenses": 532000000,
    "sellingAndMarketingExpenses": 0,
    "sellingGeneralAndAdministrativeExpenses": 532000000,
    "otherExpenses": -24000000,
    "operatingExpenses": 588000000,
    "costAndExpenses": 2772000000,
    "interestIncome": 14000000,
    "interestExpense": 116000000,
    "depreciationAndAmortization": 56000000,
    "ebitda": 734000000,
    "ebitdaratio": 0.2117714945,
    "operatingIncome": 659000000,
    "operatingIncomeRatio": 0.1901327178,
    "totalOtherIncomeExpensesNet": -126000000,
    "incomeBeforeTax": 533000000,
    "incomeBeforeTaxRatio": 0.153779573,
    "incomeTaxExpense": 113000000,
    "netIncome": 400000000,
    "netIncomeRatio": 0.115406809,
    "eps": 1.06,
    "epsdiluted": 1.05,
    "weightedAverageShsOut": 378000000,
    "weightedAverageShsOutDil": 381000000,
    "link": "https://www.sec.gov/Archives/edgar/data/813828/000081382818000036/0000813828-18-000036-index.htm",
    "finalLink": "https://www.sec.gov/Archives/edgar/data/813828/000081382818000036/cbs_10q-063018.htm"
  },
  {
    "date": "2018-03-31",
    "symbol": "PSKY",
    "reportedCurrency": "USD",
    "cik": "0000813828",
    "fillingDate": "2018-05-04",
    "acceptedDate": "2018-05-04 16:28:47",
    "calendarYear": "2018",
    "period": "Q1",
    "revenue": 3761000000,
    "costOfRevenue": 2400000000,
    "grossProfit": 1361000000,
    "grossProfitRatio": 0.3618718426,
    "researchAndDevelopmentExpenses": 0,
    "generalAndAdministrativeExpenses": 524000000,
    "sellingAndMarketingExpenses": 0,
    "sellingGeneralAndAdministrativeExpenses": 524000000,
    "otherExpenses": -11000000,
    "operatingExpenses": 580000000,
    "costAndExpenses": 2980000000,
    "interestIncome": 17000000,
    "interestExpense": 118000000,
    "depreciationAndAmortization": 56000000,
    "ebitda": 834000000,
    "ebitdaratio": 0.2217495347,
    "operatingIncome": 772000000,
    "operatingIncomeRatio": 0.2052645573,
    "totalOtherIncomeExpensesNet": -112000000,
    "incomeBeforeTax": 660000000,
    "incomeBeforeTaxRatio": 0.1754852433,
    "incomeTaxExpense": 135000000,
    "netIncome": 511000000,
    "netIncomeRatio": 0.1358681202,
    "eps": 1.34,
    "epsdiluted": 1.32,
    "weightedAverageShsOut": 382000000,
    "weightedAverageShsOutDil": 386000000,
    "link": "https://www.sec.gov/Archives/edgar/data/813828/000081382818000026/0000813828-18-000026-index.htm",
    "finalLink": "https://www.sec.gov/Archives/edgar/data/813828/000081382818000026/cbs_10q-033118.htm"
  },
  {
    "date": "2017-12-31",
    "symbol": "PSKY",
    "reportedCurrency": "USD",
    "cik": "0000813828",
    "fillingDate": "2018-02-20",
    "acceptedDate": "2018-02-16 17:51:35",
    "calendarYear": "2017",
    "period": "Q4",
    "revenue": 3921000000,
    "costOfRevenue": 2498000000,
    "grossProfit": 1423000000,
    "grossProfitRatio": 0.3629176231,
    "researchAndDevelopmentExpenses": 0,
    "generalAndAdministrativeExpenses": 979000000,
    "sellingAndMarketingExpenses": 0,
    "sellingGeneralAndAdministrativeExpenses": 979000000,
    "otherExpenses": -11000000,
    "operatingExpenses": 1017000000,
    "costAndExpenses": 3515000000,
    "interestIncome": 19000000,
    "interestExpense": 121000000,
    "depreciationAndAmortization": 57000000,
    "ebitda": 364000000,
    "ebitdaratio": 0.0928334609,
    "operatingIncome": 343000000,
    "operatingIncomeRatio": 0.0874776843,
    "totalOtherIncomeExpensesNet": -157000000,
    "incomeBeforeTax": 186000000,
    "incomeBeforeTaxRatio": 0.0474368783,
    "incomeTaxExpense": 154000000,
    "netIncome": -41000000,
    "netIncomeRatio": -0.0104565162,
    "eps": -0.1,
    "epsdiluted": -0.1,
    "weightedAverageShsOut": 391000000,
    "weightedAverageShsOutDil": 395000000,
    "link": "https://www.sec.gov/Archives/edgar/data/813828/000081382818000018/0000813828-18-000018-index.htm",
    "finalLink": "https://www.sec.gov/Archives/edgar/data/813828/000081382818000018/cbs_10k-123117.htm"
  },
  {
    "date": "2017-09-30",
    "symbol": "PSKY",
    "reportedCurrency": "USD",
    "cik": "0000813828",
    "fillingDate": "2017-11-06",
    "acceptedDate": "2017-11-03 17:40:51",
    "calendarYear": "2017",
    "period": "Q3",
    "revenue": 3171000000,
    "costOfRevenue": 1862000000,
    "grossProfit": 1309000000,
    "grossProfitRatio": 0.412803532,
    "researchAndDevelopmentExpenses": 0,
    "generalAndAdministrativeExpenses": 547000000,
    "sellingAndMarketingExpenses": 0,
    "sellingGeneralAndAdministrativeExpenses": 547000000,
    "otherExpenses": 3000000,
    "operatingExpenses": 602000000,
    "costAndExpenses": 2464000000,
    "interestIncome": 17000000,
    "interestExpense": 116000000,
    "depreciationAndAmortization": 55000000,
    "ebitda": 762000000,
    "ebitdaratio": 0.2403027436,
    "operatingIncome": 707000000,
    "operatingIncomeRatio": 0.2229580574,
    "totalOtherIncomeExpensesNet": -101000000,
    "incomeBeforeTax": 606000000,
    "incomeBeforeTaxRatio": 0.1911069063,
    "incomeTaxExpense": 172000000,
    "netIncome": 592000000,
    "netIncomeRatio": 0.1866918953,
    "eps": 1.47,
    "epsdiluted": 1.46,
    "weightedAverageShsOut": 401000000,
    "weightedAverageShsOutDil": 406000000,
    "link": "https://www.sec.gov/Archives/edgar/data/813828/000081382817000048/0000813828-17-000048-index.htm",
    "finalLink": "https://www.sec.gov/Archives/edgar/data/813828/000081382817000048/cbs_10q-093017.htm"
  },
  {
    "date": "2017-06-30",
    "symbol": "PSKY",
    "reportedCurrency": "USD",
    "cik": "0000813828",
    "fillingDate": "2017-08-07",
    "acceptedDate": "2017-08-07 16:34:02",
    "calendarYear": "2017",
    "period": "Q2",
    "revenue": 3257000000,
    "costOfRevenue": 2004000000,
    "grossProfit": 1253000000,
    "grossProfitRatio": 0.3847098557,
    "researchAndDevelopmentExpenses": 0,
    "generalAndAdministrativeExpenses": 528000000,
    "sellingAndMarketingExpenses": 0,
    "sellingGeneralAndAdministrativeExpenses": 528000000,
    "otherExpenses": 5000000,
    "operatingExpenses": 584000000,
    "costAndExpenses": 2588000000,
    "interestIncome": 15000000,
    "interestExpense": 111000000,
    "depreciationAndAmortization": 56000000,
    "ebitda": 745000000,
    "ebitdaratio": 0.2287381025,
    "operatingIncome": 669000000,
    "operatingIncomeRatio": 0.2054037458,
    "totalOtherIncomeExpensesNet": -91000000,
    "incomeBeforeTax": 578000000,
    "incomeBeforeTaxRatio": 0.1774639239,
    "incomeTaxExpense": 169000000,
    "netIncome": 58000000,
    "netIncomeRatio": 0.0178077986,
    "eps": 0.14,
    "epsdiluted": 0.14,
    "weightedAverageShsOut": 405000000,
    "weightedAverageShsOutDil": 410000000,
    "link": "https://www.sec.gov/Archives/edgar/data/813828/000081382817000031/0000813828-17-000031-index.htm",
    "finalLink": "https://www.sec.gov/Archives/edgar/data/813828/000081382817000031/cbs_10q-063017.htm"
  },
  {
    "date": "2017-03-31",
    "symbol": "PSKY",
    "reportedCurrency": "USD",
    "cik": "0000813828",
    "fillingDate": "2017-05-04",
    "acceptedDate": "2017-05-04 16:42:48",
    "calendarYear": "2017",
    "period": "Q1",
    "revenue": 3343000000,
    "costOfRevenue": 2074000000,
    "grossProfit": 1269000000,
    "grossProfitRatio": 0.3795991624,
    "researchAndDevelopmentExpenses": 0,
    "generalAndAdministrativeExpenses": 510000000,
    "sellingAndMarketingExpenses": 0,
    "sellingGeneralAndAdministrativeExpenses": 510000000,
    "otherExpenses": 1000000,
    "operatingExpenses": 565000000,
    "costAndExpenses": 2639000000,
    "interestIncome": 13000000,
    "interestExpense": 109000000,
    "depreciationAndAmortization": 55000000,
    "ebitda": 773000000,
    "ebitdaratio": 0.2312294346,
    "operatingIncome": 704000000,
    "operatingIncomeRatio": 0.2105892911,
    "totalOtherIncomeExpensesNet": -95000000,
    "incomeBeforeTax": 609000000,
    "incomeBeforeTaxRatio": 0.1821717021,
    "incomeTaxExpense": 138000000,
    "netIncome": -252000000,
    "netIncomeRatio": -0.075381394,
    "eps": -0.61,
    "epsdiluted": -0.61,
    "weightedAverageShsOut": 410000000,
    "weightedAverageShsOutDil": 416000000,
    "link": "https://www.sec.gov/Archives/edgar/data/813828/000081382817000013/0000813828-17-000013-index.htm",
    "finalLink": "https://www.sec.gov/Archives/edgar/data/813828/000081382817000013/cbs_10q-033117.htm"
  },
  {
    "date": "2016-12-31",
    "symbol": "PSKY",
    "reportedCurrency": "USD",
    "cik": "0000813828",
    "fillingDate": "2017-02-17",
    "acceptedDate": "2017-02-17 17:32:36",
    "calendarYear": "2016",
    "period": "Q4",
    "revenue": 3518000000,
    "costOfRevenue": 1842000000,
    "grossProfit": 1676000000,
    "grossProfitRatio": 0.4764070495,
    "researchAndDevelopmentExpenses": 0,
    "generalAndAdministrativeExpenses": 448000000,
    "sellingAndMarketingExpenses": 0,
    "sellingGeneralAndAdministrativeExpenses": 448000000,
    "otherExpenses": -7000000,
    "operatingExpenses": 485000000,
    "costAndExpenses": 2327000000,
    "interestIncome": 10000000,
    "interestExpense": 107000000,
    "depreciationAndAmortization": 37000000,
    "ebitda": 309000000,
    "ebitdaratio": 0.0878339966,
    "operatingIncome": 484000000,
    "operatingIncomeRatio": 0.1375781694,
    "totalOtherIncomeExpensesNet": -104000000,
    "incomeBeforeTax": 382000000,
    "incomeBeforeTaxRatio": 0.108584423,
    "incomeTaxExpense": 104000000,
    "netIncome": -113000000,
    "netIncomeRatio": -0.032120523,
    "eps": -0.27,
    "epsdiluted": -0.26,
    "weightedAverageShsOut": 424000000,
    "weightedAverageShsOutDil": 429000000,
    "link": "https://www.sec.gov/Archives/edgar/data/813828/000081382817000005/0000813828-17-000005-index.htm",
    "finalLink": "https://www.sec.gov/Archives/edgar/data/813828/000081382817000005/cbs_10k-123116.htm"
  },
  {
    "date": "2016-09-30",
    "symbol": "PSKY",
    "reportedCurrency": "USD",
    "cik": "0000813828",
    "fillingDate": "2016-11-03",
    "acceptedDate": "2016-11-03 16:44:59",
    "calendarYear": "2016",
    "period": "Q3",
    "revenue": 3396000000,
    "costOfRevenue": 1897000000,
    "grossProfit": 1499000000,
    "grossProfitRatio": 0.441401649,
    "researchAndDevelopmentExpenses": 0,
    "generalAndAdministrativeExpenses": 640000000,
    "sellingAndMarketingExpenses": 0,
    "sellingGeneralAndAdministrativeExpenses": 640000000,
    "otherExpenses": 2000000,
    "operatingExpenses": 701000000,
    "costAndExpenses": 2598000000,
    "interestIncome": 7000000,
    "interestExpense": 104000000,
    "depreciationAndAmortization": 61000000,
    "ebitda": 868000000,
    "ebitdaratio": 0.2555948174,
    "operatingIncome": 798000000,
    "operatingIncomeRatio": 0.2349823322,
    "totalOtherIncomeExpensesNet": -95000000,
    "incomeBeforeTax": 703000000,
    "incomeBeforeTaxRatio": 0.207008245,
    "incomeTaxExpense": 176000000,
    "netIncome": 478000000,
    "netIncomeRatio": 0.140753828,
    "eps": 1.08,
    "epsdiluted": 1.07,
    "weightedAverageShsOut": 442000000,
    "weightedAverageShsOutDil": 446000000,
    "link": "https://www.sec.gov/Archives/edgar/data/813828/000081382816000106/0000813828-16-000106-index.htm",
    "finalLink": "https://www.sec.gov/Archives/edgar/data/813828/000081382816000106/cbs_10q-093016.htm"
  },
  {
    "date": "2016-06-30",
    "symbol": "PSKY",
    "reportedCurrency": "USD",
    "cik": "0000813828",
    "fillingDate": "2016-07-28",
    "acceptedDate": "2016-07-28 16:37:31",
    "calendarYear": "2016",
    "period": "Q2",
    "revenue": 3287000000,
    "costOfRevenue": 1861000000,
    "grossProfit": 1426000000,
    "grossProfitRatio": 0.4338302403,
    "researchAndDevelopmentExpenses": 0,
    "generalAndAdministrativeExpenses": 630000000,
    "sellingAndMarketingExpenses": 0,
    "sellingGeneralAndAdministrativeExpenses": 630000000,
    "otherExpenses": -4000000,
    "operatingExpenses": 693000000,
    "costAndExpenses": 2554000000,
    "interestIncome": 8000000,
    "interestExpense": 100000000,
    "depreciationAndAmortization": 63000000,
    "ebitda": 708000000,
    "ebitdaratio": 0.2153939763,
    "operatingIncome": 733000000,
    "operatingIncomeRatio": 0.2229996958,
    "totalOtherIncomeExpensesNet": -14000000,
    "incomeBeforeTax": 637000000,
    "incomeBeforeTaxRatio": 0.1937937329,
    "incomeTaxExpense": 205000000,
    "netIncome": 423000000,
    "netIncomeRatio": 0.128688774,
    "eps": 0.94,
    "epsdiluted": 0.93,
    "weightedAverageShsOut": 451000000,
    "weightedAverageShsOutDil": 455000000,
    "link": "https://www.sec.gov/Archives/edgar/data/813828/000081382816000088/0000813828-16-000088-index.htm",
    "finalLink": "https://www.sec.gov/Archives/edgar/data/813828/000081382816000088/cbs_10q-063016.htm"
  },
  {
    "date": "2016-03-31",
    "symbol": "PSKY",
    "reportedCurrency": "USD",
    "cik": "0000813828",
    "fillingDate": "2016-05-04",
    "acceptedDate": "2016-05-04 09:16:59",
    "calendarYear": "2016",
    "period": "Q1",
    "revenue": 3849000000,
    "costOfRevenue": 2356000000,
    "grossProfit": 1493000000,
    "grossProfitRatio": 0.3878929592,
    "researchAndDevelopmentExpenses": 0,
    "generalAndAdministrativeExpenses": 617000000,
    "sellingAndMarketingExpenses": 0,
    "sellingGeneralAndAdministrativeExpenses": 617000000,
    "otherExpenses": -3000000,
    "operatingExpenses": 672000000,
    "costAndExpenses": 3028000000,
    "interestIncome": 7000000,
    "interestExpense": 100000000,
    "depreciationAndAmortization": 64000000,
    "ebitda": 822000000,
    "ebitdaratio": 0.2135619641,
    "operatingIncome": 821000000,
    "operatingIncomeRatio": 0.2133021564,
    "totalOtherIncomeExpensesNet": -40000000,
    "incomeBeforeTax": 725000000,
    "incomeBeforeTaxRatio": 0.1883606131,
    "incomeTaxExpense": 231000000,
    "netIncome": 473000000,
    "netIncomeRatio": 0.1228890621,
    "eps": 1.03,
    "epsdiluted": 1.02,
    "weightedAverageShsOut": 459000000,
    "weightedAverageShsOutDil": 464000000,
    "link": "https://www.sec.gov/Archives/edgar/data/813828/000081382816000075/0000813828-16-000075-index.htm",
    "finalLink": "https://www.sec.gov/Archives/edgar/data/813828/000081382816000075/cbs_10q-033116.htm"
  },
  {
    "date": "2015-12-31",
    "symbol": "PSKY",
    "reportedCurrency": "USD",
    "cik": "0000813828",
    "fillingDate": "2016-02-16",
    "acceptedDate": "2016-02-12 19:57:12",
    "calendarYear": "2015",
    "period": "Q4",
    "revenue": 3910000000,
    "costOfRevenue": 2433000000,
    "grossProfit": 1477000000,
    "grossProfitRatio": 0.3777493606,
    "researchAndDevelopmentExpenses": 0,
    "generalAndAdministrativeExpenses": 665000000,
    "sellingAndMarketingExpenses": 0,
    "sellingGeneralAndAdministrativeExpenses": 665000000,
    "otherExpenses": -22000000,
    "operatingExpenses": 730000000,
    "costAndExpenses": 3163000000,
    "interestIncome": 6000000,
    "interestExpense": 103000000,
    "depreciationAndAmortization": 65000000,
    "ebitda": 425000000,
    "ebitdaratio": 0.1086956522,
    "operatingIncome": 357000000,
    "operatingIncomeRatio": 0.0913043478,
    "totalOtherIncomeExpensesNet": -119000000,
    "incomeBeforeTax": 257000000,
    "incomeBeforeTaxRatio": 0.0657289003,
    "incomeTaxExpense": 8000000,
    "netIncome": 261000000,
    "netIncomeRatio": 0.0667519182,
    "eps": 0.56,
    "epsdiluted": 0.55,
    "weightedAverageShsOut": 469000000,
    "weightedAverageShsOutDil": 474000000,
    "link": "https://www.sec.gov/Archives/edgar/data/813828/000081382816000065/0000813828-16-000065-index.htm",
    "finalLink": "https://www.sec.gov/Archives/edgar/data/813828/000081382816000065/cbs_10k-123115.htm"
  },
  {
    "date": "2015-09-30",
    "symbol": "PSKY",
    "reportedCurrency": "USD",
    "cik": "0000813828",
    "fillingDate": "2015-11-03",
    "acceptedDate": "2015-11-03 16:18:04",
    "calendarYear": "2015",
    "period": "Q3",
    "revenue": 3257000000,
    "costOfRevenue": 1842000000,
    "grossProfit": 1415000000,
    "grossProfitRatio": 0.4344488793,
    "researchAndDevelopmentExpenses": 0,
    "generalAndAdministrativeExpenses": 597000000,
    "sellingAndMarketingExpenses": 0,
    "sellingGeneralAndAdministrativeExpenses": 597000000,
    "otherExpenses": -4000000,
    "operatingExpenses": 662000000,
    "costAndExpenses": 2504000000,
    "interestIncome": 6000000,
    "interestExpense": 102000000,
    "depreciationAndAmortization": 65000000,
    "ebitda": 818000000,
    "ebitdaratio": 0.2511513663,
    "operatingIncome": 753000000,
    "operatingIncomeRatio": 0.2311943506,
    "totalOtherIncomeExpensesNet": -100000000,
    "incomeBeforeTax": 653000000,
    "incomeBeforeTaxRatio": 0.2004912496,
    "incomeTaxExpense": 211000000,
    "netIncome": 426000000,
    "netIncomeRatio": 0.1307952103,
    "eps": 0.89,
    "epsdiluted": 0.88,
    "weightedAverageShsOut": 480000000,
    "weightedAverageShsOutDil": 484000000,
    "link": "https://www.sec.gov/Archives/edgar/data/813828/000081382815000053/0000813828-15-000053-index.htm",
    "finalLink": "https://www.sec.gov/Archives/edgar/data/813828/000081382815000053/cbs_10q-093015.htm"
  },
  {
    "date": "2015-06-30",
    "symbol": "PSKY",
    "reportedCurrency": "USD",
    "cik": "0000813828",
    "fillingDate": "2015-08-05",
    "acceptedDate": "2015-08-05 16:22:52",
    "calendarYear": "2015",
    "period": "Q2",
    "revenue": 3219000000,
    "costOfRevenue": 1907000000,
    "grossProfit": 1312000000,
    "grossProfitRatio": 0.4075799938,
    "researchAndDevelopmentExpenses": 0,
    "generalAndAdministrativeExpenses": 605000000,
    "sellingAndMarketingExpenses": 0,
    "sellingGeneralAndAdministrativeExpenses": 605000000,
    "otherExpenses": 4000000,
    "operatingExpenses": 671000000,
    "costAndExpenses": 2578000000,
    "interestIncome": 7000000,
    "interestExpense": 94000000,
    "depreciationAndAmortization": 66000000,
    "ebitda": 707000000,
    "ebitdaratio": 0.2196334265,
    "operatingIncome": 586000000,
    "operatingIncomeRatio": 0.1820441131,
    "totalOtherIncomeExpensesNet": -83000000,
    "incomeBeforeTax": 503000000,
    "incomeBeforeTaxRatio": 0.156259708,
    "incomeTaxExpense": 165000000,
    "netIncome": 332000000,
    "netIncomeRatio": 0.1031376204,
    "eps": 0.68,
    "epsdiluted": 0.67,
    "weightedAverageShsOut": 490000000,
    "weightedAverageShsOutDil": 495000000,
    "link": "https://www.sec.gov/Archives/edgar/data/813828/000081382815000045/0000813828-15-000045-index.htm",
    "finalLink": "https://www.sec.gov/Archives/edgar/data/813828/000081382815000045/cbs_10q-063015.htm"
  },
  {
    "date": "2015-03-31",
    "symbol": "PSKY",
    "reportedCurrency": "USD",
    "cik": "0000813828",
    "fillingDate": "2015-05-07",
    "acceptedDate": "2015-05-07 16:19:13",
    "calendarYear": "2015",
    "period": "Q1",
    "revenue": 3500000000,
    "costOfRevenue": 2142000000,
    "grossProfit": 1358000000,
    "grossProfitRatio": 0.388,
    "researchAndDevelopmentExpenses": 0,
    "generalAndAdministrativeExpenses": 588000000,
    "sellingAndMarketingExpenses": 0,
    "sellingGeneralAndAdministrativeExpenses": 588000000,
    "otherExpenses": -4000000,
    "operatingExpenses": 656000000,
    "costAndExpenses": 2798000000,
    "interestIncome": 5000000,
    "interestExpense": 93000000,
    "depreciationAndAmortization": 68000000,
    "ebitda": 770000000,
    "ebitdaratio": 0.22,
    "operatingIncome": 702000000,
    "operatingIncomeRatio": 0.2005714286,
    "totalOtherIncomeExpensesNet": -111000000,
    "incomeBeforeTax": 610000000,
    "incomeBeforeTaxRatio": 0.1742857143,
    "incomeTaxExpense": 203000000,
    "netIncome": 394000000,
    "netIncomeRatio": 0.1125714286,
    "eps": 0.79,
    "epsdiluted": 0.78,
    "weightedAverageShsOut": 498000000,
    "weightedAverageShsOutDil": 506000000,
    "link": "https://www.sec.gov/Archives/edgar/data/813828/000081382815000018/0000813828-15-000018-index.htm",
    "finalLink": "https://www.sec.gov/Archives/edgar/data/813828/000081382815000018/cbs_10q-033115.htm"
  },
  {
    "date": "2014-12-31",
    "symbol": "PSKY",
    "reportedCurrency": "USD",
    "cik": "0000813828",
    "fillingDate": "2015-02-13",
    "acceptedDate": "2015-02-13 17:04:31",
    "calendarYear": "2014",
    "period": "Q4",
    "revenue": 3681000000,
    "costOfRevenue": 2234000000,
    "grossProfit": 1447000000,
    "grossProfitRatio": 0.3930997012,
    "researchAndDevelopmentExpenses": 0,
    "generalAndAdministrativeExpenses": 669000000,
    "sellingAndMarketingExpenses": 0,
    "sellingGeneralAndAdministrativeExpenses": 669000000,
    "otherExpenses": -20000000,
    "operatingExpenses": 740000000,
    "costAndExpenses": 2974000000,
    "interestIncome": 3000000,
    "interestExpense": 87000000,
    "depreciationAndAmortization": 71000000,
    "ebitda": 778000000,
    "ebitdaratio": 0.2113556099,
    "operatingIncome": 707000000,
    "operatingIncomeRatio": 0.192067373,
    "totalOtherIncomeExpensesNet": -104000000,
    "incomeBeforeTax": 603000000,
    "incomeBeforeTaxRatio": 0.1638141809,
    "incomeTaxExpense": 201000000,
    "netIncome": 413000000,
    "netIncomeRatio": 0.1121977723,
    "eps": 0.8,
    "epsdiluted": 0.79,
    "weightedAverageShsOut": 515000000,
    "weightedAverageShsOutDil": 523000000,
    "link": "https://www.sec.gov/Archives/edgar/data/813828/000081382815000009/0000813828-15-000009-index.htm",
    "finalLink": "https://www.sec.gov/Archives/edgar/data/813828/000081382815000009/cbs_10k-123114.htm"
  },
  {
    "date": "2014-09-30",
    "symbol": "PSKY",
    "reportedCurrency": "USD",
    "cik": "0000813828",
    "fillingDate": "2014-11-05",
    "acceptedDate": "2014-11-05 16:08:03",
    "calendarYear": "2014",
    "period": "Q3",
    "revenue": 3367000000,
    "costOfRevenue": 1936000000,
    "grossProfit": 1431000000,
    "grossProfitRatio": 0.425007425,
    "researchAndDevelopmentExpenses": 0,
    "generalAndAdministrativeExpenses": 617000000,
    "sellingAndMarketingExpenses": 0,
    "sellingGeneralAndAdministrativeExpenses": 617000000,
    "otherExpenses": -21000000,
    "operatingExpenses": 685000000,
    "costAndExpenses": 2621000000,
    "interestIncome": 4000000,
    "interestExpense": 89000000,
    "depreciationAndAmortization": 68000000,
    "ebitda": 814000000,
    "ebitdaratio": 0.2417582418,
    "operatingIncome": 668000000,
    "operatingIncomeRatio": 0.1983961984,
    "totalOtherIncomeExpensesNet": -458000000,
    "incomeBeforeTax": 210000000,
    "incomeBeforeTaxRatio": 0.0623700624,
    "incomeTaxExpense": 110000000,
    "netIncome": 1639000000,
    "netIncomeRatio": 0.4867834868,
    "eps": 3.08,
    "epsdiluted": 3.03,
    "weightedAverageShsOut": 532000000,
    "weightedAverageShsOutDil": 541000000,
    "link": "https://www.sec.gov/Archives/edgar/data/813828/000081382814000018/0000813828-14-000018-index.htm",
    "finalLink": "https://www.sec.gov/Archives/edgar/data/813828/000081382814000018/cbs_10q-093014.htm"
  },
  {
    "date": "2014-06-30",
    "symbol": "PSKY",
    "reportedCurrency": "USD",
    "cik": "0000813828",
    "fillingDate": "2014-08-07",
    "acceptedDate": "2014-08-07 17:01:19",
    "calendarYear": "2014",
    "period": "Q2",
    "revenue": 3188000000,
    "costOfRevenue": 1798000000,
    "grossProfit": 1390000000,
    "grossProfitRatio": 0.4360100376,
    "researchAndDevelopmentExpenses": 0,
    "generalAndAdministrativeExpenses": 589000000,
    "sellingAndMarketingExpenses": 0,
    "sellingGeneralAndAdministrativeExpenses": 589000000,
    "otherExpenses": 6000000,
    "operatingExpenses": 660000000,
    "costAndExpenses": 2458000000,
    "interestIncome": 3000000,
    "interestExpense": 94000000,
    "depreciationAndAmortization": 30000000,
    "ebitda": 801000000,
    "ebitdaratio": 0.2512547051,
    "operatingIncome": 730000000,
    "operatingIncomeRatio": 0.2289836888,
    "totalOtherIncomeExpensesNet": -85000000,
    "incomeBeforeTax": 645000000,
    "incomeBeforeTaxRatio": 0.2023212045,
    "incomeTaxExpense": 217000000,
    "netIncome": 439000000,
    "netIncomeRatio": 0.1377038896,
    "eps": 0.77,
    "epsdiluted": 0.76,
    "weightedAverageShsOut": 570000000,
    "weightedAverageShsOutDil": 581000000,
    "link": "https://www.sec.gov/Archives/edgar/data/813828/000104746914006759/0001047469-14-006759-index.htm",
    "finalLink": "https://www.sec.gov/Archives/edgar/data/813828/000104746914006759/a2221046z10-q.htm"
  },
  {
    "date": "2014-03-31",
    "symbol": "PSKY",
    "reportedCurrency": "USD",
    "cik": "0000813828",
    "fillingDate": "2014-05-08",
    "acceptedDate": "2014-05-08 16:26:33",
    "calendarYear": "2014",
    "period": "Q1",
    "revenue": 3856000000,
    "costOfRevenue": 2284000000,
    "grossProfit": 1572000000,
    "grossProfitRatio": 0.4076763485,
    "researchAndDevelopmentExpenses": 0,
    "generalAndAdministrativeExpenses": 642000000,
    "sellingAndMarketingExpenses": 0,
    "sellingGeneralAndAdministrativeExpenses": 642000000,
    "otherExpenses": 5000000,
    "operatingExpenses": 754000000,
    "costAndExpenses": 3038000000,
    "interestIncome": 3000000,
    "interestExpense": 106000000,
    "depreciationAndAmortization": 112000000,
    "ebitda": 862000000,
    "ebitdaratio": 0.2235477178,
    "operatingIncome": 818000000,
    "operatingIncomeRatio": 0.2121369295,
    "totalOtherIncomeExpensesNet": -71000000,
    "incomeBeforeTax": 720000000,
    "incomeBeforeTaxRatio": 0.1867219917,
    "incomeTaxExpense": 242000000,
    "netIncome": 468000000,
    "netIncomeRatio": 0.1213692946,
    "eps": 0.8,
    "epsdiluted": 0.78,
    "weightedAverageShsOut": 585000000,
    "weightedAverageShsOutDil": 600000000,
    "link": "https://www.sec.gov/Archives/edgar/data/813828/000104746914004748/0001047469-14-004748-index.htm",
    "finalLink": "https://www.sec.gov/Archives/edgar/data/813828/000104746914004748/a2220112z10-q.htm"
  },
  {
    "date": "2013-12-31",
    "symbol": "PSKY",
    "reportedCurrency": "USD",
    "cik": "0000813828",
    "fillingDate": "2014-02-14",
    "acceptedDate": "2014-02-14 17:17:39",
    "calendarYear": "2013",
    "period": "Q4",
    "revenue": 3911000000,
    "costOfRevenue": 2303000000,
    "grossProfit": 1608000000,
    "grossProfitRatio": 0.411148044,
    "researchAndDevelopmentExpenses": 0,
    "generalAndAdministrativeExpenses": 681000000,
    "sellingAndMarketingExpenses": 0,
    "sellingGeneralAndAdministrativeExpenses": 681000000,
    "otherExpenses": 8000000,
    "operatingExpenses": 795000000,
    "costAndExpenses": 3098000000,
    "interestIncome": 2000000,
    "interestExpense": 95000000,
    "depreciationAndAmortization": 114000000,
    "ebitda": 917000000,
    "ebitdaratio": 0.2344668883,
    "operatingIncome": 793000000,
    "operatingIncomeRatio": 0.2027614421,
    "totalOtherIncomeExpensesNet": -85000000,
    "incomeBeforeTax": 708000000,
    "incomeBeforeTaxRatio": 0.1810278701,
    "incomeTaxExpense": 234000000,
    "netIncome": 470000000,
    "netIncomeRatio": 0.1201738686,
    "eps": 0.78,
    "epsdiluted": 0.76,
    "weightedAverageShsOut": 599000000,
    "weightedAverageShsOutDil": 615000000,
    "link": "https://www.sec.gov/Archives/edgar/data/813828/000104746914000934/0001047469-14-000934-index.htm",
    "finalLink": "https://www.sec.gov/Archives/edgar/data/813828/000104746914000934/a2218239z10-k.htm"
  },
  {
    "date": "2013-09-30",
    "symbol": "PSKY",
    "reportedCurrency": "USD",
    "cik": "0000813828",
    "fillingDate": "2013-11-06",
    "acceptedDate": "2013-11-06 16:20:44",
    "calendarYear": "2013",
    "period": "Q3",
    "revenue": 3634000000,
    "costOfRevenue": 1972000000,
    "grossProfit": 1662000000,
    "grossProfitRatio": 0.4573472757,
    "researchAndDevelopmentExpenses": 0,
    "generalAndAdministrativeExpenses": 721000000,
    "sellingAndMarketingExpenses": 0,
    "sellingGeneralAndAdministrativeExpenses": 721000000,
    "otherExpenses": 7000000,
    "operatingExpenses": 834000000,
    "costAndExpenses": 2806000000,
    "interestIncome": 2000000,
    "interestExpense": 93000000,
    "depreciationAndAmortization": 113000000,
    "ebitda": 834000000,
    "ebitdaratio": 0.2294991745,
    "operatingIncome": 828000000,
    "operatingIncomeRatio": 0.2278481013,
    "totalOtherIncomeExpensesNet": -20000000,
    "incomeBeforeTax": 744000000,
    "incomeBeforeTaxRatio": 0.2047330765,
    "incomeTaxExpense": 254000000,
    "netIncome": 494000000,
    "netIncomeRatio": 0.1359383599,
    "eps": 0.82,
    "epsdiluted": 0.8,
    "weightedAverageShsOut": 603000000,
    "weightedAverageShsOutDil": 618000000,
    "link": "https://www.sec.gov/Archives/edgar/data/813828/000104746913010325/0001047469-13-010325-index.htm",
    "finalLink": "https://www.sec.gov/Archives/edgar/data/813828/000104746913010325/a2217153z10-q.htm"
  },
  {
    "date": "2013-06-30",
    "symbol": "PSKY",
    "reportedCurrency": "USD",
    "cik": "0000813828",
    "fillingDate": "2013-07-31",
    "acceptedDate": "2013-07-31 16:18:34",
    "calendarYear": "2013",
    "period": "Q2",
    "revenue": 3699000000,
    "costOfRevenue": 2064000000,
    "grossProfit": 1635000000,
    "grossProfitRatio": 0.4420113544,
    "researchAndDevelopmentExpenses": 0,
    "generalAndAdministrativeExpenses": 683000000,
    "sellingAndMarketingExpenses": 0,
    "sellingGeneralAndAdministrativeExpenses": 683000000,
    "otherExpenses": -7000000,
    "operatingExpenses": 797000000,
    "costAndExpenses": 2861000000,
    "interestIncome": 2000000,
    "interestExpense": 93000000,
    "depreciationAndAmortization": 114000000,
    "ebitda": 761000000,
    "ebitdaratio": 0.2057312787,
    "operatingIncome": 838000000,
    "operatingIncomeRatio": 0.2265477156,
    "totalOtherIncomeExpensesNet": -35000000,
    "incomeBeforeTax": 740000000,
    "incomeBeforeTaxRatio": 0.2000540687,
    "incomeTaxExpense": 256000000,
    "netIncome": 472000000,
    "netIncomeRatio": 0.1276020546,
    "eps": 0.78,
    "epsdiluted": 0.76,
    "weightedAverageShsOut": 609000000,
    "weightedAverageShsOutDil": 624000000,
    "link": "https://www.sec.gov/Archives/edgar/data/813828/000104746913007929/0001047469-13-007929-index.htm",
    "finalLink": "https://www.sec.gov/Archives/edgar/data/813828/000104746913007929/a2215871z10-q.htm"
  },
  {
    "date": "2013-03-31",
    "symbol": "PSKY",
    "reportedCurrency": "USD",
    "cik": "0000813828",
    "fillingDate": "2013-05-01",
    "acceptedDate": "2013-05-01 16:40:56",
    "calendarYear": "2013",
    "period": "Q1",
    "revenue": 4040000000,
    "costOfRevenue": 2474000000,
    "grossProfit": 1566000000,
    "grossProfitRatio": 0.3876237624,
    "researchAndDevelopmentExpenses": 0,
    "generalAndAdministrativeExpenses": 650000000,
    "sellingAndMarketingExpenses": 0,
    "sellingGeneralAndAdministrativeExpenses": 650000000,
    "otherExpenses": -2000000,
    "operatingExpenses": 766000000,
    "costAndExpenses": 3240000000,
    "interestIncome": 2000000,
    "interestExpense": 95000000,
    "depreciationAndAmortization": 116000000,
    "ebitda": 916000000,
    "ebitdaratio": 0.2267326733,
    "operatingIncome": 800000000,
    "operatingIncomeRatio": 0.198019802,
    "totalOtherIncomeExpensesNet": -95000000,
    "incomeBeforeTax": 705000000,
    "incomeBeforeTaxRatio": 0.1745049505,
    "incomeTaxExpense": 234000000,
    "netIncome": 443000000,
    "netIncomeRatio": 0.1096534653,
    "eps": 0.71,
    "epsdiluted": 0.69,
    "weightedAverageShsOut": 621000000,
    "weightedAverageShsOutDil": 638000000,
    "link": "https://www.sec.gov/Archives/edgar/data/813828/000104746913005254/0001047469-13-005254-index.htm",
    "finalLink": "https://www.sec.gov/Archives/edgar/data/813828/000104746913005254/a2214903z10-q.htm"
  },
  {
    "date": "2012-12-21",
    "symbol": "PSKY",
    "reportedCurrency": "USD",
    "cik": "0000813828",
    "fillingDate": "2013-02-15",
    "acceptedDate": "2013-02-15 16:42:53",
    "calendarYear": "2012",
    "period": "Q4",
    "revenue": 3698000000,
    "costOfRevenue": 1788000000,
    "grossProfit": 1910000000,
    "grossProfitRatio": 0.5164954029,
    "researchAndDevelopmentExpenses": 0,
    "generalAndAdministrativeExpenses": 0,
    "sellingAndMarketingExpenses": 0,
    "sellingGeneralAndAdministrativeExpenses": 578000000,
    "otherExpenses": 85000000,
    "operatingExpenses": 663000000,
    "costAndExpenses": 2451000000,
    "interestIncome": 2000000,
    "interestExpense": 94000000,
    "depreciationAndAmortization": 85000000,
    "ebitda": 881000000,
    "ebitdaratio": 0.2382368848,
    "operatingIncome": 726000000,
    "operatingIncomeRatio": 0.1963223364,
    "totalOtherIncomeExpensesNet": -42000000,
    "incomeBeforeTax": 635000000,
    "incomeBeforeTaxRatio": 0.1717144402,
    "incomeTaxExpense": 227000000,
    "netIncome": 393000000,
    "netIncomeRatio": 0.1062736614,
    "eps": 0.62,
    "epsdiluted": 0.6,
    "weightedAverageShsOut": 634000000,
    "weightedAverageShsOutDil": 650000000,
    "link": "https://www.sec.gov/Archives/edgar/data/813828/000104746913001192/0001047469-13-001192-index.htm",
    "finalLink": "https://www.sec.gov/Archives/edgar/data/813828/000104746913001192/a2212776z10-k.htm"
  },
  {
    "date": "2012-09-30",
    "symbol": "PSKY",
    "reportedCurrency": "USD",
    "cik": "0000813828",
    "fillingDate": "2012-11-07",
    "acceptedDate": "2012-11-07 16:21:07",
    "calendarYear": "2012",
    "period": "Q3",
    "revenue": 3418000000,
    "costOfRevenue": 1841000000,
    "grossProfit": 1577000000,
    "grossProfitRatio": 0.4613809245,
    "researchAndDevelopmentExpenses": 0,
    "generalAndAdministrativeExpenses": 645000000,
    "sellingAndMarketingExpenses": 34000000,
    "sellingGeneralAndAdministrativeExpenses": 679000000,
    "otherExpenses": 127000000,
    "operatingExpenses": 806000000,
    "costAndExpenses": 2647000000,
    "interestIncome": 2000000,
    "interestExpense": 95000000,
    "depreciationAndAmortization": 127000000,
    "ebitda": 845000000,
    "ebitdaratio": 0.2472205968,
    "operatingIncome": 771000000,
    "operatingIncomeRatio": 0.2255705091,
    "totalOtherIncomeExpensesNet": -136000000,
    "incomeBeforeTax": 624000000,
    "incomeBeforeTaxRatio": 0.1825629023,
    "incomeTaxExpense": 219000000,
    "netIncome": 391000000,
    "netIncomeRatio": 0.1143943827,
    "eps": 0.61,
    "epsdiluted": 0.6,
    "weightedAverageShsOut": 640000000,
    "weightedAverageShsOutDil": 656000000,
    "link": "https://www.sec.gov/Archives/edgar/data/813828/000104746912010188/0001047469-12-010188-index.htm",
    "finalLink": "https://www.sec.gov/Archives/edgar/data/813828/000104746912010188/a2211663z10-q.htm"
  },
  {
    "date": "2012-06-30",
    "symbol": "PSKY",
    "reportedCurrency": "USD",
    "cik": "0000813828",
    "fillingDate": "2012-08-02",
    "acceptedDate": "2012-08-02 17:19:06",
    "calendarYear": "2012",
    "period": "Q2",
    "revenue": 3476000000,
    "costOfRevenue": 1877000000,
    "grossProfit": 1599000000,
    "grossProfitRatio": 0.4600115075,
    "researchAndDevelopmentExpenses": 0,
    "generalAndAdministrativeExpenses": 665000000,
    "sellingAndMarketingExpenses": 33000000,
    "sellingGeneralAndAdministrativeExpenses": 698000000,
    "otherExpenses": 132000000,
    "operatingExpenses": 830000000,
    "costAndExpenses": 2707000000,
    "interestIncome": 1000000,
    "interestExpense": 104000000,
    "depreciationAndAmortization": 132000000,
    "ebitda": 902000000,
    "ebitdaratio": 0.2594936709,
    "operatingIncome": 769000000,
    "operatingIncomeRatio": 0.2212313003,
    "totalOtherIncomeExpensesNet": -100000000,
    "incomeBeforeTax": 663000000,
    "incomeBeforeTaxRatio": 0.1907364787,
    "incomeTaxExpense": 225000000,
    "netIncome": 427000000,
    "netIncomeRatio": 0.1228423475,
    "eps": 0.66,
    "epsdiluted": 0.65,
    "weightedAverageShsOut": 646000000,
    "weightedAverageShsOutDil": 661000000,
    "link": "https://www.sec.gov/Archives/edgar/data/813828/000104746912007699/0001047469-12-007699-index.htm",
    "finalLink": "https://www.sec.gov/Archives/edgar/data/813828/000104746912007699/a2210405z10-q.htm"
  },
  {
    "date": "2012-03-31",
    "symbol": "PSKY",
    "reportedCurrency": "USD",
    "cik": "0000813828",
    "fillingDate": "2012-05-01",
    "acceptedDate": "2012-05-01 16:12:15",
    "calendarYear": "2012",
    "period": "Q1",
    "revenue": 3924000000,
    "costOfRevenue": 2461000000,
    "grossProfit": 1463000000,
    "grossProfitRatio": 0.372833843,
    "researchAndDevelopmentExpenses": 0,
    "generalAndAdministrativeExpenses": 642000000,
    "sellingAndMarketingExpenses": 37000000,
    "sellingGeneralAndAdministrativeExpenses": 679000000,
    "otherExpenses": 131000000,
    "operatingExpenses": 810000000,
    "costAndExpenses": 3271000000,
    "interestIncome": 2000000,
    "interestExpense": 110000000,
    "depreciationAndAmortization": 131000000,
    "ebitda": 786000000,
    "ebitdaratio": 0.2003058104,
    "operatingIncome": 642000000,
    "operatingIncomeRatio": 0.1636085627,
    "totalOtherIncomeExpensesNet": -78000000,
    "incomeBeforeTax": 571000000,
    "incomeBeforeTaxRatio": 0.1455147808,
    "incomeTaxExpense": 203000000,
    "netIncome": 363000000,
    "netIncomeRatio": 0.0925076453,
    "eps": 0.56,
    "epsdiluted": 0.54,
    "weightedAverageShsOut": 650000000,
    "weightedAverageShsOutDil": 667000000,
    "link": "https://www.sec.gov/Archives/edgar/data/813828/000104746912005106/0001047469-12-005106-index.htm",
    "finalLink": "https://www.sec.gov/Archives/edgar/data/813828/000104746912005106/a2209097z10-q.htm"
  },
  {
    "date": "2011-12-31",
    "symbol": "PSKY",
    "reportedCurrency": "USD",
    "cik": "0000813828",
    "fillingDate": "2012-02-23",
    "acceptedDate": "2012-02-23 16:21:02",
    "calendarYear": "2011",
    "period": "Q4",
    "revenue": 3784000000,
    "costOfRevenue": 2251000000,
    "grossProfit": 1533000000,
    "grossProfitRatio": 0.4051268499,
    "researchAndDevelopmentExpenses": 0,
    "generalAndAdministrativeExpenses": 0,
    "sellingAndMarketingExpenses": 0,
    "sellingGeneralAndAdministrativeExpenses": 696000000,
    "otherExpenses": 136000000,
    "operatingExpenses": 832000000,
    "costAndExpenses": 3083000000,
    "interestIncome": 2000000,
    "interestExpense": 106000000,
    "depreciationAndAmortization": 136000000,
    "ebitda": 783000000,
    "ebitdaratio": 0.2069238901,
    "operatingIncome": 655000000,
    "operatingIncomeRatio": 0.1730972516,
    "totalOtherIncomeExpensesNet": -114000000,
    "incomeBeforeTax": 541000000,
    "incomeBeforeTaxRatio": 0.1429704017,
    "incomeTaxExpense": 186000000,
    "netIncome": 370000000,
    "netIncomeRatio": 0.0977801268,
    "eps": 0.56,
    "epsdiluted": 0.56,
    "weightedAverageShsOut": 655000000,
    "weightedAverageShsOutDil": 659000000,
    "link": "https://www.sec.gov/Archives/edgar/data/813828/000104746912001373/0001047469-12-001373-index.htm",
    "finalLink": "https://www.sec.gov/Archives/edgar/data/813828/000104746912001373/a2207377z10-k.htm"
  },
  {
    "date": "2011-09-30",
    "symbol": "PSKY",
    "reportedCurrency": "USD",
    "cik": "0000813828",
    "fillingDate": "2011-11-03",
    "acceptedDate": "2011-11-03 16:14:53",
    "calendarYear": "2011",
    "period": "Q3",
    "revenue": 3365000000,
    "costOfRevenue": 1810000000,
    "grossProfit": 1555000000,
    "grossProfitRatio": 0.4621099554,
    "researchAndDevelopmentExpenses": 0,
    "generalAndAdministrativeExpenses": 0,
    "sellingAndMarketingExpenses": 0,
    "sellingGeneralAndAdministrativeExpenses": 718000000,
    "otherExpenses": 134000000,
    "operatingExpenses": 852000000,
    "costAndExpenses": 2662000000,
    "interestIncome": 2000000,
    "interestExpense": 110000000,
    "depreciationAndAmortization": 134000000,
    "ebitda": 818000000,
    "ebitdaratio": 0.2430906389,
    "operatingIncome": 703000000,
    "operatingIncomeRatio": 0.2089153046,
    "totalOtherIncomeExpensesNet": -129000000,
    "incomeBeforeTax": 574000000,
    "incomeBeforeTaxRatio": 0.1705794948,
    "incomeTaxExpense": 217000000,
    "netIncome": 338000000,
    "netIncomeRatio": 0.1004457652,
    "eps": 0.51,
    "epsdiluted": 0.5,
    "weightedAverageShsOut": 659000000,
    "weightedAverageShsOutDil": 675000000,
    "link": "https://www.sec.gov/Archives/edgar/data/813828/000104746911008999/0001047469-11-008999-index.htm",
    "finalLink": "https://www.sec.gov/Archives/edgar/data/813828/000104746911008999/a2206043z10-q.htm"
  },
  {
    "date": "2011-06-30",
    "symbol": "PSKY",
    "reportedCurrency": "USD",
    "cik": "0000813828",
    "fillingDate": "2011-08-02",
    "acceptedDate": "2011-08-02 16:18:34",
    "calendarYear": "2011",
    "period": "Q2",
    "revenue": 3586000000,
    "costOfRevenue": 2030000000,
    "grossProfit": 1556000000,
    "grossProfitRatio": 0.4339096486,
    "researchAndDevelopmentExpenses": 0,
    "generalAndAdministrativeExpenses": 0,
    "sellingAndMarketingExpenses": 0,
    "sellingGeneralAndAdministrativeExpenses": 683000000,
    "otherExpenses": 139000000,
    "operatingExpenses": 822000000,
    "costAndExpenses": 2852000000,
    "interestIncome": 1000000,
    "interestExpense": 110000000,
    "depreciationAndAmortization": 139000000,
    "ebitda": 879000000,
    "ebitdaratio": 0.2451199108,
    "operatingIncome": 734000000,
    "operatingIncomeRatio": 0.2046848857,
    "totalOtherIncomeExpensesNet": -104000000,
    "incomeBeforeTax": 630000000,
    "incomeBeforeTaxRatio": 0.1756832125,
    "incomeTaxExpense": 230000000,
    "netIncome": 395000000,
    "netIncomeRatio": 0.1101505856,
    "eps": 0.59,
    "epsdiluted": 0.58,
    "weightedAverageShsOut": 669000000,
    "weightedAverageShsOutDil": 686000000,
    "link": "https://www.sec.gov/Archives/edgar/data/813828/000104746911006845/0001047469-11-006845-index.htm",
    "finalLink": "https://www.sec.gov/Archives/edgar/data/813828/000104746911006845/a2204923z10-q.htm"
  },
  {
    "date": "2011-03-31",
    "symbol": "PSKY",
    "reportedCurrency": "USD",
    "cik": "0000813828",
    "fillingDate": "2011-05-03",
    "acceptedDate": "2011-05-03 16:21:08",
    "calendarYear": "2011",
    "period": "Q1",
    "revenue": 3510000000,
    "costOfRevenue": 2276000000,
    "grossProfit": 1234000000,
    "grossProfitRatio": 0.3515669516,
    "researchAndDevelopmentExpenses": 0,
    "generalAndAdministrativeExpenses": 0,
    "sellingAndMarketingExpenses": 0,
    "sellingGeneralAndAdministrativeExpenses": 658000000,
    "otherExpenses": 139000000,
    "operatingExpenses": 797000000,
    "costAndExpenses": 3073000000,
    "interestIncome": 2000000,
    "interestExpense": 110000000,
    "depreciationAndAmortization": 139000000,
    "ebitda": 587000000,
    "ebitdaratio": 0.1672364672,
    "operatingIncome": 437000000,
    "operatingIncomeRatio": 0.1245014245,
    "totalOtherIncomeExpensesNet": -99000000,
    "incomeBeforeTax": 338000000,
    "incomeBeforeTaxRatio": 0.0962962963,
    "incomeTaxExpense": 122000000,
    "netIncome": 202000000,
    "netIncomeRatio": 0.0575498575,
    "eps": 0.3,
    "epsdiluted": 0.29,
    "weightedAverageShsOut": 674000000,
    "weightedAverageShsOutDil": 693000000,
    "link": "https://www.sec.gov/Archives/edgar/data/813828/000104746911004480/0001047469-11-004480-index.htm",
    "finalLink": "https://www.sec.gov/Archives/edgar/data/813828/000104746911004480/a2203691z10-q.htm"
  },
  {
    "date": "2010-12-31",
    "symbol": "PSKY",
    "reportedCurrency": "USD",
    "cik": "0000813828",
    "fillingDate": "2011-02-25",
    "acceptedDate": "2011-02-25 16:59:21",
    "calendarYear": "2010",
    "period": "Q4",
    "revenue": 3900400000,
    "costOfRevenue": 2427700000,
    "grossProfit": 1472700000,
    "grossProfitRatio": 0.3775766588,
    "researchAndDevelopmentExpenses": 0,
    "generalAndAdministrativeExpenses": 0,
    "sellingAndMarketingExpenses": 0,
    "sellingGeneralAndAdministrativeExpenses": 702600000,
    "otherExpenses": 138800000,
    "operatingExpenses": 841400000,
    "costAndExpenses": 3269100000,
    "interestIncome": 1900000,
    "interestExpense": 129400000,
    "depreciationAndAmortization": 138800000,
    "ebitda": 772000000,
    "ebitdaratio": 0.1979284176,
    "operatingIncome": 616700000,
    "operatingIncomeRatio": 0.1581119885,
    "totalOtherIncomeExpensesNet": -158400000,
    "incomeBeforeTax": 458300000,
    "incomeBeforeTaxRatio": 0.1175007692,
    "incomeTaxExpense": 171400000,
    "netIncome": 283000000,
    "netIncomeRatio": 0.0725566609,
    "eps": 0.42,
    "epsdiluted": 0.42,
    "weightedAverageShsOut": 679500000,
    "weightedAverageShsOutDil": 679500000,
    "link": "https://www.sec.gov/Archives/edgar/data/813828/000104746911001419/0001047469-11-001419-index.htm",
    "finalLink": "https://www.sec.gov/Archives/edgar/data/813828/000104746911001419/a2202111z10-k.htm"
  },
  {
    "date": "2010-09-30",
    "symbol": "PSKY",
    "reportedCurrency": "USD",
    "cik": "0000813828",
    "fillingDate": "2010-11-04",
    "acceptedDate": "2010-11-04 16:44:59",
    "calendarYear": "2010",
    "period": "Q3",
    "revenue": 3297500000,
    "costOfRevenue": 1916000000,
    "grossProfit": 1381500000,
    "grossProfitRatio": 0.4189537528,
    "researchAndDevelopmentExpenses": 0,
    "generalAndAdministrativeExpenses": 0,
    "sellingAndMarketingExpenses": 0,
    "sellingGeneralAndAdministrativeExpenses": 624000000,
    "otherExpenses": 139000000,
    "operatingExpenses": 763000000,
    "costAndExpenses": 2679000000,
    "interestIncome": 1400000,
    "interestExpense": 127800000,
    "depreciationAndAmortization": 139200000,
    "ebitda": 775000000,
    "ebitdaratio": 0.2350265353,
    "operatingIncome": 611200000,
    "operatingIncomeRatio": 0.1853525398,
    "totalOtherIncomeExpensesNet": -102200000,
    "incomeBeforeTax": 508800000,
    "incomeBeforeTaxRatio": 0.1542987111,
    "incomeTaxExpense": 178600000,
    "netIncome": 317000000,
    "netIncomeRatio": 0.0961334344,
    "eps": 0.47,
    "epsdiluted": 0.46,
    "weightedAverageShsOut": 679500000,
    "weightedAverageShsOutDil": 694300000,
    "link": "https://www.sec.gov/Archives/edgar/data/813828/000104746910009233/0001047469-10-009233-index.htm",
    "finalLink": "https://www.sec.gov/Archives/edgar/data/813828/000104746910009233/a2200743z10-q.htm"
  },
  {
    "date": "2010-06-30",
    "symbol": "PSKY",
    "reportedCurrency": "USD",
    "cik": "0000813828",
    "fillingDate": "2010-08-03",
    "acceptedDate": "2010-08-03 16:34:31",
    "calendarYear": "2010",
    "period": "Q2",
    "revenue": 3331000000,
    "costOfRevenue": 2077700000,
    "grossProfit": 1253300000,
    "grossProfitRatio": 0.3762533774,
    "researchAndDevelopmentExpenses": 0,
    "generalAndAdministrativeExpenses": 0,
    "sellingAndMarketingExpenses": 0,
    "sellingGeneralAndAdministrativeExpenses": 673100000,
    "otherExpenses": 143500000,
    "operatingExpenses": 816600000,
    "costAndExpenses": 2894300000,
    "interestIncome": 1100000,
    "interestExpense": 133600000,
    "depreciationAndAmortization": 143500000,
    "ebitda": 581300000,
    "ebitdaratio": 0.1745121585,
    "operatingIncome": 435000000,
    "operatingIncomeRatio": 0.130591414,
    "totalOtherIncomeExpensesNet": -187000000,
    "incomeBeforeTax": 248600000,
    "incomeBeforeTaxRatio": 0.0746322426,
    "incomeTaxExpense": 91700000,
    "netIncome": 150000000,
    "netIncomeRatio": 0.0450315221,
    "eps": 0.22,
    "epsdiluted": 0.22,
    "weightedAverageShsOut": 679000000,
    "weightedAverageShsOutDil": 693000000,
    "link": "https://www.sec.gov/Archives/edgar/data/813828/000104746910006913/0001047469-10-006913-index.htm",
    "finalLink": "https://www.sec.gov/Archives/edgar/data/813828/000104746910006913/a2199566z10-q.htm"
  },
  {
    "date": "2010-03-31",
    "symbol": "PSKY",
    "reportedCurrency": "USD",
    "cik": "0000813828",
    "fillingDate": "2010-05-05",
    "acceptedDate": "2010-05-05 16:28:29",
    "calendarYear": "2010",
    "period": "Q1",
    "revenue": 3530900000,
    "costOfRevenue": 2563500000,
    "grossProfit": 967400000,
    "grossProfitRatio": 0.273981138,
    "researchAndDevelopmentExpenses": 0,
    "generalAndAdministrativeExpenses": 0,
    "sellingAndMarketingExpenses": 0,
    "sellingGeneralAndAdministrativeExpenses": 616100000,
    "otherExpenses": 140800000,
    "operatingExpenses": 756900000,
    "costAndExpenses": 3320400000,
    "interestIncome": 1100000,
    "interestExpense": 138000000,
    "depreciationAndAmortization": 140800000,
    "ebitda": 285000000,
    "ebitdaratio": 0.0807159648,
    "operatingIncome": 153400000,
    "operatingIncomeRatio": 0.043445014,
    "totalOtherIncomeExpensesNet": -147200000,
    "incomeBeforeTax": 5800000,
    "incomeBeforeTaxRatio": 0.0016426407,
    "incomeTaxExpense": 21000000,
    "netIncome": -26200000,
    "netIncomeRatio": -0.0074202045,
    "eps": -0.0388,
    "epsdiluted": -0.0388,
    "weightedAverageShsOut": 676000000,
    "weightedAverageShsOutDil": 676000000,
    "link": "https://www.sec.gov/Archives/edgar/data/813828/000104746910004823/0001047469-10-004823-index.htm",
    "finalLink": "https://www.sec.gov/Archives/edgar/data/813828/000104746910004823/a2198177z10-q.htm"
  },
  {
    "date": "2009-12-31",
    "symbol": "PSKY",
    "reportedCurrency": "USD",
    "cik": "0000813828",
    "fillingDate": "2010-02-25",
    "acceptedDate": "2010-02-25 17:10:49",
    "calendarYear": "2009",
    "period": "Q4",
    "revenue": 3498400000,
    "costOfRevenue": 2269900000,
    "grossProfit": 1228500000,
    "grossProfitRatio": 0.3511605305,
    "researchAndDevelopmentExpenses": 0,
    "generalAndAdministrativeExpenses": 0,
    "sellingAndMarketingExpenses": 0,
    "sellingGeneralAndAdministrativeExpenses": 646100000,
    "otherExpenses": 147400000,
    "operatingExpenses": 793500000,
    "costAndExpenses": 3063400000,
    "interestIncome": 1700000,
    "interestExpense": 139500000,
    "depreciationAndAmortization": 147400000,
    "ebitda": 390400000,
    "ebitdaratio": 0.1115938715,
    "operatingIncome": 243500000,
    "operatingIncomeRatio": 0.0696032472,
    "totalOtherIncomeExpensesNet": -140000000,
    "incomeBeforeTax": 103500000,
    "incomeBeforeTaxRatio": 0.0295849531,
    "incomeTaxExpense": 37400000,
    "netIncome": 58800000,
    "netIncomeRatio": 0.0168076835,
    "eps": 0.0871,
    "epsdiluted": 0.0871,
    "weightedAverageShsOut": 674800000,
    "weightedAverageShsOutDil": 674800000,
    "link": "https://www.sec.gov/Archives/edgar/data/813828/000104746910001402/0001047469-10-001402-index.htm",
    "finalLink": "https://www.sec.gov/Archives/edgar/data/813828/000104746910001402/a2196637z10-k.htm"
  },
  {
    "date": "2009-09-30",
    "symbol": "PSKY",
    "reportedCurrency": "USD",
    "cik": "0000813828",
    "fillingDate": "2009-11-05",
    "acceptedDate": "2009-11-05 16:21:38",
    "calendarYear": "2009",
    "period": "Q3",
    "revenue": 3350000000,
    "costOfRevenue": 2132300000,
    "grossProfit": 1217700000,
    "grossProfitRatio": 0.3634925373,
    "researchAndDevelopmentExpenses": 0,
    "generalAndAdministrativeExpenses": 0,
    "sellingAndMarketingExpenses": 0,
    "sellingGeneralAndAdministrativeExpenses": 620400000,
    "otherExpenses": 147400000,
    "operatingExpenses": 767800000,
    "costAndExpenses": 2900100000,
    "interestIncome": 1600000,
    "interestExpense": 135400000,
    "depreciationAndAmortization": 147400000,
    "ebitda": 582200000,
    "ebitdaratio": 0.1737910448,
    "operatingIncome": 418200000,
    "operatingIncomeRatio": 0.1248358209,
    "totalOtherIncomeExpensesNet": -118800000,
    "incomeBeforeTax": 299400000,
    "incomeBeforeTaxRatio": 0.0893731343,
    "incomeTaxExpense": 79700000,
    "netIncome": 207600000,
    "netIncomeRatio": 0.0619701493,
    "eps": 0.31,
    "epsdiluted": 0.3,
    "weightedAverageShsOut": 674800000,
    "weightedAverageShsOutDil": 685100000,
    "link": "https://www.sec.gov/Archives/edgar/data/813828/000104746909009610/0001047469-09-009610-index.htm",
    "finalLink": "https://www.sec.gov/Archives/edgar/data/813828/000104746909009610/a2195198z10-q.htm"
  },
  {
    "date": "2009-06-30",
    "symbol": "PSKY",
    "reportedCurrency": "USD",
    "cik": "0000813828",
    "fillingDate": "2009-08-06",
    "acceptedDate": "2009-08-06 16:20:54",
    "calendarYear": "2009",
    "period": "Q2",
    "revenue": 3006300000,
    "costOfRevenue": 1984400000,
    "grossProfit": 1021900000,
    "grossProfitRatio": 0.3399195024,
    "researchAndDevelopmentExpenses": 0,
    "generalAndAdministrativeExpenses": 0,
    "sellingAndMarketingExpenses": 0,
    "sellingGeneralAndAdministrativeExpenses": 625700000,
    "otherExpenses": 145200000,
    "operatingExpenses": 770900000,
    "costAndExpenses": 2755300000,
    "interestIncome": 1100000,
    "interestExpense": 133900000,
    "depreciationAndAmortization": 145200000,
    "ebitda": 354500000,
    "ebitdaratio": 0.1179190367,
    "operatingIncome": 242200000,
    "operatingIncomeRatio": 0.0805641486,
    "totalOtherIncomeExpensesNet": -166800000,
    "incomeBeforeTax": 75400000,
    "incomeBeforeTaxRatio": 0.0250806639,
    "incomeTaxExpense": 56900000,
    "netIncome": 15400000,
    "netIncomeRatio": 0.0051225759,
    "eps": 0.02,
    "epsdiluted": 0.02,
    "weightedAverageShsOut": 673400000,
    "weightedAverageShsOutDil": 680200000,
    "link": "https://www.sec.gov/Archives/edgar/data/813828/000104746909007300/0001047469-09-007300-index.htm",
    "finalLink": "https://www.sec.gov/Archives/edgar/data/813828/000104746909007300/a2193964z10-q.htm"
  },
  {
    "date": "2009-03-31",
    "symbol": "PSKY",
    "reportedCurrency": "USD",
    "cik": "0000813828",
    "fillingDate": "2009-05-07",
    "acceptedDate": "2009-05-07 16:16:18",
    "calendarYear": "2009",
    "period": "Q1",
    "revenue": 3159900000,
    "costOfRevenue": 2313100000,
    "grossProfit": 846800000,
    "grossProfitRatio": 0.267983164,
    "researchAndDevelopmentExpenses": 0,
    "generalAndAdministrativeExpenses": 0,
    "sellingAndMarketingExpenses": 0,
    "sellingGeneralAndAdministrativeExpenses": 597000000,
    "otherExpenses": 142300000,
    "operatingExpenses": 739300000,
    "costAndExpenses": 3052400000,
    "interestIncome": 2300000,
    "interestExpense": 133200000,
    "depreciationAndAmortization": 142300000,
    "ebitda": 252100000,
    "ebitdaratio": 0.0797810057,
    "operatingIncome": 107500000,
    "operatingIncomeRatio": 0.0340200639,
    "totalOtherIncomeExpensesNet": -142800000,
    "incomeBeforeTax": -35300000,
    "incomeBeforeTaxRatio": -0.0111712396,
    "incomeTaxExpense": 8800000,
    "netIncome": -55300000,
    "netIncomeRatio": -0.0175005538,
    "eps": -0.0824,
    "epsdiluted": -0.0824,
    "weightedAverageShsOut": 671500000,
    "weightedAverageShsOutDil": 671500000,
    "link": "https://www.sec.gov/Archives/edgar/data/813828/000104746909005171/0001047469-09-005171-index.htm",
    "finalLink": "https://www.sec.gov/Archives/edgar/data/813828/000104746909005171/a2192593z10-q.htm"
  },
  {
    "date": "2008-12-31",
    "symbol": "PSKY",
    "reportedCurrency": "USD",
    "cik": "0000813828",
    "fillingDate": "2009-02-25",
    "acceptedDate": "2009-02-25 17:03:41",
    "calendarYear": "2008",
    "period": "Q4",
    "revenue": 3526900000,
    "costOfRevenue": 2251900000,
    "grossProfit": 1275000000,
    "grossProfitRatio": 0.3615072727,
    "researchAndDevelopmentExpenses": 0,
    "generalAndAdministrativeExpenses": 0,
    "sellingAndMarketingExpenses": 0,
    "sellingGeneralAndAdministrativeExpenses": 678600000,
    "otherExpenses": -13966500000,
    "operatingExpenses": -13287900000,
    "costAndExpenses": -11036000000,
    "interestIncome": 0,
    "interestExpense": 0,
    "depreciationAndAmortization": 150700000,
    "ebitda": 525700000,
    "ebitdaratio": 0.1490544104,
    "operatingIncome": 298200000,
    "operatingIncomeRatio": 0.0845501715,
    "totalOtherIncomeExpensesNet": -131200000,
    "incomeBeforeTax": 167000000,
    "incomeBeforeTaxRatio": 0.0473503643,
    "incomeTaxExpense": 28600000,
    "netIncome": 136100000,
    "netIncomeRatio": 0.0385891293,
    "eps": 0.2,
    "epsdiluted": 0.2,
    "weightedAverageShsOut": 670900000,
    "weightedAverageShsOutDil": 670900000,
    "link": "https://www.sec.gov/Archives/edgar/data/813828/000104746909001824/0001047469-09-001824-index.htm",
    "finalLink": "https://www.sec.gov/Archives/edgar/data/813828/000104746909001824/a2190706z10-k.htm"
  },
  {
    "date": "2008-09-30",
    "symbol": "PSKY",
    "reportedCurrency": "USD",
    "cik": "0000813828",
    "fillingDate": "2008-11-04",
    "acceptedDate": "2008-11-04 16:29:56",
    "calendarYear": "2008",
    "period": "Q3",
    "revenue": 3375700000,
    "costOfRevenue": 2050200000,
    "grossProfit": 1325500000,
    "grossProfitRatio": 0.3926593003,
    "researchAndDevelopmentExpenses": 0,
    "generalAndAdministrativeExpenses": 0,
    "sellingAndMarketingExpenses": 0,
    "sellingGeneralAndAdministrativeExpenses": 680800000,
    "otherExpenses": 14256900000,
    "operatingExpenses": 14937700000,
    "costAndExpenses": 16987900000,
    "interestIncome": 0,
    "interestExpense": 0,
    "depreciationAndAmortization": 139700000,
    "ebitda": -13472500000,
    "ebitdaratio": -3.9910240839,
    "operatingIncome": -13618100000,
    "operatingIncomeRatio": -4.0341558788,
    "totalOtherIncomeExpensesNet": -169700000,
    "incomeBeforeTax": -13787800000,
    "incomeBeforeTaxRatio": -4.0844269337,
    "incomeTaxExpense": -1332100000,
    "netIncome": -12462200000,
    "netIncomeRatio": -3.6917380099,
    "eps": -18.58,
    "epsdiluted": -18.58,
    "weightedAverageShsOut": 670900000,
    "weightedAverageShsOutDil": 670900000,
    "link": "https://www.sec.gov/Archives/edgar/data/813828/000104746908011595/0001047469-08-011595-index.htm",
    "finalLink": "https://www.sec.gov/Archives/edgar/data/813828/000104746908011595/a2188818z10-q.htm"
  },
  {
    "date": "2008-06-30",
    "symbol": "PSKY",
    "reportedCurrency": "USD",
    "cik": "0000813828",
    "fillingDate": "2008-08-01",
    "acceptedDate": "2008-08-01 16:27:58",
    "calendarYear": "2008",
    "period": "Q2",
    "revenue": 3393700000,
    "costOfRevenue": 1962300000,
    "grossProfit": 1431400000,
    "grossProfitRatio": 0.4217815364,
    "researchAndDevelopmentExpenses": 0,
    "generalAndAdministrativeExpenses": 0,
    "sellingAndMarketingExpenses": 0,
    "sellingGeneralAndAdministrativeExpenses": 668400000,
    "otherExpenses": 123400000,
    "operatingExpenses": 791800000,
    "costAndExpenses": 2754100000,
    "interestIncome": 0,
    "interestExpense": 0,
    "depreciationAndAmortization": 123400000,
    "ebitda": 763000000,
    "ebitdaratio": 0.2248283584,
    "operatingIncome": 637000000,
    "operatingIncomeRatio": 0.1877007396,
    "totalOtherIncomeExpensesNet": 5800000,
    "incomeBeforeTax": 642800000,
    "incomeBeforeTaxRatio": 0.1894097887,
    "incomeTaxExpense": 232900000,
    "netIncome": 408400000,
    "netIncomeRatio": 0.1203406312,
    "eps": 0.61,
    "epsdiluted": 0.61,
    "weightedAverageShsOut": 669400000,
    "weightedAverageShsOutDil": 674300000,
    "link": "https://www.sec.gov/Archives/edgar/data/813828/000104746908008646/0001047469-08-008646-index.htm",
    "finalLink": "https://www.sec.gov/Archives/edgar/data/813828/000104746908008646/a2187013z10-q.htm"
  },
  {
    "date": "2008-03-31",
    "symbol": "PSKY",
    "reportedCurrency": "USD",
    "cik": "0000813828",
    "fillingDate": "2008-05-02",
    "acceptedDate": "2008-05-02 16:50:24",
    "calendarYear": "2008",
    "period": "Q1",
    "revenue": 3654100000,
    "costOfRevenue": 2386300000,
    "grossProfit": 1267800000,
    "grossProfitRatio": 0.346952738,
    "researchAndDevelopmentExpenses": 0,
    "generalAndAdministrativeExpenses": 0,
    "sellingAndMarketingExpenses": 0,
    "sellingGeneralAndAdministrativeExpenses": 580900000,
    "otherExpenses": 117800000,
    "operatingExpenses": 698700000,
    "costAndExpenses": 3085000000,
    "interestIncome": 0,
    "interestExpense": 0,
    "depreciationAndAmortization": 117800000,
    "ebitda": 686900000,
    "ebitdaratio": 0.1879806245,
    "operatingIncome": 524200000,
    "operatingIncomeRatio": 0.1434552968,
    "totalOtherIncomeExpensesNet": -121300000.00000006,
    "incomeBeforeTax": 402900000,
    "incomeBeforeTaxRatio": 0.1102597083,
    "incomeTaxExpense": 151300000,
    "netIncome": 244300000,
    "netIncomeRatio": 0.0668564079,
    "eps": 0.37,
    "epsdiluted": 0.36,
    "weightedAverageShsOut": 667900000,
    "weightedAverageShsOutDil": 673800000,
    "link": "https://www.sec.gov/Archives/edgar/data/813828/000104746908005755/0001047469-08-005755-index.htm",
    "finalLink": "https://www.sec.gov/Archives/edgar/data/813828/000104746908005755/a2185275z10-q.htm"
  },
  {
    "date": "2007-12-31",
    "symbol": "PSKY",
    "reportedCurrency": "USD",
    "cik": "0000813828",
    "fillingDate": "2008-02-28",
    "acceptedDate": "2008-02-28 17:15:34",
    "calendarYear": "2007",
    "period": "Q4",
    "revenue": 3758800000,
    "costOfRevenue": 2236500000,
    "grossProfit": 1522300000,
    "grossProfitRatio": 0.4049962754,
    "researchAndDevelopmentExpenses": 0,
    "generalAndAdministrativeExpenses": 0,
    "sellingAndMarketingExpenses": 0,
    "sellingGeneralAndAdministrativeExpenses": 698300000,
    "otherExpenses": 119200000,
    "operatingExpenses": 817500000,
    "costAndExpenses": 3054000000,
    "interestIncome": 0,
    "interestExpense": 0,
    "depreciationAndAmortization": 124200000,
    "ebitda": 829000000,
    "ebitdaratio": 0.2205491114,
    "operatingIncome": 704800000,
    "operatingIncomeRatio": 0.1875066511,
    "totalOtherIncomeExpensesNet": -159400000,
    "incomeBeforeTax": 545400000,
    "incomeBeforeTaxRatio": 0.1450994998,
    "incomeTaxExpense": 211100000,
    "netIncome": 286200000,
    "netIncomeRatio": 0.0761413217,
    "eps": 0.4,
    "epsdiluted": 0.4,
    "weightedAverageShsOut": 707100000,
    "weightedAverageShsOutDil": 707100000,
    "link": "https://www.sec.gov/Archives/edgar/data/813828/000104746908001936/0001047469-08-001936-index.htm",
    "finalLink": "https://www.sec.gov/Archives/edgar/data/813828/000104746908001936/a2182958z10-k.htm"
  },
  {
    "date": "2007-09-30",
    "symbol": "PSKY",
    "reportedCurrency": "USD",
    "cik": "0000813828",
    "fillingDate": "2007-11-05",
    "acceptedDate": "2007-11-05 17:27:26",
    "calendarYear": "2007",
    "period": "Q3",
    "revenue": 3281400000,
    "costOfRevenue": 1855000000,
    "grossProfit": 1426400000,
    "grossProfitRatio": 0.4346925093,
    "researchAndDevelopmentExpenses": 0,
    "generalAndAdministrativeExpenses": 0,
    "sellingAndMarketingExpenses": 0,
    "sellingGeneralAndAdministrativeExpenses": 668800000,
    "otherExpenses": 111800000,
    "operatingExpenses": 780600000,
    "costAndExpenses": 2635600000,
    "interestIncome": 0,
    "interestExpense": 0,
    "depreciationAndAmortization": 111800000,
    "ebitda": 757600000,
    "ebitdaratio": 0.2308770647,
    "operatingIncome": 645800000,
    "operatingIncomeRatio": 0.1968062412,
    "totalOtherIncomeExpensesNet": -120000000,
    "incomeBeforeTax": 525800000,
    "incomeBeforeTaxRatio": 0.1602364844,
    "incomeTaxExpense": 172500000,
    "netIncome": 343300000,
    "netIncomeRatio": 0.1046199793,
    "eps": 0.49,
    "epsdiluted": 0.48,
    "weightedAverageShsOut": 707100000,
    "weightedAverageShsOutDil": 715400000,
    "link": "https://www.sec.gov/Archives/edgar/data/813828/000104746907008435/0001047469-07-008435-index.htm",
    "finalLink": "https://www.sec.gov/Archives/edgar/data/813828/000104746907008435/a2180657z10-q.htm"
  },
  {
    "date": "2007-06-30",
    "symbol": "PSKY",
    "reportedCurrency": "USD",
    "cik": "0000813828",
    "fillingDate": "2007-08-02",
    "acceptedDate": "2007-08-02 16:29:28",
    "calendarYear": "2007",
    "period": "Q2",
    "revenue": 3374900000,
    "costOfRevenue": 1842000000,
    "grossProfit": 1532900000,
    "grossProfitRatio": 0.4542060505,
    "researchAndDevelopmentExpenses": 0,
    "generalAndAdministrativeExpenses": 0,
    "sellingAndMarketingExpenses": 0,
    "sellingGeneralAndAdministrativeExpenses": 673500000,
    "otherExpenses": 109500000,
    "operatingExpenses": 783000000,
    "costAndExpenses": 2625000000,
    "interestIncome": 0,
    "interestExpense": 0,
    "depreciationAndAmortization": 109500000,
    "ebitda": 859400000,
    "ebitdaratio": 0.2546445821,
    "operatingIncome": 749900000,
    "operatingIncomeRatio": 0.2221991763,
    "totalOtherIncomeExpensesNet": -107400000,
    "incomeBeforeTax": 642500000,
    "incomeBeforeTaxRatio": 0.1903760111,
    "incomeTaxExpense": 233700000,
    "netIncome": 404000000,
    "netIncomeRatio": 0.1197072506,
    "eps": 0.56,
    "epsdiluted": 0.55,
    "weightedAverageShsOut": 720800000,
    "weightedAverageShsOutDil": 729400000,
    "link": "https://www.sec.gov/Archives/edgar/data/813828/000104746907006035/0001047469-07-006035-index.htm",
    "finalLink": "https://www.sec.gov/Archives/edgar/data/813828/000104746907006035/a2178932z10-q.htm"
  },
  {
    "date": "2007-03-31",
    "symbol": "PSKY",
    "reportedCurrency": "USD",
    "cik": "0000813828",
    "fillingDate": "2007-05-04",
    "acceptedDate": "2007-05-04 17:09:43",
    "calendarYear": "2007",
    "period": "Q1",
    "revenue": 3657800000,
    "costOfRevenue": 2395800000,
    "grossProfit": 1262000000,
    "grossProfitRatio": 0.3450161299,
    "researchAndDevelopmentExpenses": 0,
    "generalAndAdministrativeExpenses": 0,
    "sellingAndMarketingExpenses": 0,
    "sellingGeneralAndAdministrativeExpenses": 625500000,
    "otherExpenses": 115200000,
    "operatingExpenses": 740700000,
    "costAndExpenses": 3136500000,
    "interestIncome": 0,
    "interestExpense": 0,
    "depreciationAndAmortization": 115200000,
    "ebitda": 636500000,
    "ebitdaratio": 0.174011701,
    "operatingIncome": 521300000,
    "operatingIncomeRatio": 0.1425173602,
    "totalOtherIncomeExpensesNet": -102000000,
    "incomeBeforeTax": 419300000,
    "incomeBeforeTaxRatio": 0.1146317459,
    "incomeTaxExpense": 204200000,
    "netIncome": 213500000,
    "netIncomeRatio": 0.0583684182,
    "eps": 0.28,
    "epsdiluted": 0.28,
    "weightedAverageShsOut": 756700000,
    "weightedAverageShsOutDil": 765100000,
    "link": "https://www.sec.gov/Archives/edgar/data/813828/000104746907003701/0001047469-07-003701-index.htm",
    "finalLink": "https://www.sec.gov/Archives/edgar/data/813828/000104746907003701/a2177644z10-q.htm"
  },
  {
    "date": "2006-12-31",
    "symbol": "PSKY",
    "reportedCurrency": "USD",
    "cik": "0000813828",
    "fillingDate": "2007-03-01",
    "acceptedDate": "2007-03-01 13:53:10",
    "calendarYear": "2006",
    "period": "Q4",
    "revenue": 3882900000,
    "costOfRevenue": 2301200000,
    "grossProfit": 1581700000,
    "grossProfitRatio": 0.4073501764,
    "researchAndDevelopmentExpenses": 0,
    "generalAndAdministrativeExpenses": 0,
    "sellingAndMarketingExpenses": 0,
    "sellingGeneralAndAdministrativeExpenses": 721600000,
    "otherExpenses": 178600000,
    "operatingExpenses": 900200000,
    "costAndExpenses": 3201400000,
    "interestIncome": 0,
    "interestExpense": 0,
    "depreciationAndAmortization": 118800000,
    "ebitda": 800300000,
    "ebitdaratio": 0.2061088362,
    "operatingIncome": 681500000,
    "operatingIncomeRatio": 0.1755131474,
    "totalOtherIncomeExpensesNet": -87700000,
    "incomeBeforeTax": 593800000,
    "incomeBeforeTaxRatio": 0.1529269361,
    "incomeTaxExpense": 164600000,
    "netIncome": 335000000,
    "netIncomeRatio": 0.0862757218,
    "eps": 0.44,
    "epsdiluted": 0.44,
    "weightedAverageShsOut": 766000000,
    "weightedAverageShsOutDil": 766000000,
    "link": "https://www.sec.gov/Archives/edgar/data/813828/000104746907001525/0001047469-07-001525-index.htm",
    "finalLink": "https://www.sec.gov/Archives/edgar/data/813828/000104746907001525/a2176368z10-k.htm"
  },
  {
    "date": "2006-09-30",
    "symbol": "PSKY",
    "reportedCurrency": "USD",
    "cik": "0000813828",
    "fillingDate": "2006-11-07",
    "acceptedDate": "2006-11-06 21:35:42",
    "calendarYear": "2006",
    "period": "Q3",
    "revenue": 3378800000,
    "costOfRevenue": 1921900000,
    "grossProfit": 1456900000,
    "grossProfitRatio": 0.4311885877,
    "researchAndDevelopmentExpenses": 0,
    "generalAndAdministrativeExpenses": 0,
    "sellingAndMarketingExpenses": 0,
    "sellingGeneralAndAdministrativeExpenses": 701000000,
    "otherExpenses": 109500000,
    "operatingExpenses": 810500000,
    "costAndExpenses": 2732400000,
    "interestIncome": 0,
    "interestExpense": 0,
    "depreciationAndAmortization": 109500000,
    "ebitda": 755900000,
    "ebitdaratio": 0.2237184799,
    "operatingIncome": 646400000,
    "operatingIncomeRatio": 0.1913105244,
    "totalOtherIncomeExpensesNet": -107900000,
    "incomeBeforeTax": 538500000,
    "incomeBeforeTaxRatio": 0.1593761099,
    "incomeTaxExpense": 208400000,
    "netIncome": 316900000,
    "netIncomeRatio": 0.0937906949,
    "eps": 0.41,
    "epsdiluted": 0.41,
    "weightedAverageShsOut": 766000000,
    "weightedAverageShsOutDil": 774200000,
    "link": "https://www.sec.gov/Archives/edgar/data/813828/000104746906013595/0001047469-06-013595-index.htm",
    "finalLink": "https://www.sec.gov/Archives/edgar/data/813828/000104746906013595/a2174178z10-q.htm"
  },
  {
    "date": "2006-06-30",
    "symbol": "PSKY",
    "reportedCurrency": "USD",
    "cik": "0000813828",
    "fillingDate": "2006-08-08",
    "acceptedDate": "2006-08-07 20:14:42",
    "calendarYear": "2006",
    "period": "Q2",
    "revenue": 3483100000,
    "costOfRevenue": 1910100000,
    "grossProfit": 1573000000,
    "grossProfitRatio": 0.4516091987,
    "researchAndDevelopmentExpenses": 0,
    "generalAndAdministrativeExpenses": 0,
    "sellingAndMarketingExpenses": 0,
    "sellingGeneralAndAdministrativeExpenses": 714100000,
    "otherExpenses": 108600000,
    "operatingExpenses": 822700000,
    "costAndExpenses": 2732800000,
    "interestIncome": 0,
    "interestExpense": 0,
    "depreciationAndAmortization": 93500000,
    "ebitda": 858900000,
    "ebitdaratio": 0.2465906807,
    "operatingIncome": 750300000,
    "operatingIncomeRatio": 0.2154115587,
    "totalOtherIncomeExpensesNet": -139500000,
    "incomeBeforeTax": 610800000,
    "incomeBeforeTaxRatio": 0.175361029,
    "incomeTaxExpense": 118000000,
    "netIncome": 781700000,
    "netIncomeRatio": 0.2244265166,
    "eps": 1.02,
    "epsdiluted": 1.02,
    "weightedAverageShsOut": 764600000,
    "weightedAverageShsOutDil": 769600000,
    "link": "https://www.sec.gov/Archives/edgar/data/813828/000104746906010520/0001047469-06-010520-index.htm",
    "finalLink": "https://www.sec.gov/Archives/edgar/data/813828/000104746906010520/a2172180z10-q.htm"
  },
  {
    "date": "2006-03-31",
    "symbol": "PSKY",
    "reportedCurrency": "USD",
    "cik": "0000813828",
    "fillingDate": "2006-05-09",
    "acceptedDate": "2006-05-08 19:02:35",
    "calendarYear": "2006",
    "period": "Q1",
    "revenue": 3581800000,
    "costOfRevenue": 2297000000,
    "grossProfit": 1284800000,
    "grossProfitRatio": 0.3587023284,
    "researchAndDevelopmentExpenses": 0,
    "generalAndAdministrativeExpenses": 0,
    "sellingAndMarketingExpenses": 0,
    "sellingGeneralAndAdministrativeExpenses": 650500000,
    "otherExpenses": 123100000,
    "operatingExpenses": 773600000,
    "costAndExpenses": 3070600000,
    "interestIncome": 0,
    "interestExpense": 0,
    "depreciationAndAmortization": 123100000,
    "ebitda": 651300000,
    "ebitdaratio": 0.1818359484,
    "operatingIncome": 511200000,
    "operatingIncomeRatio": 0.1427215367,
    "totalOtherIncomeExpensesNet": -121600000,
    "incomeBeforeTax": 372700000,
    "incomeBeforeTaxRatio": 0.1040538277,
    "incomeTaxExpense": 151900000,
    "netIncome": 226900000,
    "netIncomeRatio": 0.0633480373,
    "eps": 0.3,
    "epsdiluted": 0.3,
    "weightedAverageShsOut": 762800000,
    "weightedAverageShsOutDil": 766700000,
    "link": "https://www.sec.gov/Archives/edgar/data/813828/000104746906006662/0001047469-06-006662-index.htm",
    "finalLink": "https://www.sec.gov/Archives/edgar/data/813828/000104746906006662/a2170130z10-q.htm"
  },
  {
    "date": "2005-12-31",
    "symbol": "PSKY",
    "reportedCurrency": "USD",
    "cik": "0000813828",
    "fillingDate": "2006-03-16",
    "acceptedDate": "2006-03-16 16:18:02",
    "calendarYear": "2005",
    "period": "Q4",
    "revenue": -2785100000,
    "costOfRevenue": -734200000,
    "grossProfit": -2050900000,
    "grossProfitRatio": 0.7363828947,
    "researchAndDevelopmentExpenses": 0,
    "generalAndAdministrativeExpenses": 0,
    "sellingAndMarketingExpenses": 0,
    "sellingGeneralAndAdministrativeExpenses": -687500000,
    "otherExpenses": 9430400000,
    "operatingExpenses": 8742900000,
    "costAndExpenses": 8008700000,
    "interestIncome": 0,
    "interestExpense": 0,
    "depreciationAndAmortization": -45600000,
    "ebitda": -10839400000,
    "ebitdaratio": 3.891924886,
    "operatingIncome": -10793800000,
    "operatingIncomeRatio": 3.8755520448,
    "totalOtherIncomeExpensesNet": -183700000,
    "incomeBeforeTax": -10977500000,
    "incomeBeforeTaxRatio": 3.9415101792,
    "incomeTaxExpense": -580700000,
    "netIncome": -9136400000,
    "netIncomeRatio": 3.2804567161,
    "eps": -12,
    "epsdiluted": -11.64,
    "weightedAverageShsOut": 761200000,
    "weightedAverageShsOutDil": 785150000,
    "link": "https://www.sec.gov/Archives/edgar/data/813828/000104746906003576/0001047469-06-003576-index.htm",
    "finalLink": "https://www.sec.gov/Archives/edgar/data/813828/000104746906003576/a2168282z10-k.htm"
  },
  {
    "date": "2005-09-30",
    "symbol": "PSKY",
    "reportedCurrency": "USD",
    "cik": "0000813828",
    "fillingDate": "2005-11-07",
    "acceptedDate": "2005-11-07 17:26:16",
    "calendarYear": "2005",
    "period": "Q3",
    "revenue": 5942900000,
    "costOfRevenue": 3167600000,
    "grossProfit": 2775300000,
    "grossProfitRatio": 0.4669942284,
    "researchAndDevelopmentExpenses": 0,
    "generalAndAdministrativeExpenses": 0,
    "sellingAndMarketingExpenses": 0,
    "sellingGeneralAndAdministrativeExpenses": 1181500000,
    "otherExpenses": 187400000,
    "operatingExpenses": 1368900000,
    "costAndExpenses": 4536500000,
    "interestIncome": 0,
    "interestExpense": 0,
    "depreciationAndAmortization": 187400000,
    "ebitda": 1593800000,
    "ebitdaratio": 0.268185566,
    "operatingIncome": 1406400000,
    "operatingIncomeRatio": 0.2366521395,
    "totalOtherIncomeExpensesNet": -943100000,
    "incomeBeforeTax": 1236700000,
    "incomeBeforeTaxRatio": 0.208097057,
    "incomeTaxExpense": 507800000,
    "netIncome": 708500000,
    "netIncomeRatio": 0.1192178903,
    "eps": 0.9,
    "epsdiluted": 0.9,
    "weightedAverageShsOut": 785100000,
    "weightedAverageShsOutDil": 789000000,
    "link": "https://www.sec.gov/Archives/edgar/data/813828/000104746905026375/0001047469-05-026375-index.htm",
    "finalLink": "https://www.sec.gov/Archives/edgar/data/813828/000104746905026375/a2164553z10-q.htm"
  },
  {
    "date": "2005-06-30",
    "symbol": "PSKY",
    "reportedCurrency": "USD",
    "cik": "0000813828",
    "fillingDate": "2005-08-05",
    "acceptedDate": "2005-08-05 16:52:15",
    "calendarYear": "2005",
    "period": "Q2",
    "revenue": 5876100000,
    "costOfRevenue": 3145500000,
    "grossProfit": 2730600000,
    "grossProfitRatio": 0.4646959718,
    "researchAndDevelopmentExpenses": 0,
    "generalAndAdministrativeExpenses": 0,
    "sellingAndMarketingExpenses": 0,
    "sellingGeneralAndAdministrativeExpenses": 1121200000,
    "otherExpenses": 182700000,
    "operatingExpenses": 1303900000,
    "costAndExpenses": 4449400000,
    "interestIncome": 0,
    "interestExpense": 0,
    "depreciationAndAmortization": 171900000,
    "ebitda": 916400000,
    "ebitdaratio": 0.1559537789,
    "operatingIncome": 1426700000,
    "operatingIncomeRatio": 0.2427970933,
    "totalOtherIncomeExpensesNet": -189900000,
    "incomeBeforeTax": 1230100000,
    "incomeBeforeTaxRatio": 0.2093395279,
    "incomeTaxExpense": 474600000,
    "netIncome": 753800000,
    "netIncomeRatio": 0.1282823642,
    "eps": 0.94,
    "epsdiluted": 0.94,
    "weightedAverageShsOut": 800100000,
    "weightedAverageShsOutDil": 804500000,
    "link": "https://www.sec.gov/Archives/edgar/data/813828/000104746905020885/0001047469-05-020885-index.htm",
    "finalLink": "https://www.sec.gov/Archives/edgar/data/813828/000104746905020885/a2161565z10-q.htm"
  },
  {
    "date": "2005-03-31",
    "symbol": "PSKY",
    "reportedCurrency": "USD",
    "cik": "0000813828",
    "fillingDate": "2005-05-10",
    "acceptedDate": "2005-05-10 16:32:50",
    "calendarYear": "2005",
    "period": "Q1",
    "revenue": 5576700000,
    "costOfRevenue": 3189800000,
    "grossProfit": 2386900000,
    "grossProfitRatio": 0.4280129826,
    "researchAndDevelopmentExpenses": 0,
    "generalAndAdministrativeExpenses": 0,
    "sellingAndMarketingExpenses": 0,
    "sellingGeneralAndAdministrativeExpenses": 1067700000,
    "otherExpenses": 193400000,
    "operatingExpenses": 1261100000,
    "costAndExpenses": 4450900000,
    "interestIncome": 0,
    "interestExpense": 0,
    "depreciationAndAmortization": 193400000,
    "ebitda": 1319200000,
    "ebitdaratio": 0.2365556691,
    "operatingIncome": 1125800000,
    "operatingIncomeRatio": 0.2018756612,
    "totalOtherIncomeExpensesNet": -132400000,
    "incomeBeforeTax": 980900000,
    "incomeBeforeTaxRatio": 0.1758925529,
    "incomeTaxExpense": 400200000,
    "netIncome": 585000000,
    "netIncomeRatio": 0.1049007478,
    "eps": 0.72,
    "epsdiluted": 0.72,
    "weightedAverageShsOut": 812500000,
    "weightedAverageShsOutDil": 817700000,
    "link": "https://www.sec.gov/Archives/edgar/data/813828/000104746905014195/0001047469-05-014195-index.htm",
    "finalLink": "https://www.sec.gov/Archives/edgar/data/813828/000104746905014195/a2157592z10-q.htm"
  },
  {
    "date": "2004-12-31",
    "symbol": "PSKY",
    "reportedCurrency": "USD",
    "cik": "0000813828",
    "fillingDate": "2005-03-16",
    "acceptedDate": "2005-03-16 16:32:33",
    "calendarYear": "2004",
    "period": "Q4",
    "revenue": 6296400000,
    "costOfRevenue": 3695700000,
    "grossProfit": 2600700000,
    "grossProfitRatio": 0.4130455498,
    "researchAndDevelopmentExpenses": 0,
    "generalAndAdministrativeExpenses": 0,
    "sellingAndMarketingExpenses": 0,
    "sellingGeneralAndAdministrativeExpenses": 1128500000,
    "otherExpenses": 18211100000,
    "operatingExpenses": 19339600000,
    "costAndExpenses": 23035300000,
    "interestIncome": 0,
    "interestExpense": 0,
    "depreciationAndAmortization": 214000000,
    "ebitda": -16524900000,
    "ebitdaratio": -2.6244997141,
    "operatingIncome": -16738900000,
    "operatingIncomeRatio": -2.6584873896,
    "totalOtherIncomeExpensesNet": -196200000,
    "incomeBeforeTax": -16935100000,
    "incomeBeforeTaxRatio": -2.6896480529,
    "incomeTaxExpense": 195800000,
    "netIncome": -18438900000,
    "netIncomeRatio": -2.9284829426,
    "eps": -21.99,
    "epsdiluted": -21.37,
    "weightedAverageShsOut": 838503436,
    "weightedAverageShsOutDil": 862850000,
    "link": "https://www.sec.gov/Archives/edgar/data/813828/000104746905006777/0001047469-05-006777-index.htm",
    "finalLink": "https://www.sec.gov/Archives/edgar/data/813828/000104746905006777/a2153214z10-k.htm"
  },
  {
    "date": "2004-09-30",
    "symbol": "PSKY",
    "reportedCurrency": "USD",
    "cik": "0000813828",
    "fillingDate": "2004-11-09",
    "acceptedDate": "2004-11-09 17:07:03",
    "calendarYear": "2004",
    "period": "Q3",
    "revenue": 5484600000,
    "costOfRevenue": 2897900000,
    "grossProfit": 2586700000,
    "grossProfitRatio": 0.4716296539,
    "researchAndDevelopmentExpenses": 0,
    "generalAndAdministrativeExpenses": 0,
    "sellingAndMarketingExpenses": 0,
    "sellingGeneralAndAdministrativeExpenses": 1043500000,
    "otherExpenses": 198700000,
    "operatingExpenses": 1242200000,
    "costAndExpenses": 4140100000,
    "interestIncome": 0,
    "interestExpense": 0,
    "depreciationAndAmortization": 78700000,
    "ebitda": 1543200000,
    "ebitdaratio": 0.2813696532,
    "operatingIncome": 1344500000,
    "operatingIncomeRatio": 0.2451409401,
    "totalOtherIncomeExpensesNet": -159900000,
    "incomeBeforeTax": 1184600000,
    "incomeBeforeTaxRatio": 0.2159865806,
    "incomeTaxExpense": 434000000,
    "netIncome": -487600000,
    "netIncomeRatio": -0.0889034752,
    "eps": -0.57,
    "epsdiluted": -0.56,
    "weightedAverageShsOut": 862850000,
    "weightedAverageShsOutDil": 867400000,
    "link": "https://www.sec.gov/Archives/edgar/data/813828/000091205704000540/0000912057-04-000540-index.htm",
    "finalLink": "https://www.sec.gov/Archives/edgar/data/813828/000091205704000540/a2145962z10-q.htm"
  },
  {
    "date": "2004-06-30",
    "symbol": "PSKY",
    "reportedCurrency": "USD",
    "cik": "0000813828",
    "fillingDate": "2004-08-09",
    "acceptedDate": "2004-08-06 19:42:51",
    "calendarYear": "2004",
    "period": "Q2",
    "revenue": 6841800000,
    "costOfRevenue": 3851800000,
    "grossProfit": 2990000000,
    "grossProfitRatio": 0.4370194978,
    "researchAndDevelopmentExpenses": 0,
    "generalAndAdministrativeExpenses": 0,
    "sellingAndMarketingExpenses": 0,
    "sellingGeneralAndAdministrativeExpenses": 1277200000,
    "otherExpenses": 265700000,
    "operatingExpenses": 1542900000,
    "costAndExpenses": 5394700000,
    "interestIncome": 0,
    "interestExpense": 0,
    "depreciationAndAmortization": 265700000,
    "ebitda": 1566800000,
    "ebitdaratio": 0.2290040633,
    "operatingIncome": 1447100000,
    "operatingIncomeRatio": 0.2115086673,
    "totalOtherIncomeExpensesNet": -143900000,
    "incomeBeforeTax": 1299500000,
    "incomeBeforeTaxRatio": 0.1899353971,
    "incomeTaxExpense": 527600000,
    "netIncome": 753800000,
    "netIncomeRatio": 0.1101756848,
    "eps": 0.88,
    "epsdiluted": 0.86,
    "weightedAverageShsOut": 862150000,
    "weightedAverageShsOutDil": 868000000,
    "link": "https://www.sec.gov/Archives/edgar/data/813828/000104746904025702/0001047469-04-025702-index.htm",
    "finalLink": "https://www.sec.gov/Archives/edgar/data/813828/000104746904025702/a2141112z10-q.htm"
  },
  {
    "date": "2004-03-31",
    "symbol": "PSKY",
    "reportedCurrency": "USD",
    "cik": "0000813828",
    "fillingDate": "2004-05-07",
    "acceptedDate": "2004-05-07 17:21:34",
    "calendarYear": "2004",
    "period": "Q1",
    "revenue": 6772400000,
    "costOfRevenue": 4289600000,
    "grossProfit": 2482800000,
    "grossProfitRatio": 0.3666056346,
    "researchAndDevelopmentExpenses": 0,
    "generalAndAdministrativeExpenses": 0,
    "sellingAndMarketingExpenses": 0,
    "sellingGeneralAndAdministrativeExpenses": 1051800000,
    "otherExpenses": 251500000,
    "operatingExpenses": 1303300000,
    "costAndExpenses": 5592900000,
    "interestIncome": 0,
    "interestExpense": 0,
    "depreciationAndAmortization": 251500000,
    "ebitda": 1431000000,
    "ebitdaratio": 0.211298801,
    "operatingIncome": 1179500000,
    "operatingIncomeRatio": 0.1741627783,
    "totalOtherIncomeExpensesNet": -185800000,
    "incomeBeforeTax": 988800000,
    "incomeBeforeTaxRatio": 0.1460043707,
    "incomeTaxExpense": 254800000,
    "netIncome": 710500000,
    "netIncomeRatio": 0.1049111098,
    "eps": 0.82,
    "epsdiluted": 0.82,
    "weightedAverageShsOut": 865500000,
    "weightedAverageShsOutDil": 872250000,
    "link": "https://www.sec.gov/Archives/edgar/data/813828/000104746904016480/0001047469-04-016480-index.htm",
    "finalLink": "https://www.sec.gov/Archives/edgar/data/813828/000104746904016480/a2135932z10-q.htm"
  },
  {
    "date": "2003-12-31",
    "symbol": "PSKY",
    "reportedCurrency": "USD",
    "cik": "0000813828",
    "fillingDate": "2004-03-15",
    "acceptedDate": "2004-03-15 07:48:55",
    "calendarYear": "2003",
    "period": "Q4",
    "revenue": 7516400000,
    "costOfRevenue": 4744500000,
    "grossProfit": 2771900000,
    "grossProfitRatio": 0.3687802671,
    "researchAndDevelopmentExpenses": 0,
    "generalAndAdministrativeExpenses": 0,
    "sellingAndMarketingExpenses": 0,
    "sellingGeneralAndAdministrativeExpenses": 1235000000,
    "otherExpenses": 1592900000,
    "operatingExpenses": 2827900000,
    "costAndExpenses": 7572400000,
    "interestIncome": 0,
    "interestExpense": 0,
    "depreciationAndAmortization": 261600000,
    "ebitda": 205600000,
    "ebitdaratio": 0.0273535203,
    "operatingIncome": -56000000,
    "operatingIncomeRatio": -0.0074503752,
    "totalOtherIncomeExpensesNet": -201300000,
    "incomeBeforeTax": -257300000,
    "incomeBeforeTaxRatio": -0.0342318131,
    "incomeTaxExpense": 348400000,
    "netIncome": -385400000,
    "netIncomeRatio": -0.0512745463,
    "eps": -0.44,
    "epsdiluted": -0.44,
    "weightedAverageShsOut": 872500000,
    "weightedAverageShsOutDil": 872500000,
    "link": "https://www.sec.gov/Archives/edgar/data/813828/000104746904007840/0001047469-04-007840-index.htm",
    "finalLink": "https://www.sec.gov/Archives/edgar/data/813828/000104746904007840/a2129816z10-k.htm"
  },
  {
    "date": "2003-09-30",
    "symbol": "PSKY",
    "reportedCurrency": "USD",
    "cik": "0000813828",
    "fillingDate": "2003-11-07",
    "acceptedDate": "2003-11-06 21:58:49",
    "calendarYear": "2003",
    "period": "Q3",
    "revenue": 6599800000,
    "costOfRevenue": 3920100000,
    "grossProfit": 2679700000,
    "grossProfitRatio": 0.4060274554,
    "researchAndDevelopmentExpenses": 0,
    "generalAndAdministrativeExpenses": 0,
    "sellingAndMarketingExpenses": 0,
    "sellingGeneralAndAdministrativeExpenses": 1049600000,
    "otherExpenses": 250600000,
    "operatingExpenses": 1300200000,
    "costAndExpenses": 5220300000,
    "interestIncome": 0,
    "interestExpense": 0,
    "depreciationAndAmortization": 250600000,
    "ebitda": 1464500000,
    "ebitdaratio": 0.2219006637,
    "operatingIncome": 1379500000,
    "operatingIncomeRatio": 0.2090214855,
    "totalOtherIncomeExpensesNet": -194600000,
    "incomeBeforeTax": 1177000000,
    "incomeBeforeTaxRatio": 0.1783387375,
    "incomeTaxExpense": 464300000,
    "netIncome": 699600000,
    "netIncomeRatio": 0.1060032122,
    "eps": 0.8,
    "epsdiluted": 0.8,
    "weightedAverageShsOut": 872500000,
    "weightedAverageShsOutDil": 881600000,
    "link": "https://www.sec.gov/Archives/edgar/data/813828/000104746903036369/0001047469-03-036369-index.htm",
    "finalLink": "https://www.sec.gov/Archives/edgar/data/813828/000104746903036369/a2121851z10-q.htm"
  },
  {
    "date": "2003-06-30",
    "symbol": "PSKY",
    "reportedCurrency": "USD",
    "cik": "0000813828",
    "fillingDate": "2003-08-14",
    "acceptedDate": "2003-08-13 17:32:18",
    "calendarYear": "2003",
    "period": "Q2",
    "revenue": 6418300000,
    "costOfRevenue": 3715900000,
    "grossProfit": 2702400000,
    "grossProfitRatio": 0.4210460714,
    "researchAndDevelopmentExpenses": 0,
    "generalAndAdministrativeExpenses": 0,
    "sellingAndMarketingExpenses": 0,
    "sellingGeneralAndAdministrativeExpenses": 1140500000,
    "otherExpenses": 246400000,
    "operatingExpenses": 1386900000,
    "costAndExpenses": 5102800000,
    "interestIncome": 0,
    "interestExpense": 0,
    "depreciationAndAmortization": 246400000,
    "ebitda": 1561900000,
    "ebitdaratio": 0.2433510431,
    "operatingIncome": 1315500000,
    "operatingIncomeRatio": 0.2049608152,
    "totalOtherIncomeExpensesNet": -183400000,
    "incomeBeforeTax": 1132100000,
    "incomeBeforeTaxRatio": 0.1763862705,
    "incomeTaxExpense": 456100000,
    "netIncome": 659600000,
    "netIncomeRatio": 0.1027686459,
    "eps": 0.76,
    "epsdiluted": 0.74,
    "weightedAverageShsOut": 873100000,
    "weightedAverageShsOutDil": 882650000,
    "link": "https://www.sec.gov/Archives/edgar/data/813828/000104746903027487/0001047469-03-027487-index.htm",
    "finalLink": "https://www.sec.gov/Archives/edgar/data/813828/000104746903027487/a2116381z10-q.htm"
  },
  {
    "date": "2003-03-31",
    "symbol": "PSKY",
    "reportedCurrency": "USD",
    "cik": "0000813828",
    "fillingDate": "2003-05-15",
    "acceptedDate": "2003-05-15 16:56:05",
    "calendarYear": "2003",
    "period": "Q1",
    "revenue": 6050800000,
    "costOfRevenue": 3873200000,
    "grossProfit": 2177600000,
    "grossProfitRatio": 0.359886296,
    "researchAndDevelopmentExpenses": 0,
    "generalAndAdministrativeExpenses": 0,
    "sellingAndMarketingExpenses": 0,
    "sellingGeneralAndAdministrativeExpenses": 949600000,
    "otherExpenses": 241200000,
    "operatingExpenses": 1190800000,
    "costAndExpenses": 5064000000,
    "interestIncome": 0,
    "interestExpense": 0,
    "depreciationAndAmortization": 241200000,
    "ebitda": 1228000000,
    "ebitdaratio": 0.2029483705,
    "operatingIncome": 986800000,
    "operatingIncomeRatio": 0.1630858729,
    "totalOtherIncomeExpensesNet": -177400000,
    "incomeBeforeTax": 809400000,
    "incomeBeforeTaxRatio": 0.1337674357,
    "incomeTaxExpense": 330200000,
    "netIncome": 443100000,
    "netIncomeRatio": 0.0732299861,
    "eps": 0.5,
    "epsdiluted": 0.5,
    "weightedAverageShsOut": 872950000,
    "weightedAverageShsOutDil": 880550000,
    "link": "https://www.sec.gov/Archives/edgar/data/813828/000104746903018924/0001047469-03-018924-index.htm",
    "finalLink": "https://www.sec.gov/Archives/edgar/data/813828/000104746903018924/a2111053z10-q.htm"
  },
  {
    "date": "2002-12-31",
    "symbol": "PSKY",
    "reportedCurrency": "USD",
    "cik": "0000813828",
    "fillingDate": "2003-03-27",
    "acceptedDate": "2003-03-27 10:12:07",
    "calendarYear": "2002",
    "period": "Q4",
    "revenue": 6777500000,
    "costOfRevenue": 4141800000,
    "grossProfit": 2635700000,
    "grossProfitRatio": 0.3888897086,
    "researchAndDevelopmentExpenses": 0,
    "generalAndAdministrativeExpenses": 0,
    "sellingAndMarketingExpenses": 0,
    "sellingGeneralAndAdministrativeExpenses": 1130900000,
    "otherExpenses": 239600000,
    "operatingExpenses": 1370500000,
    "costAndExpenses": 5512300000,
    "interestIncome": 0,
    "interestExpense": 0,
    "depreciationAndAmortization": 239600000,
    "ebitda": 1504800000,
    "ebitdaratio": 0.2220287717,
    "operatingIncome": 1265200000,
    "operatingIncomeRatio": 0.1866765031,
    "totalOtherIncomeExpensesNet": -211400000,
    "incomeBeforeTax": 1053800000,
    "incomeBeforeTaxRatio": 0.1554850609,
    "incomeTaxExpense": 388000000,
    "netIncome": 652400000,
    "netIncomeRatio": 0.0962596828,
    "eps": 0.74,
    "epsdiluted": 0.74,
    "weightedAverageShsOut": 876400000,
    "weightedAverageShsOutDil": 876400000,
    "link": "https://www.sec.gov/Archives/edgar/data/813828/000104746903010441/0001047469-03-010441-index.htm",
    "finalLink": "https://www.sec.gov/Archives/edgar/data/813828/000104746903010441/a2105801z10-k.htm"
  },
  {
    "date": "2002-09-30",
    "symbol": "PSKY",
    "reportedCurrency": "USD",
    "cik": "0000813828",
    "fillingDate": "2002-11-14",
    "acceptedDate": "2002-11-14 16:28:46",
    "calendarYear": "2002",
    "period": "Q3",
    "revenue": 6306500000,
    "costOfRevenue": 3712300000,
    "grossProfit": 2594200000,
    "grossProfitRatio": 0.4113533656,
    "researchAndDevelopmentExpenses": 0,
    "generalAndAdministrativeExpenses": 0,
    "sellingAndMarketingExpenses": 0,
    "sellingGeneralAndAdministrativeExpenses": 1068100000,
    "otherExpenses": 237900000,
    "operatingExpenses": 1306000000,
    "costAndExpenses": 5018300000,
    "interestIncome": 0,
    "interestExpense": 0,
    "depreciationAndAmortization": 237900000,
    "ebitda": 1526100000,
    "ebitdaratio": 0.2419884246,
    "operatingIncome": 1288200000,
    "operatingIncomeRatio": 0.2042654404,
    "totalOtherIncomeExpensesNet": -209200000,
    "incomeBeforeTax": 1079000000,
    "incomeBeforeTaxRatio": 0.1710933164,
    "incomeTaxExpense": 412300000,
    "netIncome": 640300000,
    "netIncomeRatio": 0.1015301673,
    "eps": 0.74,
    "epsdiluted": 0.72,
    "weightedAverageShsOut": 876400000,
    "weightedAverageShsOutDil": 885150000,
    "link": "https://www.sec.gov/Archives/edgar/data/813828/000091205702042460/0000912057-02-042460-index.htm",
    "finalLink": "https://www.sec.gov/Archives/edgar/data/813828/000091205702042460/a2093509z10-q.htm"
  },
  {
    "date": "2002-06-30",
    "symbol": "PSKY",
    "reportedCurrency": "USD",
    "cik": "0000813828",
    "fillingDate": "2002-08-14",
    "acceptedDate": "2002-08-14 11:03:38",
    "calendarYear": "2002",
    "period": "Q2",
    "revenue": 5849500000,
    "costOfRevenue": 3369800000,
    "grossProfit": 2479700000,
    "grossProfitRatio": 0.4239165741,
    "researchAndDevelopmentExpenses": 0,
    "generalAndAdministrativeExpenses": 0,
    "sellingAndMarketingExpenses": 0,
    "sellingGeneralAndAdministrativeExpenses": 1063200000,
    "otherExpenses": 238700000,
    "operatingExpenses": 1301900000,
    "costAndExpenses": 4671700000,
    "interestIncome": 0,
    "interestExpense": 0,
    "depreciationAndAmortization": 238700000,
    "ebitda": 1416500000,
    "ebitdaratio": 0.2421574494,
    "operatingIncome": 1177800000,
    "operatingIncomeRatio": 0.2013505428,
    "totalOtherIncomeExpensesNet": -245700000,
    "incomeBeforeTax": 932100000,
    "incomeBeforeTaxRatio": 0.1593469527,
    "incomeTaxExpense": 374200000,
    "netIncome": 546500000,
    "netIncomeRatio": 0.0934267886,
    "eps": 0.62,
    "epsdiluted": 0.62,
    "weightedAverageShsOut": 878050000,
    "weightedAverageShsOutDil": 890850000,
    "link": "https://www.sec.gov/Archives/edgar/data/813828/000091205702031808/0000912057-02-031808-index.htm",
    "finalLink": "https://www.sec.gov/Archives/edgar/data/813828/000091205702031808/a2086307z10-q.htm"
  },
  {
    "date": "2002-03-31",
    "symbol": "PSKY",
    "reportedCurrency": "USD",
    "cik": "0000813828",
    "fillingDate": "2002-05-14",
    "acceptedDate": "2002-05-14 12:32:32",
    "calendarYear": "2002",
    "period": "Q1",
    "revenue": 5672200000,
    "costOfRevenue": 3641200000,
    "grossProfit": 2031000000,
    "grossProfitRatio": 0.3580621276,
    "researchAndDevelopmentExpenses": 0,
    "generalAndAdministrativeExpenses": 0,
    "sellingAndMarketingExpenses": 0,
    "sellingGeneralAndAdministrativeExpenses": 936100000,
    "otherExpenses": 229400000,
    "operatingExpenses": 1165500000,
    "costAndExpenses": 4806700000,
    "interestIncome": 0,
    "interestExpense": 0,
    "depreciationAndAmortization": 229400000,
    "ebitda": 1094900000,
    "ebitdaratio": 0.1930291598,
    "operatingIncome": 865500000,
    "operatingIncomeRatio": 0.1525862981,
    "totalOtherIncomeExpensesNet": -201800000,
    "incomeBeforeTax": 669300000,
    "incomeBeforeTaxRatio": 0.1179965446,
    "incomeTaxExpense": 274400000,
    "netIncome": -1113500000,
    "netIncomeRatio": -0.1963083107,
    "eps": -1.27,
    "epsdiluted": -1.25,
    "weightedAverageShsOut": 876750000,
    "weightedAverageShsOutDil": 889350000,
    "link": "https://www.sec.gov/Archives/edgar/data/813828/000091205702020123/0000912057-02-020123-index.htm",
    "finalLink": "https://www.sec.gov/Archives/edgar/data/813828/000091205702020123/a2079402z10-q.htm"
  },
  {
    "date": "2001-12-31",
    "symbol": "PSKY",
    "reportedCurrency": "USD",
    "cik": "0000813828",
    "fillingDate": "2002-03-29",
    "acceptedDate": "2002-03-29 00:00:00",
    "calendarYear": "2001",
    "period": "Q4",
    "revenue": 6039900000,
    "costOfRevenue": 3969200000,
    "grossProfit": 2070700000,
    "grossProfitRatio": 0.3428368019,
    "researchAndDevelopmentExpenses": 0,
    "generalAndAdministrativeExpenses": 0,
    "sellingAndMarketingExpenses": 0,
    "sellingGeneralAndAdministrativeExpenses": 891600000,
    "otherExpenses": 782700000,
    "operatingExpenses": 1674300000,
    "costAndExpenses": 5643500000,
    "interestIncome": 0,
    "interestExpense": 0,
    "depreciationAndAmortization": 782700000,
    "ebitda": 1179100000,
    "ebitdaratio": 0.1952184639,
    "operatingIncome": 277000000,
    "operatingIncomeRatio": 0.0458616865,
    "totalOtherIncomeExpensesNet": 79400000,
    "incomeBeforeTax": 356400000,
    "incomeBeforeTaxRatio": 0.0590075995,
    "incomeTaxExpense": 314900000,
    "netIncome": -42500000,
    "netIncomeRatio": -0.0070365403,
    "eps": -0.0483,
    "epsdiluted": -0.0481,
    "weightedAverageShsOut": 879900000,
    "weightedAverageShsOutDil": 884000000,
    "link": "https://www.sec.gov/Archives/edgar/data/813828/000091205702012516/0000912057-02-012516-index.htm",
    "finalLink": "https://www.sec.gov/Archives/edgar/data/813828/000091205702012516/a2073981z10-k405.htm"
  },
  {
    "date": "2001-09-30",
    "symbol": "PSKY",
    "reportedCurrency": "USD",
    "cik": "0000813828",
    "fillingDate": "2001-11-14",
    "acceptedDate": "2001-11-14 00:00:00",
    "calendarYear": "2001",
    "period": "Q3",
    "revenue": 5713800000,
    "costOfRevenue": 3574600000,
    "grossProfit": 2139200000,
    "grossProfitRatio": 0.3743918233,
    "researchAndDevelopmentExpenses": 0,
    "generalAndAdministrativeExpenses": 0,
    "sellingAndMarketingExpenses": 0,
    "sellingGeneralAndAdministrativeExpenses": 1162300000,
    "otherExpenses": 783200000,
    "operatingExpenses": 1945500000,
    "costAndExpenses": 5520100000,
    "interestIncome": 0,
    "interestExpense": 0,
    "depreciationAndAmortization": 783200000,
    "ebitda": 976900000,
    "ebitdaratio": 0.1709720326,
    "operatingIncome": 193700000,
    "operatingIncomeRatio": 0.0339003815,
    "totalOtherIncomeExpensesNet": -248300000,
    "incomeBeforeTax": -54600000,
    "incomeBeforeTaxRatio": -0.0095558122,
    "incomeTaxExpense": 169400000,
    "netIncome": -190400000,
    "netIncomeRatio": -0.0333228324,
    "eps": -0.22,
    "epsdiluted": -0.22,
    "weightedAverageShsOut": 884000000,
    "weightedAverageShsOutDil": 884000000,
    "link": "https://www.sec.gov/Archives/edgar/data/813828/000095013001505390/0000950130-01-505390-index.htm",
    "finalLink": "https://www.sec.gov/Archives/edgar/data/813828/000095013001505390/d10q.txt"
  },
  {
    "date": "2001-06-30",
    "symbol": "PSKY",
    "reportedCurrency": "USD",
    "cik": "0000813828",
    "fillingDate": "2001-08-14",
    "acceptedDate": "2001-08-14 00:00:00",
    "calendarYear": "2001",
    "period": "Q2",
    "revenue": 5716900000,
    "costOfRevenue": 3114800000,
    "grossProfit": 2602100000,
    "grossProfitRatio": 0.4551592646,
    "researchAndDevelopmentExpenses": 0,
    "generalAndAdministrativeExpenses": 0,
    "sellingAndMarketingExpenses": 0,
    "sellingGeneralAndAdministrativeExpenses": 1240400000,
    "otherExpenses": 775900000,
    "operatingExpenses": 2016300000,
    "costAndExpenses": 5131100000,
    "interestIncome": 0,
    "interestExpense": 0,
    "depreciationAndAmortization": 775900000,
    "ebitda": 1361700000,
    "ebitdaratio": 0.2381885287,
    "operatingIncome": 585800000,
    "operatingIncomeRatio": 0.1024681208,
    "totalOtherIncomeExpensesNet": -253200000,
    "incomeBeforeTax": 332600000,
    "incomeBeforeTaxRatio": 0.0581783834,
    "incomeTaxExpense": 314700000,
    "netIncome": 16700000,
    "netIncomeRatio": 0.0029211636,
    "eps": 0.02,
    "epsdiluted": 0.02,
    "weightedAverageShsOut": 884300000,
    "weightedAverageShsOutDil": 900100000,
    "link": "https://www.sec.gov/Archives/edgar/data/813828/000095013001503902/0000950130-01-503902-index.htm",
    "finalLink": "https://www.sec.gov/Archives/edgar/data/813828/000095013001503902/d10q.txt"
  },
  {
    "date": "2001-03-31",
    "symbol": "PSKY",
    "reportedCurrency": "USD",
    "cik": "0000813828",
    "fillingDate": "2001-05-14",
    "acceptedDate": "2001-05-14 00:00:00",
    "calendarYear": "2001",
    "period": "Q1",
    "revenue": 5752200000,
    "costOfRevenue": 3478400000,
    "grossProfit": 2273800000,
    "grossProfitRatio": 0.395292236,
    "researchAndDevelopmentExpenses": 0,
    "generalAndAdministrativeExpenses": 0,
    "sellingAndMarketingExpenses": 0,
    "sellingGeneralAndAdministrativeExpenses": 1124900000,
    "otherExpenses": 745200000,
    "operatingExpenses": 1870100000,
    "costAndExpenses": 5348500000,
    "interestIncome": 0,
    "interestExpense": 0,
    "depreciationAndAmortization": 745200000,
    "ebitda": 1148900000,
    "ebitdaratio": 0.1997322763,
    "operatingIncome": 403700000,
    "operatingIncomeRatio": 0.0701818435,
    "totalOtherIncomeExpensesNet": -255300000,
    "incomeBeforeTax": 148400000,
    "incomeBeforeTaxRatio": 0.0257988248,
    "incomeTaxExpense": 123500000,
    "netIncome": -7300000,
    "netIncomeRatio": -0.0012690797,
    "eps": -0.009,
    "epsdiluted": -0.009,
    "weightedAverageShsOut": 814200000,
    "weightedAverageShsOutDil": 814200000,
    "link": "https://www.sec.gov/Archives/edgar/data/813828/000095013001501623/0000950130-01-501623-index.htm",
    "finalLink": "https://www.sec.gov/Archives/edgar/data/813828/000095013001501623/d10q.txt"
  },
  {
    "date": "2000-12-31",
    "symbol": "PSKY",
    "reportedCurrency": "USD",
    "cik": "0000813828",
    "fillingDate": "2001-03-28",
    "acceptedDate": "2001-03-28 00:00:00",
    "calendarYear": "2000",
    "period": "Q4",
    "revenue": 6143400000,
    "costOfRevenue": 3493400000,
    "grossProfit": 2650000000,
    "grossProfitRatio": 0.4313572289,
    "researchAndDevelopmentExpenses": 0,
    "generalAndAdministrativeExpenses": 0,
    "sellingAndMarketingExpenses": 0,
    "sellingGeneralAndAdministrativeExpenses": 1288200000,
    "otherExpenses": 1461500000,
    "operatingExpenses": 2749700000,
    "costAndExpenses": 6243100000,
    "interestIncome": 0,
    "interestExpense": 0,
    "depreciationAndAmortization": 763000000,
    "ebitda": 663300000,
    "ebitdaratio": 0.1079695283,
    "operatingIncome": 598800000,
    "operatingIncomeRatio": 0.0974704561,
    "totalOtherIncomeExpensesNet": -221600000,
    "incomeBeforeTax": 377200000,
    "incomeBeforeTaxRatio": 0.0613992252,
    "incomeTaxExpense": 259600000,
    "netIncome": 30400000,
    "netIncomeRatio": 0.0049483999,
    "eps": 0.0404,
    "epsdiluted": 0.0404,
    "weightedAverageShsOut": 735569403,
    "weightedAverageShsOutDil": 751850000,
    "link": "https://www.sec.gov/Archives/edgar/data/813828/000095013001500372/0000950130-01-500372-index.htm",
    "finalLink": "https://www.sec.gov/Archives/edgar/data/813828/000095013001500372/d10k.txt"
  },
  {
    "date": "2000-09-30",
    "symbol": "PSKY",
    "reportedCurrency": "USD",
    "cik": "0000813828",
    "fillingDate": "2000-11-14",
    "acceptedDate": "2000-11-14 00:00:00",
    "calendarYear": "2000",
    "period": "Q3",
    "revenue": 5962000000,
    "costOfRevenue": 3352500000,
    "grossProfit": 2609500000,
    "grossProfitRatio": 0.4376886951,
    "researchAndDevelopmentExpenses": 0,
    "generalAndAdministrativeExpenses": 0,
    "sellingAndMarketingExpenses": 0,
    "sellingGeneralAndAdministrativeExpenses": 1169300000,
    "otherExpenses": 680300000,
    "operatingExpenses": 1849600000,
    "costAndExpenses": 5202100000,
    "interestIncome": 0,
    "interestExpense": 0,
    "depreciationAndAmortization": 680300000,
    "ebitda": 1440200000,
    "ebitdaratio": 0.2415632338,
    "operatingIncome": 759900000,
    "operatingIncomeRatio": 0.1274572291,
    "totalOtherIncomeExpensesNet": -231200000,
    "incomeBeforeTax": 528700000,
    "incomeBeforeTaxRatio": 0.0886782959,
    "incomeTaxExpense": 424200000,
    "netIncome": 33400000,
    "netIncomeRatio": 0.0056021469,
    "eps": 0.04,
    "epsdiluted": 0.04,
    "weightedAverageShsOut": 751850000,
    "weightedAverageShsOutDil": 772250000,
    "link": "https://www.sec.gov/Archives/edgar/data/813828/000095013000006113/0000950130-00-006113-index.htm",
    "finalLink": "https://www.sec.gov/Archives/edgar/data/813828/000095013000006113/0000950130-00-006113-0001.txt"
  },
  {
    "date": "2000-06-30",
    "symbol": "PSKY",
    "reportedCurrency": "USD",
    "cik": "0000813828",
    "fillingDate": "2000-08-14",
    "acceptedDate": "2000-08-14 00:00:00",
    "calendarYear": "2000",
    "period": "Q2",
    "revenue": 4912500000,
    "costOfRevenue": 2866100000,
    "grossProfit": 2046400000,
    "grossProfitRatio": 0.4165699746,
    "researchAndDevelopmentExpenses": 0,
    "generalAndAdministrativeExpenses": 0,
    "sellingAndMarketingExpenses": 0,
    "sellingGeneralAndAdministrativeExpenses": 1075100000,
    "otherExpenses": 551000000,
    "operatingExpenses": 1626100000,
    "costAndExpenses": 4492200000,
    "interestIncome": 0,
    "interestExpense": 0,
    "depreciationAndAmortization": 551000000,
    "ebitda": 971300000,
    "ebitdaratio": 0.1977201018,
    "operatingIncome": -278200000,
    "operatingIncomeRatio": -0.0566310433,
    "totalOtherIncomeExpensesNet": -196200000,
    "incomeBeforeTax": -474400000,
    "incomeBeforeTaxRatio": -0.0965699746,
    "incomeTaxExpense": 12100000,
    "netIncome": -495600000,
    "netIncomeRatio": -0.1008854962,
    "eps": -0.82,
    "epsdiluted": -0.82,
    "weightedAverageShsOut": 603800000,
    "weightedAverageShsOutDil": 603800000,
    "link": "https://www.sec.gov/Archives/edgar/data/813828/000095013000004524/0000950130-00-004524-index.htm",
    "finalLink": "https://www.sec.gov/Archives/edgar/data/813828/000095013000004524/0000950130-00-004524-0001.txt"
  },
  {
    "date": "2000-03-31",
    "symbol": "PSKY",
    "reportedCurrency": "USD",
    "cik": "0000813828",
    "fillingDate": "2000-05-12",
    "acceptedDate": "2000-05-12 00:00:00",
    "calendarYear": "2000",
    "period": "Q1",
    "revenue": 3025800000,
    "costOfRevenue": 1980500000,
    "grossProfit": 1045300000,
    "grossProfitRatio": 0.3454623571,
    "researchAndDevelopmentExpenses": 0,
    "generalAndAdministrativeExpenses": 0,
    "sellingAndMarketingExpenses": 0,
    "sellingGeneralAndAdministrativeExpenses": 561100000,
    "otherExpenses": 229200000,
    "operatingExpenses": 790300000,
    "costAndExpenses": 2770800000,
    "interestIncome": 0,
    "interestExpense": 0,
    "depreciationAndAmortization": 229200000,
    "ebitda": 484200000,
    "ebitdaratio": 0.1600237954,
    "operatingIncome": 255000000,
    "operatingIncomeRatio": 0.084275233,
    "totalOtherIncomeExpensesNet": -111300000,
    "incomeBeforeTax": 143700000,
    "incomeBeforeTaxRatio": 0.0474915725,
    "incomeTaxExpense": 64700000,
    "netIncome": 76000000,
    "netIncomeRatio": 0.0251173243,
    "eps": 0.22,
    "epsdiluted": 0.21,
    "weightedAverageShsOut": 347400000,
    "weightedAverageShsOutDil": 355750000,
    "link": "https://www.sec.gov/Archives/edgar/data/813828/000095013000002874/0000950130-00-002874-index.html",
    "finalLink": "https://www.sec.gov/Archives/edgar/data/813828/000095013000002874/"
  },
  {
    "date": "1999-12-31",
    "symbol": "PSKY",
    "reportedCurrency": "USD",
    "cik": "0000813828",
    "fillingDate": "2000-03-24",
    "acceptedDate": "2000-03-24 00:00:00",
    "calendarYear": "1999",
    "period": "Q4",
    "revenue": 3572400000,
    "costOfRevenue": 2331000000,
    "grossProfit": 1241400000,
    "grossProfitRatio": 0.3474974807,
    "researchAndDevelopmentExpenses": 0,
    "generalAndAdministrativeExpenses": 0,
    "sellingAndMarketingExpenses": 0,
    "sellingGeneralAndAdministrativeExpenses": 646200000,
    "otherExpenses": 228900000,
    "operatingExpenses": 875100000,
    "costAndExpenses": 3206100000,
    "interestIncome": 0,
    "interestExpense": 0,
    "depreciationAndAmortization": 1460500000,
    "ebitda": 1826800000,
    "ebitdaratio": 0.5113649087,
    "operatingIncome": 366300000,
    "operatingIncomeRatio": 0.1025361102,
    "totalOtherIncomeExpensesNet": -56600000,
    "incomeBeforeTax": 309700000,
    "incomeBeforeTaxRatio": 0.0866924197,
    "incomeTaxExpense": 115800000,
    "netIncome": 133100000,
    "netIncomeRatio": 0.0372578659,
    "eps": 0.38,
    "epsdiluted": 0.38,
    "weightedAverageShsOut": 347400000,
    "weightedAverageShsOutDil": 347400000,
    "link": "https://www.sec.gov/Archives/edgar/data/813828/000095013000001551/0000950130-00-001551-index.html",
    "finalLink": "https://www.sec.gov/Archives/edgar/data/813828/000095013000001551/"
  },
  {
    "date": "1999-09-30",
    "symbol": "PSKY",
    "reportedCurrency": "USD",
    "cik": "0000813828",
    "fillingDate": "1999-11-15",
    "acceptedDate": "1999-11-15 00:00:00",
    "calendarYear": "1999",
    "period": "Q3",
    "revenue": 3332000000,
    "costOfRevenue": 2119300000,
    "grossProfit": 1212700000,
    "grossProfitRatio": 0.3639555822,
    "researchAndDevelopmentExpenses": 0,
    "generalAndAdministrativeExpenses": 0,
    "sellingAndMarketingExpenses": 0,
    "sellingGeneralAndAdministrativeExpenses": 602500000,
    "otherExpenses": 218700000,
    "operatingExpenses": 821200000,
    "costAndExpenses": 2940500000,
    "interestIncome": 0,
    "interestExpense": 0,
    "depreciationAndAmortization": -218700000,
    "ebitda": 610200000,
    "ebitdaratio": 0.1831332533,
    "operatingIncome": 391500000,
    "operatingIncomeRatio": 0.1174969988,
    "totalOtherIncomeExpensesNet": -187400000,
    "incomeBeforeTax": 204100000,
    "incomeBeforeTaxRatio": 0.0612545018,
    "incomeTaxExpense": 93200000,
    "netIncome": 96700000,
    "netIncomeRatio": 0.0290216086,
    "eps": 0.28,
    "epsdiluted": 0.28,
    "weightedAverageShsOut": 348350000,
    "weightedAverageShsOutDil": 354750000,
    "link": "https://www.sec.gov/Archives/edgar/data/813828/000094018099001400/0000940180-99-001400-index.html",
    "finalLink": "https://www.sec.gov/Archives/edgar/data/813828/000094018099001400/"
  },
  {
    "date": "1999-06-30",
    "symbol": "PSKY",
    "reportedCurrency": "USD",
    "cik": "0000813828",
    "fillingDate": "1999-08-03",
    "acceptedDate": "1999-08-03 00:00:00",
    "calendarYear": "1999",
    "period": "Q2",
    "revenue": 3003300000,
    "costOfRevenue": 1935400000,
    "grossProfit": 1067900000,
    "grossProfitRatio": 0.3555755336,
    "researchAndDevelopmentExpenses": 0,
    "generalAndAdministrativeExpenses": 0,
    "sellingAndMarketingExpenses": 0,
    "sellingGeneralAndAdministrativeExpenses": 585600000,
    "otherExpenses": 200000000,
    "operatingExpenses": 785600000,
    "costAndExpenses": 2721000000,
    "interestIncome": 0,
    "interestExpense": 0,
    "depreciationAndAmortization": -200000000,
    "ebitda": 482300000,
    "ebitdaratio": 0.1605900176,
    "operatingIncome": 282300000,
    "operatingIncomeRatio": 0.0939966037,
    "totalOtherIncomeExpensesNet": -99500000,
    "incomeBeforeTax": 164400000,
    "incomeBeforeTaxRatio": 0.0547397862,
    "incomeTaxExpense": 105100000,
    "netIncome": 59300000,
    "netIncomeRatio": 0.0197449472,
    "eps": 0.18,
    "epsdiluted": 0.16,
    "weightedAverageShsOut": 345300000,
    "weightedAverageShsOutDil": 352500000,
    "link": "https://www.sec.gov/Archives/edgar/data/813828/000100547799003338/0001005477-99-003338-index.html",
    "finalLink": "https://www.sec.gov/Archives/edgar/data/813828/000100547799003338/"
  },
  {
    "date": "1999-03-31",
    "symbol": "PSKY",
    "reportedCurrency": "USD",
    "cik": "0000813828",
    "fillingDate": "1999-05-17",
    "acceptedDate": "1999-05-17 00:00:00",
    "calendarYear": "1999",
    "period": "Q1",
    "revenue": 2951100000,
    "costOfRevenue": 1952100000,
    "grossProfit": 999000000,
    "grossProfitRatio": 0.3385178408,
    "researchAndDevelopmentExpenses": 0,
    "generalAndAdministrativeExpenses": 0,
    "sellingAndMarketingExpenses": 0,
    "sellingGeneralAndAdministrativeExpenses": 524400000,
    "otherExpenses": 197100000,
    "operatingExpenses": 721500000,
    "costAndExpenses": 2673600000,
    "interestIncome": 0,
    "interestExpense": 0,
    "depreciationAndAmortization": -197100000,
    "ebitda": 474600000,
    "ebitdaratio": 0.1608213886,
    "operatingIncome": 277500000,
    "operatingIncomeRatio": 0.0940327336,
    "totalOtherIncomeExpensesNet": -95600000,
    "incomeBeforeTax": 165700000,
    "incomeBeforeTaxRatio": 0.0561485548,
    "incomeTaxExpense": 97300000,
    "netIncome": 44900000,
    "netIncomeRatio": 0.0152146657,
    "eps": 0.13,
    "epsdiluted": 0.13,
    "weightedAverageShsOut": 348050000,
    "weightedAverageShsOutDil": 355550000,
    "link": "https://www.sec.gov/Archives/edgar/data/813828/000100547799002475/0001005477-99-002475-index.html",
    "finalLink": "https://www.sec.gov/Archives/edgar/data/813828/"
  },
  {
    "date": "1998-12-31",
    "symbol": "PSKY",
    "reportedCurrency": "USD",
    "cik": "0000813828",
    "fillingDate": "1999-03-31",
    "acceptedDate": "1999-03-31 00:00:00",
    "calendarYear": "1998",
    "period": "Q4",
    "revenue": 3342400000,
    "costOfRevenue": 2364100000,
    "grossProfit": 978300000,
    "grossProfitRatio": 0.2926938727,
    "researchAndDevelopmentExpenses": 0,
    "generalAndAdministrativeExpenses": 0,
    "sellingAndMarketingExpenses": 0,
    "sellingGeneralAndAdministrativeExpenses": 592700000,
    "otherExpenses": 89300000,
    "operatingExpenses": 682000000,
    "costAndExpenses": 3046100000,
    "interestIncome": 0,
    "interestExpense": 0,
    "depreciationAndAmortization": 89300000,
    "ebitda": 385600000,
    "ebitdaratio": 0.1153662039,
    "operatingIncome": 296300000,
    "operatingIncomeRatio": 0.0886488751,
    "totalOtherIncomeExpensesNet": -111100000,
    "incomeBeforeTax": 185200000,
    "incomeBeforeTaxRatio": 0.0554092867,
    "incomeTaxExpense": 53300000,
    "netIncome": 18500000,
    "netIncomeRatio": 0.0055349449,
    "eps": 0.0532,
    "epsdiluted": 0.0532,
    "weightedAverageShsOut": 348032778,
    "weightedAverageShsOutDil": 348032778,
    "link": "https://www.sec.gov/Archives/edgar/data/813828/000100547799001528/0001005477-99-001528-index.html",
    "finalLink": "https://www.sec.gov/Archives/edgar/data/813828/"
  },
  {
    "date": "1998-09-30",
    "symbol": "PSKY",
    "reportedCurrency": "USD",
    "cik": "0000813828",
    "fillingDate": "1998-11-16",
    "acceptedDate": "1998-11-16 00:00:00",
    "calendarYear": "1998",
    "period": "Q3",
    "revenue": 3288800000,
    "costOfRevenue": 2145400000,
    "grossProfit": 1143400000,
    "grossProfitRatio": 0.3476648018,
    "researchAndDevelopmentExpenses": 0,
    "generalAndAdministrativeExpenses": 0,
    "sellingAndMarketingExpenses": 0,
    "sellingGeneralAndAdministrativeExpenses": 543600000,
    "otherExpenses": 192500000,
    "operatingExpenses": 736100000,
    "costAndExpenses": 2881500000,
    "interestIncome": 0,
    "interestExpense": 0,
    "depreciationAndAmortization": 192500000,
    "ebitda": 599800000,
    "ebitdaratio": 0.1823765507,
    "operatingIncome": 407300000,
    "operatingIncomeRatio": 0.1238445634,
    "totalOtherIncomeExpensesNet": -170300000,
    "incomeBeforeTax": 237000000,
    "incomeBeforeTaxRatio": 0.0720627585,
    "incomeTaxExpense": 150600000,
    "netIncome": 123400000,
    "netIncomeRatio": 0.0375212844,
    "eps": 0.69,
    "epsdiluted": 0.69,
    "weightedAverageShsOut": 177808785,
    "weightedAverageShsOutDil": 177808785,
    "link": "https://www.sec.gov/Archives/edgar/data/813828/000104746998041208/0001047469-98-041208-index.html",
    "finalLink": "https://www.sec.gov/Archives/edgar/data/813828/"
  },
  {
    "date": "1998-06-30",
    "symbol": "PSKY",
    "reportedCurrency": "USD",
    "cik": "0000813828",
    "fillingDate": "1998-08-14",
    "acceptedDate": "1998-08-14 00:00:00",
    "calendarYear": "1998",
    "period": "Q2",
    "revenue": 2779300000,
    "costOfRevenue": 2265700000,
    "grossProfit": 513600000,
    "grossProfitRatio": 0.1847947325,
    "researchAndDevelopmentExpenses": 0,
    "generalAndAdministrativeExpenses": 0,
    "sellingAndMarketingExpenses": 0,
    "sellingGeneralAndAdministrativeExpenses": 503400000,
    "otherExpenses": 235600000,
    "operatingExpenses": 739000000,
    "costAndExpenses": 3004700000,
    "interestIncome": 0,
    "interestExpense": 0,
    "depreciationAndAmortization": 235600000,
    "ebitda": 10200000,
    "ebitdaratio": 0.0036699888,
    "operatingIncome": -225400000,
    "operatingIncomeRatio": -0.0810995574,
    "totalOtherIncomeExpensesNet": -174900000,
    "incomeBeforeTax": -400300000,
    "incomeBeforeTaxRatio": -0.1440290721,
    "incomeTaxExpense": -133000000,
    "netIncome": -280700000,
    "netIncomeRatio": -0.1009966538,
    "eps": -1.58,
    "epsdiluted": -1.58,
    "weightedAverageShsOut": 177808785,
    "weightedAverageShsOutDil": 177808785,
    "link": "https://www.sec.gov/Archives/edgar/data/813828/000104746998031632/0001047469-98-031632-index.html",
    "finalLink": "https://www.sec.gov/Archives/edgar/data/813828/"
  },
  {
    "date": "1998-03-31",
    "symbol": "PSKY",
    "reportedCurrency": "USD",
    "cik": "0000813828",
    "fillingDate": "1998-05-15",
    "acceptedDate": "1998-05-15 00:00:00",
    "calendarYear": "1998",
    "period": "Q1",
    "revenue": 2685600000,
    "costOfRevenue": 1761700000,
    "grossProfit": 923900000,
    "grossProfitRatio": 0.3440199583,
    "researchAndDevelopmentExpenses": 0,
    "generalAndAdministrativeExpenses": 0,
    "sellingAndMarketingExpenses": 0,
    "sellingGeneralAndAdministrativeExpenses": 421200000,
    "otherExpenses": 229300000,
    "operatingExpenses": 650500000,
    "costAndExpenses": 2412200000,
    "interestIncome": 0,
    "interestExpense": 0,
    "depreciationAndAmortization": 229300000,
    "ebitda": 502700000,
    "ebitdaratio": 0.1871834972,
    "operatingIncome": 273400000,
    "operatingIncomeRatio": 0.1018022043,
    "totalOtherIncomeExpensesNet": -158000000,
    "incomeBeforeTax": 115400000,
    "incomeBeforeTaxRatio": 0.0429699136,
    "incomeTaxExpense": 67800000,
    "netIncome": 1400000,
    "netIncomeRatio": 0.0005212988,
    "eps": 0.0079,
    "epsdiluted": 0.0079,
    "weightedAverageShsOut": 177808785,
    "weightedAverageShsOutDil": 177808785,
    "link": "https://www.sec.gov/Archives/edgar/data/813828/000104746998020669/0001047469-98-020669-index.html",
    "finalLink": "https://www.sec.gov/Archives/edgar/data/813828/"
  },
  {
    "date": "1997-12-31",
    "symbol": "PSKY",
    "reportedCurrency": "USD",
    "cik": "0000813828",
    "fillingDate": "1998-03-31",
    "acceptedDate": "1998-03-31 00:00:00",
    "calendarYear": "1997",
    "period": "Q4",
    "revenue": 3610100000,
    "costOfRevenue": 2371900000,
    "grossProfit": 1238200000,
    "grossProfitRatio": 0.3429821889,
    "researchAndDevelopmentExpenses": 0,
    "generalAndAdministrativeExpenses": 0,
    "sellingAndMarketingExpenses": 0,
    "sellingGeneralAndAdministrativeExpenses": 740300000,
    "otherExpenses": 224200000,
    "operatingExpenses": 964500000,
    "costAndExpenses": 3336400000,
    "interestIncome": 0,
    "interestExpense": 0,
    "depreciationAndAmortization": 1662400000,
    "ebitda": 1936100000,
    "ebitdaratio": 0.5363009335,
    "operatingIncome": 273700000,
    "operatingIncomeRatio": 0.0758150744,
    "totalOtherIncomeExpensesNet": 1243200000,
    "incomeBeforeTax": 1516900000,
    "incomeBeforeTaxRatio": 0.4201822664,
    "incomeTaxExpense": 587200000,
    "netIncome": 929700000,
    "netIncomeRatio": 0.2575274923,
    "eps": 5.09,
    "epsdiluted": 5.09,
    "weightedAverageShsOut": 182679393,
    "weightedAverageShsOutDil": 182779393,
    "link": "https://www.sec.gov/Archives/edgar/data/813828/000104746998013110/0001047469-98-013110-index.html",
    "finalLink": "https://www.sec.gov/Archives/edgar/data/813828/"
  },
  {
    "date": "1997-09-30",
    "symbol": "PSKY",
    "reportedCurrency": "USD",
    "cik": "0000813828",
    "fillingDate": "1997-11-14",
    "acceptedDate": "1997-11-14 00:00:00",
    "calendarYear": "1997",
    "period": "Q3",
    "revenue": 3647400000,
    "costOfRevenue": 2274400000,
    "grossProfit": 1373000000,
    "grossProfitRatio": 0.3764325273,
    "researchAndDevelopmentExpenses": 0,
    "generalAndAdministrativeExpenses": 0,
    "sellingAndMarketingExpenses": 0,
    "sellingGeneralAndAdministrativeExpenses": 693500000,
    "otherExpenses": 237400000,
    "operatingExpenses": 930900000,
    "costAndExpenses": 3205300000,
    "interestIncome": 0,
    "interestExpense": 0,
    "depreciationAndAmortization": -237400000,
    "ebitda": 679500000,
    "ebitdaratio": 0.1862970883,
    "operatingIncome": 442100000,
    "operatingIncomeRatio": 0.1212096288,
    "totalOtherIncomeExpensesNet": -205900000,
    "incomeBeforeTax": 421400000,
    "incomeBeforeTaxRatio": 0.1155343532,
    "incomeTaxExpense": 216200000,
    "netIncome": 205200000,
    "netIncomeRatio": 0.0562592532,
    "eps": 1.12,
    "epsdiluted": 1.12,
    "weightedAverageShsOut": 182679393,
    "weightedAverageShsOutDil": 182779393,
    "link": "https://www.sec.gov/Archives/edgar/data/813828/000100547797002579/0001005477-97-002579-index.html",
    "finalLink": "https://www.sec.gov/Archives/edgar/data/813828/"
  },
  {
    "date": "1997-06-30",
    "symbol": "PSKY",
    "reportedCurrency": "USD",
    "cik": "0000813828",
    "fillingDate": "1997-08-14",
    "acceptedDate": "1997-08-14 00:00:00",
    "calendarYear": "1997",
    "period": "Q2",
    "revenue": 3030900000,
    "costOfRevenue": 2249300000,
    "grossProfit": 781600000,
    "grossProfitRatio": 0.2578771982,
    "researchAndDevelopmentExpenses": 0,
    "generalAndAdministrativeExpenses": 0,
    "sellingAndMarketingExpenses": 0,
    "sellingGeneralAndAdministrativeExpenses": 654900000,
    "otherExpenses": 263500000,
    "operatingExpenses": 918400000,
    "costAndExpenses": 3167700000,
    "interestIncome": 0,
    "interestExpense": 0,
    "depreciationAndAmortization": -699900000,
    "ebitda": 126700000,
    "ebitdaratio": 0.0418027649,
    "operatingIncome": -136800000,
    "operatingIncomeRatio": -0.0451351084,
    "totalOtherIncomeExpensesNet": 25300000,
    "incomeBeforeTax": -111500000,
    "incomeBeforeTaxRatio": -0.0367877528,
    "incomeTaxExpense": -99800000,
    "netIncome": -11700000,
    "netIncomeRatio": -0.0038602395,
    "eps": -0.064,
    "epsdiluted": -0.064,
    "weightedAverageShsOut": 182679393,
    "weightedAverageShsOutDil": 182779393,
    "link": "https://www.sec.gov/Archives/edgar/data/813828/000091205797028062/0000912057-97-028062-index.html",
    "finalLink": "https://www.sec.gov/Archives/edgar/data/813828/"
  },
  {
    "date": "1997-03-31",
    "symbol": "PSKY",
    "reportedCurrency": "USD",
    "cik": "0000813828",
    "fillingDate": "1997-05-15",
    "acceptedDate": "1997-05-15 00:00:00",
    "calendarYear": "1997",
    "period": "Q1",
    "revenue": 2917700000,
    "costOfRevenue": 1967700000,
    "grossProfit": 950000000,
    "grossProfitRatio": 0.3255989307,
    "researchAndDevelopmentExpenses": 0,
    "generalAndAdministrativeExpenses": 0,
    "sellingAndMarketingExpenses": 0,
    "sellingGeneralAndAdministrativeExpenses": 558000000,
    "otherExpenses": 218200000,
    "operatingExpenses": 776200000,
    "costAndExpenses": 2743900000,
    "interestIncome": 0,
    "interestExpense": 0,
    "depreciationAndAmortization": 218200000,
    "ebitda": 392000000,
    "ebitdaratio": 0.1343524009,
    "operatingIncome": 173800000,
    "operatingIncomeRatio": 0.0595674675,
    "totalOtherIncomeExpensesNet": -196500000,
    "incomeBeforeTax": -22700000,
    "incomeBeforeTaxRatio": -0.0077801008,
    "incomeTaxExpense": -14000000,
    "netIncome": -18700000,
    "netIncomeRatio": -0.0064091579,
    "eps": -0.1,
    "epsdiluted": -0.1,
    "weightedAverageShsOut": 182679393,
    "weightedAverageShsOutDil": 182779393,
    "link": "https://www.sec.gov/Archives/edgar/data/813828/000100547797001477/0001005477-97-001477-index.html",
    "finalLink": "https://www.sec.gov/Archives/edgar/data/813828/"
  },
  {
    "date": "1996-12-31",
    "symbol": "PSKY",
    "reportedCurrency": "USD",
    "cik": "0000813828",
    "fillingDate": "1997-03-31",
    "acceptedDate": "1997-03-31 00:00:00",
    "calendarYear": "1996",
    "period": "Q4",
    "revenue": 3409400000,
    "costOfRevenue": 2280400000,
    "grossProfit": 1129000000,
    "grossProfitRatio": 0.3311433097,
    "researchAndDevelopmentExpenses": 0,
    "generalAndAdministrativeExpenses": 0,
    "sellingAndMarketingExpenses": 0,
    "sellingGeneralAndAdministrativeExpenses": 590300000,
    "otherExpenses": 199800000,
    "operatingExpenses": 790100000,
    "costAndExpenses": 3070500000,
    "interestIncome": 0,
    "interestExpense": 0,
    "depreciationAndAmortization": 1435400000,
    "ebitda": 1774300000,
    "ebitdaratio": 0.5204141491,
    "operatingIncome": 338900000,
    "operatingIncomeRatio": 0.0994016543,
    "totalOtherIncomeExpensesNet": -274200000,
    "incomeBeforeTax": 64700000,
    "incomeBeforeTaxRatio": 0.0189769461,
    "incomeTaxExpense": 33200000,
    "netIncome": -227400000,
    "netIncomeRatio": -0.0666979527,
    "eps": -1.24,
    "epsdiluted": -1.24,
    "weightedAverageShsOut": 182679393,
    "weightedAverageShsOutDil": 182779393,
    "link": "https://www.sec.gov/Archives/edgar/data/813828/000100547797000969/0001005477-97-000969-index.html",
    "finalLink": "https://www.sec.gov/Archives/edgar/data/813828/"
  },
  {
    "date": "1996-09-30",
    "symbol": "PSKY",
    "reportedCurrency": "USD",
    "cik": "0000813828",
    "fillingDate": "1996-11-14",
    "acceptedDate": "1996-11-14 00:00:00",
    "calendarYear": "1996",
    "period": "Q3",
    "revenue": 3266400000,
    "costOfRevenue": 1968400000,
    "grossProfit": 1298000000,
    "grossProfitRatio": 0.3973793779,
    "researchAndDevelopmentExpenses": 0,
    "generalAndAdministrativeExpenses": 0,
    "sellingAndMarketingExpenses": 0,
    "sellingGeneralAndAdministrativeExpenses": 604200000,
    "otherExpenses": 200100000,
    "operatingExpenses": 804300000,
    "costAndExpenses": 2772700000,
    "interestIncome": 0,
    "interestExpense": 0,
    "depreciationAndAmortization": -216100000,
    "ebitda": 693800000,
    "ebitdaratio": 0.2124050943,
    "operatingIncome": 493700000,
    "operatingIncomeRatio": 0.1511449914,
    "totalOtherIncomeExpensesNet": -199300000,
    "incomeBeforeTax": 294400000,
    "incomeBeforeTaxRatio": 0.0901298065,
    "incomeTaxExpense": 185800000,
    "netIncome": 1391400000,
    "netIncomeRatio": 0.4259735489,
    "eps": 7.62,
    "epsdiluted": 7.61,
    "weightedAverageShsOut": 182679393,
    "weightedAverageShsOutDil": 182779393,
    "link": "https://www.sec.gov/Archives/edgar/data/813828/000100547796000483/0001005477-96-000483-index.html",
    "finalLink": "https://www.sec.gov/Archives/edgar/data/813828/"
  },
  {
    "date": "1996-06-30",
    "symbol": "PSKY",
    "reportedCurrency": "USD",
    "cik": "0000813828",
    "fillingDate": "1996-08-14",
    "acceptedDate": "1996-08-14 00:00:00",
    "calendarYear": "1996",
    "period": "Q2",
    "revenue": 2785000000,
    "costOfRevenue": 1742200000,
    "grossProfit": 1042800000,
    "grossProfitRatio": 0.3744344704,
    "researchAndDevelopmentExpenses": 0,
    "generalAndAdministrativeExpenses": 0,
    "sellingAndMarketingExpenses": 0,
    "sellingGeneralAndAdministrativeExpenses": 570500000,
    "otherExpenses": 197400000,
    "operatingExpenses": 767900000,
    "costAndExpenses": 2510100000,
    "interestIncome": 0,
    "interestExpense": 0,
    "depreciationAndAmortization": -621700000,
    "ebitda": 472300000,
    "ebitdaratio": 0.1695870736,
    "operatingIncome": 274900000,
    "operatingIncomeRatio": 0.0987073609,
    "totalOtherIncomeExpensesNet": -207500000,
    "incomeBeforeTax": 67400000,
    "incomeBeforeTaxRatio": 0.0242010772,
    "incomeTaxExpense": 41900000,
    "netIncome": 41100000,
    "netIncomeRatio": 0.0147576302,
    "eps": 0.22,
    "epsdiluted": 0.22,
    "weightedAverageShsOut": 182679393,
    "weightedAverageShsOutDil": 182779393,
    "link": "https://www.sec.gov/Archives/edgar/data/813828/000095011296002875/0000950112-96-002875-index.html",
    "finalLink": "https://www.sec.gov/Archives/edgar/data/813828/"
  },
  {
    "date": "1996-03-31",
    "symbol": "PSKY",
    "reportedCurrency": "USD",
    "cik": "0000813828",
    "fillingDate": "1996-05-15",
    "acceptedDate": "1996-05-15 00:00:00",
    "calendarYear": "1996",
    "period": "Q1",
    "revenue": 2623400000,
    "costOfRevenue": 1642100000,
    "grossProfit": 981300000,
    "grossProfitRatio": 0.3740565678,
    "researchAndDevelopmentExpenses": 0,
    "generalAndAdministrativeExpenses": 0,
    "sellingAndMarketingExpenses": 0,
    "sellingGeneralAndAdministrativeExpenses": 533100000,
    "otherExpenses": 192500000,
    "operatingExpenses": 725600000,
    "costAndExpenses": 2367700000,
    "interestIncome": 0,
    "interestExpense": 0,
    "depreciationAndAmortization": 220000000,
    "ebitda": 475700000,
    "ebitdaratio": 0.1813295723,
    "operatingIncome": 255700000,
    "operatingIncomeRatio": 0.0974689334,
    "totalOtherIncomeExpensesNet": -202600000,
    "incomeBeforeTax": 53100000,
    "incomeBeforeTaxRatio": 0.0202409087,
    "incomeTaxExpense": 34600000,
    "netIncome": 27800000,
    "netIncomeRatio": 0.0105969353,
    "eps": 0.15,
    "epsdiluted": 0.15,
    "weightedAverageShsOut": 182679393,
    "weightedAverageShsOutDil": 182779393,
    "link": "https://www.sec.gov/Archives/edgar/data/813828/000095011296001503/0000950112-96-001503-index.html",
    "finalLink": "https://www.sec.gov/Archives/edgar/data/813828/"
  }
]