[
  {
    "date": "2025-06-30",
    "symbol": "PSX",
    "reportedCurrency": "USD",
    "cik": "0001534701",
    "fillingDate": "2025-07-28",
    "acceptedDate": "2025-07-28 14:07:12",
    "calendarYear": "2025",
    "period": "Q2",
    "revenue": 33323000000,
    "costOfRevenue": 31343000000,
    "grossProfit": 1980000000,
    "grossProfitRatio": 0.0594184197,
    "researchAndDevelopmentExpenses": 0,
    "generalAndAdministrativeExpenses": 0,
    "sellingAndMarketingExpenses": 0,
    "sellingGeneralAndAdministrativeExpenses": 582000000,
    "otherExpenses": 218000000,
    "operatingExpenses": 800000000,
    "costAndExpenses": 32143000000,
    "interestIncome": 0,
    "interestExpense": 264000000,
    "depreciationAndAmortization": 826000000,
    "ebitda": 2210000000,
    "ebitdaratio": 0.0663205594,
    "operatingIncome": 1180000000,
    "operatingIncomeRatio": 0.0354109774,
    "totalOtherIncomeExpensesNet": -60000000,
    "incomeBeforeTax": 1120000000,
    "incomeBeforeTaxRatio": 0.0336104192,
    "incomeTaxExpense": 212000000,
    "netIncome": 877000000,
    "netIncomeRatio": 0.0263181586,
    "eps": 2.15,
    "epsdiluted": 2.15,
    "weightedAverageShsOut": 406763000,
    "weightedAverageShsOutDil": 407929000,
    "link": "https://www.sec.gov/Archives/edgar/data/1534701/000153470125000137/0001534701-25-000137-index.htm",
    "finalLink": "https://www.sec.gov/Archives/edgar/data/1534701/000153470125000137/psx-20250630.htm"
  },
  {
    "date": "2025-03-31",
    "symbol": "PSX",
    "reportedCurrency": "USD",
    "cik": "0001534701",
    "fillingDate": "2025-04-25",
    "acceptedDate": "2025-04-25 13:23:09",
    "calendarYear": "2025",
    "period": "Q1",
    "revenue": 30495000000,
    "costOfRevenue": 29909000000,
    "grossProfit": 586000000,
    "grossProfitRatio": 0.019216265,
    "researchAndDevelopmentExpenses": 0,
    "generalAndAdministrativeExpenses": 0,
    "sellingAndMarketingExpenses": 0,
    "sellingGeneralAndAdministrativeExpenses": 519000000,
    "otherExpenses": 233000000,
    "operatingExpenses": 752000000,
    "costAndExpenses": 30661000000,
    "interestIncome": 0,
    "interestExpense": 221000000,
    "depreciationAndAmortization": 803000000,
    "ebitda": 1672000000,
    "ebitdaratio": 0.0548286604,
    "operatingIncome": -166000000,
    "operatingIncomeRatio": -0.0054435153,
    "totalOtherIncomeExpensesNet": 814000000,
    "incomeBeforeTax": 648000000,
    "incomeBeforeTaxRatio": 0.0212493851,
    "incomeTaxExpense": 122000000,
    "netIncome": 487000000,
    "netIncomeRatio": 0.0159698311,
    "eps": 1.19,
    "epsdiluted": 1.18,
    "weightedAverageShsOut": 409182000,
    "weightedAverageShsOutDil": 410505000,
    "link": "https://www.sec.gov/Archives/edgar/data/1534701/000153470125000094/0001534701-25-000094-index.htm",
    "finalLink": "https://www.sec.gov/Archives/edgar/data/1534701/000153470125000094/psx-20250331.htm"
  },
  {
    "date": "2024-12-31",
    "symbol": "PSX",
    "reportedCurrency": "USD",
    "cik": "0001534701",
    "fillingDate": "2025-02-21",
    "acceptedDate": "2025-02-21 14:39:10",
    "calendarYear": "2024",
    "period": "Q4",
    "revenue": 33714000000,
    "costOfRevenue": 33102000000,
    "grossProfit": 612000000,
    "grossProfitRatio": 0.0181526962,
    "researchAndDevelopmentExpenses": 0,
    "generalAndAdministrativeExpenses": 0,
    "sellingAndMarketingExpenses": 0,
    "sellingGeneralAndAdministrativeExpenses": 511000000,
    "otherExpenses": 62000000,
    "operatingExpenses": 573000000,
    "costAndExpenses": 33675000000,
    "interestIncome": 0,
    "interestExpense": 220000000,
    "depreciationAndAmortization": 832000000,
    "ebitda": 1039000000,
    "ebitdaratio": 0.0308180578,
    "operatingIncome": 39000000,
    "operatingIncomeRatio": 0.0011567895,
    "totalOtherIncomeExpensesNet": -52000000,
    "incomeBeforeTax": -13000000,
    "incomeBeforeTaxRatio": -0.0003855965,
    "incomeTaxExpense": -38000000,
    "netIncome": 8000000,
    "netIncomeRatio": 0.0002372901,
    "eps": -0.0048,
    "epsdiluted": -0.0048,
    "weightedAverageShsOut": 417305000,
    "weightedAverageShsOutDil": 418803000,
    "link": "https://www.sec.gov/Archives/edgar/data/1534701/000153470125000074/0001534701-25-000074-index.htm",
    "finalLink": "https://www.sec.gov/Archives/edgar/data/1534701/000153470125000074/psx-20241231.htm"
  },
  {
    "date": "2024-09-30",
    "symbol": "PSX",
    "reportedCurrency": "USD",
    "cik": "0001534701",
    "fillingDate": "2024-10-29",
    "acceptedDate": "2024-10-29 15:45:44",
    "calendarYear": "2024",
    "period": "Q3",
    "revenue": 35291000000,
    "costOfRevenue": 34478000000,
    "grossProfit": 813000000,
    "grossProfitRatio": 0.0230370349,
    "researchAndDevelopmentExpenses": 0,
    "generalAndAdministrativeExpenses": 0,
    "sellingAndMarketingExpenses": 0,
    "sellingGeneralAndAdministrativeExpenses": 1194000000,
    "otherExpenses": 53000000,
    "operatingExpenses": 1247000000,
    "costAndExpenses": 35725000000,
    "interestIncome": 0,
    "interestExpense": 229000000,
    "depreciationAndAmortization": 551000000,
    "ebitda": 1193000000,
    "ebitdaratio": 0.0338046527,
    "operatingIncome": -434000000,
    "operatingIncomeRatio": -0.012297753,
    "totalOtherIncomeExpensesNet": 847000000,
    "incomeBeforeTax": 413000000,
    "incomeBeforeTaxRatio": 0.0117027004,
    "incomeTaxExpense": 44000000,
    "netIncome": 346000000,
    "netIncomeRatio": 0.0098041994,
    "eps": 0.83,
    "epsdiluted": 0.83,
    "weightedAverageShsOut": 417305000,
    "weightedAverageShsOutDil": 418803000,
    "link": "https://www.sec.gov/Archives/edgar/data/1534701/000153470124000166/0001534701-24-000166-index.htm",
    "finalLink": "https://www.sec.gov/Archives/edgar/data/1534701/000153470124000166/psx-20240930.htm"
  },
  {
    "date": "2024-06-30",
    "symbol": "PSX",
    "reportedCurrency": "USD",
    "cik": "0001534701",
    "fillingDate": "2024-07-31",
    "acceptedDate": "2024-07-30 19:17:36",
    "calendarYear": "2024",
    "period": "Q2",
    "revenue": 38100000000,
    "costOfRevenue": 36580000000,
    "grossProfit": 1520000000,
    "grossProfitRatio": 0.0398950131,
    "researchAndDevelopmentExpenses": 0,
    "generalAndAdministrativeExpenses": 0,
    "sellingAndMarketingExpenses": 0,
    "sellingGeneralAndAdministrativeExpenses": 552000000,
    "otherExpenses": 49000000,
    "operatingExpenses": 601000000,
    "costAndExpenses": 37181000000,
    "interestIncome": 0,
    "interestExpense": 231000000,
    "depreciationAndAmortization": 507000000,
    "ebitda": 2049000000,
    "ebitdaratio": 0.0537795276,
    "operatingIncome": 919000000,
    "operatingIncomeRatio": 0.0241207349,
    "totalOtherIncomeExpensesNet": 392000000,
    "incomeBeforeTax": 1311000000,
    "incomeBeforeTaxRatio": 0.0344094488,
    "incomeTaxExpense": 291000000,
    "netIncome": 1015000000,
    "netIncomeRatio": 0.0266404199,
    "eps": 2.39,
    "epsdiluted": 2.38,
    "weightedAverageShsOut": 422869000,
    "weightedAverageShsOutDil": 425734000,
    "link": "https://www.sec.gov/Archives/edgar/data/1534701/000153470124000132/0001534701-24-000132-index.htm",
    "finalLink": "https://www.sec.gov/Archives/edgar/data/1534701/000153470124000132/psx-20240630.htm"
  },
  {
    "date": "2024-03-31",
    "symbol": "PSX",
    "reportedCurrency": "USD",
    "cik": "0001534701",
    "fillingDate": "2024-04-29",
    "acceptedDate": "2024-04-29 15:32:00",
    "calendarYear": "2024",
    "period": "Q1",
    "revenue": 36013000000,
    "costOfRevenue": 34095000000,
    "grossProfit": 1918000000,
    "grossProfitRatio": 0.0532585455,
    "researchAndDevelopmentExpenses": 0,
    "generalAndAdministrativeExpenses": 0,
    "sellingAndMarketingExpenses": 0,
    "sellingGeneralAndAdministrativeExpenses": 557000000,
    "otherExpenses": 165000000,
    "operatingExpenses": 722000000,
    "costAndExpenses": 34817000000,
    "interestIncome": 0,
    "interestExpense": 227000000,
    "depreciationAndAmortization": 513000000,
    "ebitda": 1704000000,
    "ebitdaratio": 0.0473162469,
    "operatingIncome": 1196000000,
    "operatingIncomeRatio": 0.0332102296,
    "totalOtherIncomeExpensesNet": -232000000,
    "incomeBeforeTax": 964000000,
    "incomeBeforeTaxRatio": 0.0267681115,
    "incomeTaxExpense": 203000000,
    "netIncome": 748000000,
    "netIncomeRatio": 0.0207702774,
    "eps": 1.74,
    "epsdiluted": 1.73,
    "weightedAverageShsOut": 428959000,
    "weightedAverageShsOutDil": 431906000,
    "link": "https://www.sec.gov/Archives/edgar/data/1534701/000153470124000104/0001534701-24-000104-index.htm",
    "finalLink": "https://www.sec.gov/Archives/edgar/data/1534701/000153470124000104/psx-20240331.htm"
  },
  {
    "date": "2023-12-31",
    "symbol": "PSX",
    "reportedCurrency": "USD",
    "cik": "0001534701",
    "fillingDate": "2024-02-21",
    "acceptedDate": "2024-02-21 17:09:50",
    "calendarYear": "2023",
    "period": "Q4",
    "revenue": 38054000000,
    "costOfRevenue": 36054000000,
    "grossProfit": 2000000000,
    "grossProfitRatio": 0.0525568928,
    "researchAndDevelopmentExpenses": 0,
    "generalAndAdministrativeExpenses": 0,
    "sellingAndMarketingExpenses": 0,
    "sellingGeneralAndAdministrativeExpenses": 608000000,
    "otherExpenses": 155000000,
    "operatingExpenses": 763000000,
    "costAndExpenses": 36817000000,
    "interestIncome": 269000000,
    "interestExpense": 218000000,
    "depreciationAndAmortization": 528000000,
    "ebitda": 2507000000,
    "ebitdaratio": 0.0658800652,
    "operatingIncome": 1237000000,
    "operatingIncomeRatio": 0.0325064382,
    "totalOtherIncomeExpensesNet": 524000000,
    "incomeBeforeTax": 1761000000,
    "incomeBeforeTaxRatio": 0.0462763441,
    "incomeTaxExpense": 476000000,
    "netIncome": 1260000000,
    "netIncomeRatio": 0.0331108425,
    "eps": 2.87,
    "epsdiluted": 2.85,
    "weightedAverageShsOut": 437365000,
    "weightedAverageShsOutDil": 440575000,
    "link": "https://www.sec.gov/Archives/edgar/data/1534701/000153470124000078/0001534701-24-000078-index.htm",
    "finalLink": "https://www.sec.gov/Archives/edgar/data/1534701/000153470124000078/psx-20231231.htm"
  },
  {
    "date": "2023-09-30",
    "symbol": "PSX",
    "reportedCurrency": "USD",
    "cik": "0001534701",
    "fillingDate": "2023-11-03",
    "acceptedDate": "2023-11-03 12:52:15",
    "calendarYear": "2023",
    "period": "Q3",
    "revenue": 39982000000,
    "costOfRevenue": 35962000000,
    "grossProfit": 4020000000,
    "grossProfitRatio": 0.1005452454,
    "researchAndDevelopmentExpenses": 0,
    "generalAndAdministrativeExpenses": 0,
    "sellingAndMarketingExpenses": 0,
    "sellingGeneralAndAdministrativeExpenses": 614000000,
    "otherExpenses": 171000000,
    "operatingExpenses": 785000000,
    "costAndExpenses": 36747000000,
    "interestIncome": 0,
    "interestExpense": 221000000,
    "depreciationAndAmortization": 494000000,
    "ebitda": 3528000000,
    "ebitdaratio": 0.0882397079,
    "operatingIncome": 3235000000,
    "operatingIncomeRatio": 0.0809114101,
    "totalOtherIncomeExpensesNet": -422000000,
    "incomeBeforeTax": 2813000000,
    "incomeBeforeTaxRatio": 0.0703566605,
    "incomeTaxExpense": 670000000,
    "netIncome": 2097000000,
    "netIncomeRatio": 0.0524486019,
    "eps": 4.72,
    "epsdiluted": 4.69,
    "weightedAverageShsOut": 444283000,
    "weightedAverageShsOutDil": 447258000,
    "link": "https://www.sec.gov/Archives/edgar/data/1534701/000153470123000148/0001534701-23-000148-index.htm",
    "finalLink": "https://www.sec.gov/Archives/edgar/data/1534701/000153470123000148/psx-20230930.htm"
  },
  {
    "date": "2023-06-30",
    "symbol": "PSX",
    "reportedCurrency": "USD",
    "cik": "0001534701",
    "fillingDate": "2023-08-04",
    "acceptedDate": "2023-08-03 19:30:37",
    "calendarYear": "2023",
    "period": "Q2",
    "revenue": 34880000000,
    "costOfRevenue": 32423000000,
    "grossProfit": 2457000000,
    "grossProfitRatio": 0.0704415138,
    "researchAndDevelopmentExpenses": 0,
    "generalAndAdministrativeExpenses": 0,
    "sellingAndMarketingExpenses": 0,
    "sellingGeneralAndAdministrativeExpenses": 530000000,
    "otherExpenses": 174000000,
    "operatingExpenses": 704000000,
    "costAndExpenses": 33127000000,
    "interestIncome": 0,
    "interestExpense": 266000000,
    "depreciationAndAmortization": 502000000,
    "ebitda": 3012000000,
    "ebitdaratio": 0.086353211,
    "operatingIncome": 1753000000,
    "operatingIncomeRatio": 0.0502580275,
    "totalOtherIncomeExpensesNet": 491000000,
    "incomeBeforeTax": 2244000000,
    "incomeBeforeTaxRatio": 0.0643348624,
    "incomeTaxExpense": 510000000,
    "netIncome": 1697000000,
    "netIncomeRatio": 0.0486525229,
    "eps": 3.73,
    "epsdiluted": 3.72,
    "weightedAverageShsOut": 454450000,
    "weightedAverageShsOutDil": 456168000,
    "link": "https://www.sec.gov/Archives/edgar/data/1534701/000153470123000123/0001534701-23-000123-index.htm",
    "finalLink": "https://www.sec.gov/Archives/edgar/data/1534701/000153470123000123/psx-20230630.htm"
  },
  {
    "date": "2023-03-31",
    "symbol": "PSX",
    "reportedCurrency": "USD",
    "cik": "0001534701",
    "fillingDate": "2023-05-04",
    "acceptedDate": "2023-05-04 16:38:47",
    "calendarYear": "2023",
    "period": "Q1",
    "revenue": 34346000000,
    "costOfRevenue": 31538000000,
    "grossProfit": 2808000000,
    "grossProfitRatio": 0.0817562453,
    "researchAndDevelopmentExpenses": 0,
    "generalAndAdministrativeExpenses": 0,
    "sellingAndMarketingExpenses": 0,
    "sellingGeneralAndAdministrativeExpenses": 558000000,
    "otherExpenses": 207000000,
    "operatingExpenses": 765000000,
    "costAndExpenses": 32303000000,
    "interestIncome": 0,
    "interestExpense": 192000000,
    "depreciationAndAmortization": 482000000,
    "ebitda": 3325000000,
    "ebitdaratio": 0.0968089443,
    "operatingIncome": 2043000000,
    "operatingIncomeRatio": 0.0594829092,
    "totalOtherIncomeExpensesNet": 608000000,
    "incomeBeforeTax": 2651000000,
    "incomeBeforeTaxRatio": 0.0771851162,
    "incomeTaxExpense": 574000000,
    "netIncome": 1961000000,
    "netIncomeRatio": 0.0570954405,
    "eps": 4.21,
    "epsdiluted": 4.2,
    "weightedAverageShsOut": 464810000,
    "weightedAverageShsOutDil": 467034000,
    "link": "https://www.sec.gov/Archives/edgar/data/1534701/000153470123000080/0001534701-23-000080-index.htm",
    "finalLink": "https://www.sec.gov/Archives/edgar/data/1534701/000153470123000080/psx-20230331.htm"
  },
  {
    "date": "2022-12-31",
    "symbol": "PSX",
    "reportedCurrency": "USD",
    "cik": "0001534701",
    "fillingDate": "2023-02-22",
    "acceptedDate": "2023-02-22 17:00:31",
    "calendarYear": "2022",
    "period": "Q4",
    "revenue": 40284000000,
    "costOfRevenue": 37349000000,
    "grossProfit": 2935000000,
    "grossProfitRatio": 0.0728577103,
    "researchAndDevelopmentExpenses": 0,
    "generalAndAdministrativeExpenses": 0,
    "sellingAndMarketingExpenses": 0,
    "sellingGeneralAndAdministrativeExpenses": 630000000,
    "otherExpenses": 130000000,
    "operatingExpenses": 760000000,
    "costAndExpenses": 38109000000,
    "interestIncome": 82000000,
    "interestExpense": 193000000,
    "depreciationAndAmortization": 508000000,
    "ebitda": 3248000000,
    "ebitdaratio": 0.0806275444,
    "operatingIncome": 2175000000,
    "operatingIncomeRatio": 0.0539916592,
    "totalOtherIncomeExpensesNet": 372000000,
    "incomeBeforeTax": 2547000000,
    "incomeBeforeTaxRatio": 0.0632260947,
    "incomeTaxExpense": 535000000,
    "netIncome": 1884000000,
    "netIncomeRatio": 0.0467679476,
    "eps": 3.99,
    "epsdiluted": 3.97,
    "weightedAverageShsOut": 471859000,
    "weightedAverageShsOutDil": 474327000,
    "link": "https://www.sec.gov/Archives/edgar/data/1534701/000153470123000053/0001534701-23-000053-index.htm",
    "finalLink": "https://www.sec.gov/Archives/edgar/data/1534701/000153470123000053/psx-20221231.htm"
  },
  {
    "date": "2022-09-30",
    "symbol": "PSX",
    "reportedCurrency": "USD",
    "cik": "0001534701",
    "fillingDate": "2022-11-09",
    "acceptedDate": "2022-11-08 18:01:22",
    "calendarYear": "2022",
    "period": "Q3",
    "revenue": 44523000000,
    "costOfRevenue": 40859000000,
    "grossProfit": 3664000000,
    "grossProfitRatio": 0.0822945444,
    "researchAndDevelopmentExpenses": 0,
    "generalAndAdministrativeExpenses": 0,
    "sellingAndMarketingExpenses": 0,
    "sellingGeneralAndAdministrativeExpenses": 617000000,
    "otherExpenses": 133000000,
    "operatingExpenses": 750000000,
    "costAndExpenses": 41609000000,
    "interestIncome": 0,
    "interestExpense": 158000000,
    "depreciationAndAmortization": 435000000,
    "ebitda": 7751000000,
    "ebitdaratio": 0.1740897963,
    "operatingIncome": 2914000000,
    "operatingIncomeRatio": 0.0654493183,
    "totalOtherIncomeExpensesNet": 4244000000,
    "incomeBeforeTax": 7158000000,
    "incomeBeforeTaxRatio": 0.1607708375,
    "incomeTaxExpense": 1618000000,
    "netIncome": 5391000000,
    "netIncomeRatio": 0.1210834849,
    "eps": 11.2,
    "epsdiluted": 11.16,
    "weightedAverageShsOut": 481388000,
    "weightedAverageShsOutDil": 483036000,
    "link": "https://www.sec.gov/Archives/edgar/data/1534701/000153470122000185/0001534701-22-000185-index.htm",
    "finalLink": "https://www.sec.gov/Archives/edgar/data/1534701/000153470122000185/psx-20220930.htm"
  },
  {
    "date": "2022-06-30",
    "symbol": "PSX",
    "reportedCurrency": "USD",
    "cik": "0001534701",
    "fillingDate": "2022-07-29",
    "acceptedDate": "2022-07-29 16:51:55",
    "calendarYear": "2022",
    "period": "Q2",
    "revenue": 48712000000,
    "costOfRevenue": 44188000000,
    "grossProfit": 4524000000,
    "grossProfitRatio": 0.0928723928,
    "researchAndDevelopmentExpenses": 0,
    "generalAndAdministrativeExpenses": 0,
    "sellingAndMarketingExpenses": 0,
    "sellingGeneralAndAdministrativeExpenses": 488000000,
    "otherExpenses": 118000000,
    "operatingExpenses": 606000000,
    "costAndExpenses": 44794000000,
    "interestIncome": 0,
    "interestExpense": 133000000,
    "depreciationAndAmortization": 365000000,
    "ebitda": 4604000000,
    "ebitdaratio": 0.0945146986,
    "operatingIncome": 3918000000,
    "operatingIncomeRatio": 0.0804319264,
    "totalOtherIncomeExpensesNet": 188000000,
    "incomeBeforeTax": 4106000000,
    "incomeBeforeTaxRatio": 0.084291345,
    "incomeTaxExpense": 924000000,
    "netIncome": 3167000000,
    "netIncomeRatio": 0.0650147808,
    "eps": 6.56,
    "epsdiluted": 6.53,
    "weightedAverageShsOut": 483088000,
    "weightedAverageShsOutDil": 485035000,
    "link": "https://www.sec.gov/Archives/edgar/data/1534701/000153470122000143/0001534701-22-000143-index.htm",
    "finalLink": "https://www.sec.gov/Archives/edgar/data/1534701/000153470122000143/psx-20220630.htm"
  },
  {
    "date": "2022-03-31",
    "symbol": "PSX",
    "reportedCurrency": "USD",
    "cik": "0001534701",
    "fillingDate": "2022-04-29",
    "acceptedDate": "2022-04-29 14:47:53",
    "calendarYear": "2022",
    "period": "Q1",
    "revenue": 36599000000,
    "costOfRevenue": 34951000000,
    "grossProfit": 1648000000,
    "grossProfitRatio": 0.0450285527,
    "researchAndDevelopmentExpenses": 0,
    "generalAndAdministrativeExpenses": 0,
    "sellingAndMarketingExpenses": 0,
    "sellingGeneralAndAdministrativeExpenses": 433000000,
    "otherExpenses": 149000000,
    "operatingExpenses": 582000000,
    "costAndExpenses": 35533000000,
    "interestIncome": 0,
    "interestExpense": 135000000,
    "depreciationAndAmortization": 344000000,
    "ebitda": 1307000000,
    "ebitdaratio": 0.0357113582,
    "operatingIncome": 1066000000,
    "operatingIncomeRatio": 0.0291264789,
    "totalOtherIncomeExpensesNet": -238000000,
    "incomeBeforeTax": 828000000,
    "incomeBeforeTaxRatio": 0.0226235689,
    "incomeTaxExpense": 171000000,
    "netIncome": 582000000,
    "netIncomeRatio": 0.0159020738,
    "eps": 1.3,
    "epsdiluted": 1.29,
    "weightedAverageShsOut": 449298000,
    "weightedAverageShsOutDil": 450011000,
    "link": "https://www.sec.gov/Archives/edgar/data/1534701/000153470122000103/0001534701-22-000103-index.htm",
    "finalLink": "https://www.sec.gov/Archives/edgar/data/1534701/000153470122000103/psx-20220331.htm"
  },
  {
    "date": "2021-12-31",
    "symbol": "PSX",
    "reportedCurrency": "USD",
    "cik": "0001534701",
    "fillingDate": "2022-02-18",
    "acceptedDate": "2022-02-18 16:16:05",
    "calendarYear": "2021",
    "period": "Q4",
    "revenue": 32542000000,
    "costOfRevenue": 31215000000,
    "grossProfit": 1327000000,
    "grossProfitRatio": 0.0407780714,
    "researchAndDevelopmentExpenses": 0,
    "generalAndAdministrativeExpenses": 0,
    "sellingAndMarketingExpenses": 0,
    "sellingGeneralAndAdministrativeExpenses": 479000000,
    "otherExpenses": 67000000,
    "operatingExpenses": 546000000,
    "costAndExpenses": 31761000000,
    "interestIncome": 11000000,
    "interestExpense": 141000000,
    "depreciationAndAmortization": 530000000,
    "ebitda": 2298000000,
    "ebitdaratio": 0.0706164341,
    "operatingIncome": 781000000,
    "operatingIncomeRatio": 0.0239997542,
    "totalOtherIncomeExpensesNet": 846000000,
    "incomeBeforeTax": 1627000000,
    "incomeBeforeTaxRatio": 0.049996927,
    "incomeTaxExpense": 256000000,
    "netIncome": 1273000000,
    "netIncomeRatio": 0.0391186774,
    "eps": 2.89,
    "epsdiluted": 2.88,
    "weightedAverageShsOut": 440469000,
    "weightedAverageShsOutDil": 441584000,
    "link": "https://www.sec.gov/Archives/edgar/data/1534701/000153470122000078/0001534701-22-000078-index.htm",
    "finalLink": "https://www.sec.gov/Archives/edgar/data/1534701/000153470122000078/psx-20211231.htm"
  },
  {
    "date": "2021-09-30",
    "symbol": "PSX",
    "reportedCurrency": "USD",
    "cik": "0001534701",
    "fillingDate": "2021-10-29",
    "acceptedDate": "2021-10-29 13:41:37",
    "calendarYear": "2021",
    "period": "Q3",
    "revenue": 30457000000,
    "costOfRevenue": 29128000000,
    "grossProfit": 1329000000,
    "grossProfitRatio": 0.0436352891,
    "researchAndDevelopmentExpenses": 0,
    "generalAndAdministrativeExpenses": 0,
    "sellingAndMarketingExpenses": 0,
    "sellingGeneralAndAdministrativeExpenses": 424000000,
    "otherExpenses": 85000000,
    "operatingExpenses": 509000000,
    "costAndExpenses": 29637000000,
    "interestIncome": 0,
    "interestExpense": 151000000,
    "depreciationAndAmortization": 367000000,
    "ebitda": 966000000,
    "ebitdaratio": 0.0317168467,
    "operatingIncome": 820000000,
    "operatingIncomeRatio": 0.0269232032,
    "totalOtherIncomeExpensesNet": -372000000,
    "incomeBeforeTax": 448000000,
    "incomeBeforeTaxRatio": 0.0147092622,
    "incomeTaxExpense": -40000000,
    "netIncome": 402000000,
    "netIncomeRatio": 0.0131989362,
    "eps": 0.91,
    "epsdiluted": 0.91,
    "weightedAverageShsOut": 440193000,
    "weightedAverageShsOutDil": 440368000,
    "link": "https://www.sec.gov/Archives/edgar/data/1534701/000153470121000209/0001534701-21-000209-index.htm",
    "finalLink": "https://www.sec.gov/Archives/edgar/data/1534701/000153470121000209/psx-20210930.htm"
  },
  {
    "date": "2021-06-30",
    "symbol": "PSX",
    "reportedCurrency": "USD",
    "cik": "0001534701",
    "fillingDate": "2021-08-03",
    "acceptedDate": "2021-08-03 17:01:08",
    "calendarYear": "2021",
    "period": "Q2",
    "revenue": 27195000000,
    "costOfRevenue": 26550000000,
    "grossProfit": 645000000,
    "grossProfitRatio": 0.0237175951,
    "researchAndDevelopmentExpenses": 0,
    "generalAndAdministrativeExpenses": 0,
    "sellingAndMarketingExpenses": 0,
    "sellingGeneralAndAdministrativeExpenses": 433000000,
    "otherExpenses": 119000000,
    "operatingExpenses": 552000000,
    "costAndExpenses": 27102000000,
    "interestIncome": 0,
    "interestExpense": 143000000,
    "depreciationAndAmortization": 370000000,
    "ebitda": 949000000,
    "ebitdaratio": 0.0348961206,
    "operatingIncome": 93000000,
    "operatingIncomeRatio": 0.0034197463,
    "totalOtherIncomeExpensesNet": 343000000,
    "incomeBeforeTax": 436000000,
    "incomeBeforeTaxRatio": 0.0160323589,
    "incomeTaxExpense": 62000000,
    "netIncome": 294000000,
    "netIncomeRatio": 0.0108108108,
    "eps": 0.66,
    "epsdiluted": 0.66,
    "weightedAverageShsOut": 439940000,
    "weightedAverageShsOutDil": 440396000,
    "link": "https://www.sec.gov/Archives/edgar/data/1534701/000153470121000150/0001534701-21-000150-index.htm",
    "finalLink": "https://www.sec.gov/Archives/edgar/data/1534701/000153470121000150/psx-20210630.htm"
  },
  {
    "date": "2021-03-31",
    "symbol": "PSX",
    "reportedCurrency": "USD",
    "cik": "0001534701",
    "fillingDate": "2021-04-30",
    "acceptedDate": "2021-04-30 15:36:16",
    "calendarYear": "2021",
    "period": "Q1",
    "revenue": 21750000000,
    "costOfRevenue": 21672000000,
    "grossProfit": 78000000,
    "grossProfitRatio": 0.0035862069,
    "researchAndDevelopmentExpenses": 0,
    "generalAndAdministrativeExpenses": 0,
    "sellingAndMarketingExpenses": 0,
    "sellingGeneralAndAdministrativeExpenses": 408000000,
    "otherExpenses": 139000000,
    "operatingExpenses": 547000000,
    "costAndExpenses": 22219000000,
    "interestIncome": 0,
    "interestExpense": 146000000,
    "depreciationAndAmortization": 362000000,
    "ebitda": -263000000,
    "ebitdaratio": -0.012091954,
    "operatingIncome": -469000000,
    "operatingIncomeRatio": -0.0215632184,
    "totalOtherIncomeExpensesNet": -302000000,
    "incomeBeforeTax": -771000000,
    "incomeBeforeTaxRatio": -0.0354482759,
    "incomeTaxExpense": -132000000,
    "netIncome": -654000000,
    "netIncomeRatio": -0.0300689655,
    "eps": -1.49,
    "epsdiluted": -1.49,
    "weightedAverageShsOut": 439504000,
    "weightedAverageShsOutDil": 439504000,
    "link": "https://www.sec.gov/Archives/edgar/data/1534701/000153470121000106/0001534701-21-000106-index.htm",
    "finalLink": "https://www.sec.gov/Archives/edgar/data/1534701/000153470121000106/psx-20210331.htm"
  },
  {
    "date": "2020-12-31",
    "symbol": "PSX",
    "reportedCurrency": "USD",
    "cik": "0001534701",
    "fillingDate": "2021-02-24",
    "acceptedDate": "2021-02-24 14:54:14",
    "calendarYear": "2020",
    "period": "Q4",
    "revenue": 16492000000,
    "costOfRevenue": 16218000000,
    "grossProfit": 274000000,
    "grossProfitRatio": 0.0166141159,
    "researchAndDevelopmentExpenses": 0,
    "generalAndAdministrativeExpenses": 0,
    "sellingAndMarketingExpenses": 0,
    "sellingGeneralAndAdministrativeExpenses": 432000000,
    "otherExpenses": 87000000,
    "operatingExpenses": 519000000,
    "costAndExpenses": 16737000000,
    "interestIncome": 2000000,
    "interestExpense": 139000000,
    "depreciationAndAmortization": 363000000,
    "ebitda": -189000000,
    "ebitdaratio": -0.0114601019,
    "operatingIncome": -245000000,
    "operatingIncomeRatio": -0.0148556876,
    "totalOtherIncomeExpensesNet": -446000000,
    "incomeBeforeTax": -691000000,
    "incomeBeforeTaxRatio": -0.0418991026,
    "incomeTaxExpense": -197000000,
    "netIncome": -539000000,
    "netIncomeRatio": -0.0326825127,
    "eps": -1.23,
    "epsdiluted": -1.23,
    "weightedAverageShsOut": 439110000,
    "weightedAverageShsOutDil": 439115000,
    "link": "https://www.sec.gov/Archives/edgar/data/1534701/000153470121000074/0001534701-21-000074-index.htm",
    "finalLink": "https://www.sec.gov/Archives/edgar/data/1534701/000153470121000074/psx-20201231.htm"
  },
  {
    "date": "2020-09-30",
    "symbol": "PSX",
    "reportedCurrency": "USD",
    "cik": "0001534701",
    "fillingDate": "2020-10-30",
    "acceptedDate": "2020-10-30 14:48:53",
    "calendarYear": "2020",
    "period": "Q3",
    "revenue": 15909000000,
    "costOfRevenue": 15867000000,
    "grossProfit": 42000000,
    "grossProfitRatio": 0.0026400151,
    "researchAndDevelopmentExpenses": 0,
    "generalAndAdministrativeExpenses": 0,
    "sellingAndMarketingExpenses": 0,
    "sellingGeneralAndAdministrativeExpenses": 384000000,
    "otherExpenses": 106000000,
    "operatingExpenses": 490000000,
    "costAndExpenses": 16357000000,
    "interestIncome": 0,
    "interestExpense": 132000000,
    "depreciationAndAmortization": 358000000,
    "ebitda": -860000000,
    "ebitdaratio": -0.0540574518,
    "operatingIncome": -448000000,
    "operatingIncomeRatio": -0.0281601609,
    "totalOtherIncomeExpensesNet": -902000000,
    "incomeBeforeTax": -1350000000,
    "incomeBeforeTaxRatio": -0.0848576278,
    "incomeTaxExpense": -624000000,
    "netIncome": -799000000,
    "netIncomeRatio": -0.0502231441,
    "eps": -1.82,
    "epsdiluted": -1.82,
    "weightedAverageShsOut": 438916000,
    "weightedAverageShsOutDil": 438916000,
    "link": "https://www.sec.gov/Archives/edgar/data/1534701/000153470120000154/0001534701-20-000154-index.htm",
    "finalLink": "https://www.sec.gov/Archives/edgar/data/1534701/000153470120000154/psx-20200930.htm"
  },
  {
    "date": "2020-06-30",
    "symbol": "PSX",
    "reportedCurrency": "USD",
    "cik": "0001534701",
    "fillingDate": "2020-07-31",
    "acceptedDate": "2020-07-31 15:00:27",
    "calendarYear": "2020",
    "period": "Q2",
    "revenue": 11093000000,
    "costOfRevenue": 10858000000,
    "grossProfit": 235000000,
    "grossProfitRatio": 0.0211845308,
    "researchAndDevelopmentExpenses": 0,
    "generalAndAdministrativeExpenses": 0,
    "sellingAndMarketingExpenses": 0,
    "sellingGeneralAndAdministrativeExpenses": 409000000,
    "otherExpenses": 114000000,
    "operatingExpenses": 523000000,
    "costAndExpenses": 11381000000,
    "interestIncome": 0,
    "interestExpense": 117000000,
    "depreciationAndAmortization": 348000000,
    "ebitda": 20000000,
    "ebitdaratio": 0.0018029388,
    "operatingIncome": -288000000,
    "operatingIncomeRatio": -0.0259623186,
    "totalOtherIncomeExpensesNet": -157000000,
    "incomeBeforeTax": -445000000,
    "incomeBeforeTaxRatio": -0.0401153881,
    "incomeTaxExpense": -378000000,
    "netIncome": -141000000,
    "netIncomeRatio": -0.0127107185,
    "eps": -0.33,
    "epsdiluted": -0.32,
    "weightedAverageShsOut": 433333333,
    "weightedAverageShsOutDil": 438756000,
    "link": "https://www.sec.gov/Archives/edgar/data/1534701/000153470120000120/0001534701-20-000120-index.htm",
    "finalLink": "https://www.sec.gov/Archives/edgar/data/1534701/000153470120000120/psx-20200630.htm"
  },
  {
    "date": "2020-03-31",
    "symbol": "PSX",
    "reportedCurrency": "USD",
    "cik": "0001534701",
    "fillingDate": "2020-05-01",
    "acceptedDate": "2020-05-01 15:00:34",
    "calendarYear": "2020",
    "period": "Q1",
    "revenue": 20199000000,
    "costOfRevenue": 20570000000,
    "grossProfit": -371000000,
    "grossProfitRatio": -0.0183672459,
    "researchAndDevelopmentExpenses": 0,
    "generalAndAdministrativeExpenses": 319000000,
    "sellingAndMarketingExpenses": 0,
    "sellingGeneralAndAdministrativeExpenses": 319000000,
    "otherExpenses": 157000000,
    "operatingExpenses": 476000000,
    "costAndExpenses": 21046000000,
    "interestIncome": 0,
    "interestExpense": 111000000,
    "depreciationAndAmortization": 348000000,
    "ebitda": -2019000000,
    "ebitdaratio": -0.0999554433,
    "operatingIncome": -847000000,
    "operatingIncomeRatio": -0.0419327689,
    "totalOtherIncomeExpensesNet": -1631000000,
    "incomeBeforeTax": -2478000000,
    "incomeBeforeTaxRatio": -0.1226793406,
    "incomeTaxExpense": -51000000,
    "netIncome": -2496000000,
    "netIncomeRatio": -0.1235704738,
    "eps": -5.66,
    "epsdiluted": -5.66,
    "weightedAverageShsOut": 441344003,
    "weightedAverageShsOutDil": 441345000,
    "link": "https://www.sec.gov/Archives/edgar/data/1534701/000153470120000085/0001534701-20-000085-index.htm",
    "finalLink": "https://www.sec.gov/Archives/edgar/data/1534701/000153470120000085/psx-202033110q.htm"
  },
  {
    "date": "2019-12-31",
    "symbol": "PSX",
    "reportedCurrency": "USD",
    "cik": "0001534701",
    "fillingDate": "2020-02-21",
    "acceptedDate": "2020-02-21 15:05:37",
    "calendarYear": "2019",
    "period": "Q4",
    "revenue": 29186000000,
    "costOfRevenue": 28058000000,
    "grossProfit": 1128000000,
    "grossProfitRatio": 0.0386486672,
    "researchAndDevelopmentExpenses": 0,
    "generalAndAdministrativeExpenses": 491000000,
    "sellingAndMarketingExpenses": 0,
    "sellingGeneralAndAdministrativeExpenses": 491000000,
    "otherExpenses": -79000000,
    "operatingExpenses": 570000000,
    "costAndExpenses": 28628000000,
    "interestIncome": 0,
    "interestExpense": 115000000,
    "depreciationAndAmortization": 346000000,
    "ebitda": 1527000000,
    "ebitdaratio": 0.0523196053,
    "operatingIncome": 558000000,
    "operatingIncomeRatio": 0.0191187556,
    "totalOtherIncomeExpensesNet": 508000000,
    "incomeBeforeTax": 1066000000,
    "incomeBeforeTaxRatio": 0.036524361,
    "incomeTaxExpense": 256000000,
    "netIncome": 736000000,
    "netIncomeRatio": 0.0252175701,
    "eps": 1.65,
    "epsdiluted": 1.64,
    "weightedAverageShsOut": 445332000,
    "weightedAverageShsOutDil": 447835000,
    "link": "https://www.sec.gov/Archives/edgar/data/1534701/000153470120000070/0001534701-20-000070-index.htm",
    "finalLink": "https://www.sec.gov/Archives/edgar/data/1534701/000153470120000070/psx-2019123110k.htm"
  },
  {
    "date": "2019-09-30",
    "symbol": "PSX",
    "reportedCurrency": "USD",
    "cik": "0001534701",
    "fillingDate": "2019-10-25",
    "acceptedDate": "2019-10-25 15:50:39",
    "calendarYear": "2019",
    "period": "Q3",
    "revenue": 27147000000,
    "costOfRevenue": 25414000000,
    "grossProfit": 1733000000,
    "grossProfitRatio": 0.0638376248,
    "researchAndDevelopmentExpenses": 0,
    "generalAndAdministrativeExpenses": 416000000,
    "sellingAndMarketingExpenses": 0,
    "sellingGeneralAndAdministrativeExpenses": 416000000,
    "otherExpenses": -105000000,
    "operatingExpenses": 521000000,
    "costAndExpenses": 25935000000,
    "interestIncome": 0,
    "interestExpense": 109000000,
    "depreciationAndAmortization": 342000000,
    "ebitda": 1394000000,
    "ebitdaratio": 0.0513500571,
    "operatingIncome": 1212000000,
    "operatingIncomeRatio": 0.0446458172,
    "totalOtherIncomeExpensesNet": -269000000,
    "incomeBeforeTax": 943000000,
    "incomeBeforeTaxRatio": 0.0347368033,
    "incomeTaxExpense": 150000000,
    "netIncome": 712000000,
    "netIncomeRatio": 0.0262275758,
    "eps": 1.58,
    "epsdiluted": 1.58,
    "weightedAverageShsOut": 449005000,
    "weightedAverageShsOutDil": 451001000,
    "link": "https://www.sec.gov/Archives/edgar/data/1534701/000153470119000135/0001534701-19-000135-index.htm",
    "finalLink": "https://www.sec.gov/Archives/edgar/data/1534701/000153470119000135/psx-201993010q.htm"
  },
  {
    "date": "2019-06-30",
    "symbol": "PSX",
    "reportedCurrency": "USD",
    "cik": "0001534701",
    "fillingDate": "2019-07-26",
    "acceptedDate": "2019-07-26 15:24:11",
    "calendarYear": "2019",
    "period": "Q2",
    "revenue": 27830000000,
    "costOfRevenue": 26112000000,
    "grossProfit": 1718000000,
    "grossProfitRatio": 0.0617319439,
    "researchAndDevelopmentExpenses": 0,
    "generalAndAdministrativeExpenses": 408000000,
    "sellingAndMarketingExpenses": 0,
    "sellingGeneralAndAdministrativeExpenses": 408000000,
    "otherExpenses": -97000000,
    "operatingExpenses": 505000000,
    "costAndExpenses": 26617000000,
    "interestIncome": 0,
    "interestExpense": 115000000,
    "depreciationAndAmortization": 339000000,
    "ebitda": 2283000000,
    "ebitdaratio": 0.0820337765,
    "operatingIncome": 1213000000,
    "operatingIncomeRatio": 0.0435860582,
    "totalOtherIncomeExpensesNet": 616000000,
    "incomeBeforeTax": 1829000000,
    "incomeBeforeTaxRatio": 0.0657204456,
    "incomeTaxExpense": 325000000,
    "netIncome": 1424000000,
    "netIncomeRatio": 0.0511678045,
    "eps": 3.13,
    "epsdiluted": 3.12,
    "weightedAverageShsOut": 453681000,
    "weightedAverageShsOutDil": 455585000,
    "link": "https://www.sec.gov/Archives/edgar/data/1534701/000153470119000095/0001534701-19-000095-index.htm",
    "finalLink": "https://www.sec.gov/Archives/edgar/data/1534701/000153470119000095/psx-201963010q.htm"
  },
  {
    "date": "2019-03-31",
    "symbol": "PSX",
    "reportedCurrency": "USD",
    "cik": "0001534701",
    "fillingDate": "2019-04-30",
    "acceptedDate": "2019-04-30 15:48:19",
    "calendarYear": "2019",
    "period": "Q1",
    "revenue": 23280000000,
    "costOfRevenue": 22544000000,
    "grossProfit": 736000000,
    "grossProfitRatio": 0.0316151203,
    "researchAndDevelopmentExpenses": 0,
    "generalAndAdministrativeExpenses": 366000000,
    "sellingAndMarketingExpenses": 0,
    "sellingGeneralAndAdministrativeExpenses": 366000000,
    "otherExpenses": -128000000,
    "operatingExpenses": 494000000,
    "costAndExpenses": 23038000000,
    "interestIncome": 0,
    "interestExpense": 119000000,
    "depreciationAndAmortization": 337000000,
    "ebitda": 796000000,
    "ebitdaratio": 0.0341924399,
    "operatingIncome": 242000000,
    "operatingIncomeRatio": 0.010395189,
    "totalOtherIncomeExpensesNet": 98000000,
    "incomeBeforeTax": 340000000,
    "incomeBeforeTaxRatio": 0.014604811,
    "incomeTaxExpense": 70000000,
    "netIncome": 204000000,
    "netIncomeRatio": 0.0087628866,
    "eps": 0.44,
    "epsdiluted": 0.44,
    "weightedAverageShsOut": 457599000,
    "weightedAverageShsOutDil": 459289000,
    "link": "https://www.sec.gov/Archives/edgar/data/1534701/000153470119000072/0001534701-19-000072-index.htm",
    "finalLink": "https://www.sec.gov/Archives/edgar/data/1534701/000153470119000072/psx-2019331_10q.htm"
  },
  {
    "date": "2018-12-31",
    "symbol": "PSX",
    "reportedCurrency": "USD",
    "cik": "0001534701",
    "fillingDate": "2019-02-22",
    "acceptedDate": "2019-02-22 13:29:34",
    "calendarYear": "2018",
    "period": "Q4",
    "revenue": 28679000000,
    "costOfRevenue": 26535000000,
    "grossProfit": 2144000000,
    "grossProfitRatio": 0.0747585341,
    "researchAndDevelopmentExpenses": 0,
    "generalAndAdministrativeExpenses": 419000000,
    "sellingAndMarketingExpenses": 0,
    "sellingGeneralAndAdministrativeExpenses": 419000000,
    "otherExpenses": -97000000,
    "operatingExpenses": 516000000,
    "costAndExpenses": 27051000000,
    "interestIncome": 0,
    "interestExpense": 121000000,
    "depreciationAndAmortization": 343000000,
    "ebitda": 3382000000,
    "ebitdaratio": 0.1179260086,
    "operatingIncome": 1628000000,
    "operatingIncomeRatio": 0.056766275,
    "totalOtherIncomeExpensesNet": 1290000000,
    "incomeBeforeTax": 2918000000,
    "incomeBeforeTaxRatio": 0.1017469228,
    "incomeTaxExpense": 602000000,
    "netIncome": 2240000000,
    "netIncomeRatio": 0.0781059312,
    "eps": 4.85,
    "epsdiluted": 4.82,
    "weightedAverageShsOut": 461651000,
    "weightedAverageShsOutDil": 464406000,
    "link": "https://www.sec.gov/Archives/edgar/data/1534701/000153470119000063/0001534701-19-000063-index.htm",
    "finalLink": "https://www.sec.gov/Archives/edgar/data/1534701/000153470119000063/psx-20181231_10k.htm"
  },
  {
    "date": "2018-09-30",
    "symbol": "PSX",
    "reportedCurrency": "USD",
    "cik": "0001534701",
    "fillingDate": "2018-10-26",
    "acceptedDate": "2018-10-26 15:30:44",
    "calendarYear": "2018",
    "period": "Q3",
    "revenue": 29886000000,
    "costOfRevenue": 27804000000,
    "grossProfit": 2082000000,
    "grossProfitRatio": 0.069664726,
    "researchAndDevelopmentExpenses": 0,
    "generalAndAdministrativeExpenses": 440000000,
    "sellingAndMarketingExpenses": 0,
    "sellingGeneralAndAdministrativeExpenses": 440000000,
    "otherExpenses": -109000000,
    "operatingExpenses": 549000000,
    "costAndExpenses": 28353000000,
    "interestIncome": 0,
    "interestExpense": 125000000,
    "depreciationAndAmortization": 351000000,
    "ebitda": 2451000000,
    "ebitdaratio": 0.0820116442,
    "operatingIncome": 1533000000,
    "operatingIncomeRatio": 0.0512949207,
    "totalOtherIncomeExpensesNet": 442000000,
    "incomeBeforeTax": 1975000000,
    "incomeBeforeTaxRatio": 0.0660844543,
    "incomeTaxExpense": 407000000,
    "netIncome": 1492000000,
    "netIncomeRatio": 0.0499230409,
    "eps": 3.2,
    "epsdiluted": 3.18,
    "weightedAverageShsOut": 466109000,
    "weightedAverageShsOutDil": 469440000,
    "link": "https://www.sec.gov/Archives/edgar/data/1534701/000153470118000109/0001534701-18-000109-index.htm",
    "finalLink": "https://www.sec.gov/Archives/edgar/data/1534701/000153470118000109/psx-2018930_10q.htm"
  },
  {
    "date": "2018-06-30",
    "symbol": "PSX",
    "reportedCurrency": "USD",
    "cik": "0001534701",
    "fillingDate": "2018-07-27",
    "acceptedDate": "2018-07-27 15:24:35",
    "calendarYear": "2018",
    "period": "Q2",
    "revenue": 29117000000,
    "costOfRevenue": 27092000000,
    "grossProfit": 2025000000,
    "grossProfitRatio": 0.069547,
    "researchAndDevelopmentExpenses": 0,
    "generalAndAdministrativeExpenses": 432000000,
    "sellingAndMarketingExpenses": 0,
    "sellingGeneralAndAdministrativeExpenses": 432000000,
    "otherExpenses": -109000000,
    "operatingExpenses": 541000000,
    "costAndExpenses": 27633000000,
    "interestIncome": 0,
    "interestExpense": 135000000,
    "depreciationAndAmortization": 343000000,
    "ebitda": 2313000000,
    "ebitdaratio": 0.0794381289,
    "operatingIncome": 1484000000,
    "operatingIncomeRatio": 0.0509667892,
    "totalOtherIncomeExpensesNet": 351000000,
    "incomeBeforeTax": 1835000000,
    "incomeBeforeTaxRatio": 0.0630216025,
    "incomeTaxExpense": 431000000,
    "netIncome": 1339000000,
    "netIncomeRatio": 0.0459868805,
    "eps": 2.86,
    "epsdiluted": 2.84,
    "weightedAverageShsOut": 468331000,
    "weightedAverageShsOutDil": 471638000,
    "link": "https://www.sec.gov/Archives/edgar/data/1534701/000153470118000094/0001534701-18-000094-index.htm",
    "finalLink": "https://www.sec.gov/Archives/edgar/data/1534701/000153470118000094/psx-2018630_10q.htm"
  },
  {
    "date": "2018-03-31",
    "symbol": "PSX",
    "reportedCurrency": "USD",
    "cik": "0001534701",
    "fillingDate": "2018-04-27",
    "acceptedDate": "2018-04-27 16:30:24",
    "calendarYear": "2018",
    "period": "Q1",
    "revenue": 23587000000,
    "costOfRevenue": 22694000000,
    "grossProfit": 893000000,
    "grossProfitRatio": 0.037859838,
    "researchAndDevelopmentExpenses": 0,
    "generalAndAdministrativeExpenses": 386000000,
    "sellingAndMarketingExpenses": 0,
    "sellingGeneralAndAdministrativeExpenses": 386000000,
    "otherExpenses": -110000000,
    "operatingExpenses": 496000000,
    "costAndExpenses": 23190000000,
    "interestIncome": 0,
    "interestExpense": 123000000,
    "depreciationAndAmortization": 342000000,
    "ebitda": 1182000000,
    "ebitdaratio": 0.05011235,
    "operatingIncome": 397000000,
    "operatingIncomeRatio": 0.0168313054,
    "totalOtherIncomeExpensesNet": 320000000,
    "incomeBeforeTax": 717000000,
    "incomeBeforeTaxRatio": 0.0303981006,
    "incomeTaxExpense": 132000000,
    "netIncome": 524000000,
    "netIncomeRatio": 0.0222156273,
    "eps": 1.07,
    "epsdiluted": 1.07,
    "weightedAverageShsOut": 487065000,
    "weightedAverageShsOutDil": 489668000,
    "link": "https://www.sec.gov/Archives/edgar/data/1534701/000153470118000071/0001534701-18-000071-index.htm",
    "finalLink": "https://www.sec.gov/Archives/edgar/data/1534701/000153470118000071/psx-2018331_10q.htm"
  },
  {
    "date": "2017-12-31",
    "symbol": "PSX",
    "reportedCurrency": "USD",
    "cik": "0001534701",
    "fillingDate": "2018-02-23",
    "acceptedDate": "2018-02-23 12:22:21",
    "calendarYear": "2017",
    "period": "Q4",
    "revenue": 26502000000,
    "costOfRevenue": 25422000000,
    "grossProfit": 1080000000,
    "grossProfitRatio": 0.0407516414,
    "researchAndDevelopmentExpenses": 0,
    "generalAndAdministrativeExpenses": 437000000,
    "sellingAndMarketingExpenses": 0,
    "sellingGeneralAndAdministrativeExpenses": 437000000,
    "otherExpenses": -104000000,
    "operatingExpenses": 541000000,
    "costAndExpenses": 25963000000,
    "interestIncome": 0,
    "interestExpense": 114000000,
    "depreciationAndAmortization": 352000000,
    "ebitda": 1120000000,
    "ebitdaratio": 0.0422609614,
    "operatingIncome": 539000000,
    "operatingIncomeRatio": 0.0203380877,
    "totalOtherIncomeExpensesNet": 115000000,
    "incomeBeforeTax": 654000000,
    "incomeBeforeTaxRatio": 0.0246773828,
    "incomeTaxExpense": -2601000000,
    "netIncome": 3198000000,
    "netIncomeRatio": 0.1206701381,
    "eps": 6.29,
    "epsdiluted": 6.25,
    "weightedAverageShsOut": 508148000,
    "weightedAverageShsOutDil": 511352000,
    "link": "https://www.sec.gov/Archives/edgar/data/1534701/000153470118000065/0001534701-18-000065-index.htm",
    "finalLink": "https://www.sec.gov/Archives/edgar/data/1534701/000153470118000065/psx-20171231_10k.htm"
  },
  {
    "date": "2017-09-30",
    "symbol": "PSX",
    "reportedCurrency": "USD",
    "cik": "0001534701",
    "fillingDate": "2017-10-27",
    "acceptedDate": "2017-10-27 15:41:16",
    "calendarYear": "2017",
    "period": "Q3",
    "revenue": 21995000000,
    "costOfRevenue": 21050000000,
    "grossProfit": 945000000,
    "grossProfitRatio": 0.0429643101,
    "researchAndDevelopmentExpenses": 0,
    "generalAndAdministrativeExpenses": 435000000,
    "sellingAndMarketingExpenses": 0,
    "sellingGeneralAndAdministrativeExpenses": 435000000,
    "otherExpenses": -80000000,
    "operatingExpenses": 515000000,
    "costAndExpenses": 21565000000,
    "interestIncome": 0,
    "interestExpense": 112000000,
    "depreciationAndAmortization": 342000000,
    "ebitda": 1710000000,
    "ebitdaratio": 0.077744942,
    "operatingIncome": 430000000,
    "operatingIncomeRatio": 0.0195498977,
    "totalOtherIncomeExpensesNet": 826000000,
    "incomeBeforeTax": 1256000000,
    "incomeBeforeTaxRatio": 0.0571038872,
    "incomeTaxExpense": 407000000,
    "netIncome": 823000000,
    "netIncomeRatio": 0.0374175949,
    "eps": 1.6,
    "epsdiluted": 1.6,
    "weightedAverageShsOut": 512923000,
    "weightedAverageShsOutDil": 515960000,
    "link": "https://www.sec.gov/Archives/edgar/data/1534701/000153470117000105/0001534701-17-000105-index.htm",
    "finalLink": "https://www.sec.gov/Archives/edgar/data/1534701/000153470117000105/psx-2017930_10q.htm"
  },
  {
    "date": "2017-06-30",
    "symbol": "PSX",
    "reportedCurrency": "USD",
    "cik": "0001534701",
    "fillingDate": "2017-08-01",
    "acceptedDate": "2017-08-01 15:57:29",
    "calendarYear": "2017",
    "period": "Q2",
    "revenue": 20748000000,
    "costOfRevenue": 19898000000,
    "grossProfit": 850000000,
    "grossProfitRatio": 0.0409678041,
    "researchAndDevelopmentExpenses": 0,
    "generalAndAdministrativeExpenses": 439000000,
    "sellingAndMarketingExpenses": 0,
    "sellingGeneralAndAdministrativeExpenses": 439000000,
    "otherExpenses": -104000000,
    "operatingExpenses": 543000000,
    "costAndExpenses": 20441000000,
    "interestIncome": 0,
    "interestExpense": 107000000,
    "depreciationAndAmortization": 326000000,
    "ebitda": 1281000000,
    "ebitdaratio": 0.0617408907,
    "operatingIncome": 307000000,
    "operatingIncomeRatio": 0.0147966069,
    "totalOtherIncomeExpensesNet": 541000000,
    "incomeBeforeTax": 848000000,
    "incomeBeforeTaxRatio": 0.0408714093,
    "incomeTaxExpense": 267000000,
    "netIncome": 550000000,
    "netIncomeRatio": 0.0265085791,
    "eps": 1.06,
    "epsdiluted": 1.06,
    "weightedAverageShsOut": 517785000,
    "weightedAverageShsOutDil": 520160000,
    "link": "https://www.sec.gov/Archives/edgar/data/1534701/000153470117000083/0001534701-17-000083-index.htm",
    "finalLink": "https://www.sec.gov/Archives/edgar/data/1534701/000153470117000083/psx-2017630_10q.htm"
  },
  {
    "date": "2017-03-31",
    "symbol": "PSX",
    "reportedCurrency": "USD",
    "cik": "0001534701",
    "fillingDate": "2017-05-05",
    "acceptedDate": "2017-05-05 11:18:18",
    "calendarYear": "2017",
    "period": "Q1",
    "revenue": 19790000000,
    "costOfRevenue": 19314000000,
    "grossProfit": 476000000,
    "grossProfitRatio": 0.0240525518,
    "researchAndDevelopmentExpenses": 0,
    "generalAndAdministrativeExpenses": 384000000,
    "sellingAndMarketingExpenses": 0,
    "sellingGeneralAndAdministrativeExpenses": 384000000,
    "otherExpenses": -120000000,
    "operatingExpenses": 504000000,
    "costAndExpenses": 19818000000,
    "interestIncome": 0,
    "interestExpense": 105000000,
    "depreciationAndAmortization": 320000000,
    "ebitda": 1222000000,
    "ebitdaratio": 0.0617483578,
    "operatingIncome": -28000000,
    "operatingIncomeRatio": -0.001414856,
    "totalOtherIncomeExpensesNet": 825000000,
    "incomeBeforeTax": 797000000,
    "incomeBeforeTaxRatio": 0.0402728651,
    "incomeTaxExpense": 234000000,
    "netIncome": 535000000,
    "netIncomeRatio": 0.0270338555,
    "eps": 1.02,
    "epsdiluted": 1.02,
    "weightedAverageShsOut": 521647000,
    "weightedAverageShsOutDil": 524520000,
    "link": "https://www.sec.gov/Archives/edgar/data/1534701/000153470117000074/0001534701-17-000074-index.htm",
    "finalLink": "https://www.sec.gov/Archives/edgar/data/1534701/000153470117000074/psx-2017331_10q.htm"
  },
  {
    "date": "2016-12-31",
    "symbol": "PSX",
    "reportedCurrency": "USD",
    "cik": "0001534701",
    "fillingDate": "2017-02-17",
    "acceptedDate": "2017-02-17 12:47:19",
    "calendarYear": "2016",
    "period": "Q4",
    "revenue": 20418000000,
    "costOfRevenue": 19914000000,
    "grossProfit": 504000000,
    "grossProfitRatio": 0.0246841023,
    "researchAndDevelopmentExpenses": 0,
    "generalAndAdministrativeExpenses": 420000000,
    "sellingAndMarketingExpenses": 0,
    "sellingGeneralAndAdministrativeExpenses": 420000000,
    "otherExpenses": -53000000,
    "operatingExpenses": 473000000,
    "costAndExpenses": 20387000000,
    "interestIncome": 0,
    "interestExpense": 88000000,
    "depreciationAndAmortization": 311000000,
    "ebitda": 461000000,
    "ebitdaratio": 0.0225781173,
    "operatingIncome": 31000000,
    "operatingIncomeRatio": 0.0015182682,
    "totalOtherIncomeExpensesNet": 31000000,
    "incomeBeforeTax": 62000000,
    "incomeBeforeTaxRatio": 0.0030365364,
    "incomeTaxExpense": -132000000,
    "netIncome": 163000000,
    "netIncomeRatio": 0.0079831521,
    "eps": 0.31,
    "epsdiluted": 0.31,
    "weightedAverageShsOut": 524200000,
    "weightedAverageShsOutDil": 526279000,
    "link": "https://www.sec.gov/Archives/edgar/data/1534701/000153470117000051/0001534701-17-000051-index.htm",
    "finalLink": "https://www.sec.gov/Archives/edgar/data/1534701/000153470117000051/psx-20161231_10k.htm"
  },
  {
    "date": "2016-09-30",
    "symbol": "PSX",
    "reportedCurrency": "USD",
    "cik": "0001534701",
    "fillingDate": "2016-10-28",
    "acceptedDate": "2016-10-28 15:04:17",
    "calendarYear": "2016",
    "period": "Q3",
    "revenue": 18273000000,
    "costOfRevenue": 17356000000,
    "grossProfit": 917000000,
    "grossProfitRatio": 0.0501833306,
    "researchAndDevelopmentExpenses": 0,
    "generalAndAdministrativeExpenses": 411000000,
    "sellingAndMarketingExpenses": 0,
    "sellingGeneralAndAdministrativeExpenses": 411000000,
    "otherExpenses": -67000000,
    "operatingExpenses": 478000000,
    "costAndExpenses": 17834000000,
    "interestIncome": 0,
    "interestExpense": 81000000,
    "depreciationAndAmortization": 298000000,
    "ebitda": 1192000000,
    "ebitdaratio": 0.0652328572,
    "operatingIncome": 439000000,
    "operatingIncomeRatio": 0.024024517,
    "totalOtherIncomeExpensesNet": 374000000,
    "incomeBeforeTax": 813000000,
    "incomeBeforeTaxRatio": 0.0444918733,
    "incomeTaxExpense": 277000000,
    "netIncome": 511000000,
    "netIncomeRatio": 0.0279647567,
    "eps": 0.97,
    "epsdiluted": 0.96,
    "weightedAverageShsOut": 525991000,
    "weightedAverageShsOutDil": 528798000,
    "link": "https://www.sec.gov/Archives/edgar/data/1534701/000153470116000175/0001534701-16-000175-index.htm",
    "finalLink": "https://www.sec.gov/Archives/edgar/data/1534701/000153470116000175/psx-2016930_10q.htm"
  },
  {
    "date": "2016-06-30",
    "symbol": "PSX",
    "reportedCurrency": "USD",
    "cik": "0001534701",
    "fillingDate": "2016-07-29",
    "acceptedDate": "2016-07-29 15:59:55",
    "calendarYear": "2016",
    "period": "Q2",
    "revenue": 21849000000,
    "costOfRevenue": 16488000000,
    "grossProfit": 5361000000,
    "grossProfitRatio": 0.2453659206,
    "researchAndDevelopmentExpenses": 0,
    "generalAndAdministrativeExpenses": 421000000,
    "sellingAndMarketingExpenses": 0,
    "sellingGeneralAndAdministrativeExpenses": 421000000,
    "otherExpenses": 17000000,
    "operatingExpenses": 5009000000,
    "costAndExpenses": 21497000000,
    "interestIncome": 0,
    "interestExpense": 88000000,
    "depreciationAndAmortization": 290000000,
    "ebitda": 1098000000,
    "ebitdaratio": 0.0502540162,
    "operatingIncome": 352000000,
    "operatingIncomeRatio": 0.0161105771,
    "totalOtherIncomeExpensesNet": 368000000,
    "incomeBeforeTax": 720000000,
    "incomeBeforeTaxRatio": 0.0329534532,
    "incomeTaxExpense": 204000000,
    "netIncome": 496000000,
    "netIncomeRatio": 0.0227012678,
    "eps": 0.94,
    "epsdiluted": 0.93,
    "weightedAverageShsOut": 528247000,
    "weightedAverageShsOutDil": 531060000,
    "link": "https://www.sec.gov/Archives/edgar/data/1534701/000153470116000153/0001534701-16-000153-index.htm",
    "finalLink": "https://www.sec.gov/Archives/edgar/data/1534701/000153470116000153/psx-2016630_10q.htm"
  },
  {
    "date": "2016-03-31",
    "symbol": "PSX",
    "reportedCurrency": "USD",
    "cik": "0001534701",
    "fillingDate": "2016-04-29",
    "acceptedDate": "2016-04-29 15:36:06",
    "calendarYear": "2016",
    "period": "Q1",
    "revenue": 17409000000,
    "costOfRevenue": 12210000000,
    "grossProfit": 5199000000,
    "grossProfitRatio": 0.2986386352,
    "researchAndDevelopmentExpenses": 0,
    "generalAndAdministrativeExpenses": 386000000,
    "sellingAndMarketingExpenses": 0,
    "sellingGeneralAndAdministrativeExpenses": 386000000,
    "otherExpenses": 18000000,
    "operatingExpenses": 4870000000,
    "costAndExpenses": 17080000000,
    "interestIncome": 0,
    "interestExpense": 91000000,
    "depreciationAndAmortization": 280000000,
    "ebitda": 967000000,
    "ebitdaratio": 0.055545982,
    "operatingIncome": 329000000,
    "operatingIncomeRatio": 0.018898271,
    "totalOtherIncomeExpensesNet": 267000000,
    "incomeBeforeTax": 596000000,
    "incomeBeforeTaxRatio": 0.0342351657,
    "incomeTaxExpense": 198000000,
    "netIncome": 385000000,
    "netIncomeRatio": 0.022114998,
    "eps": 0.72,
    "epsdiluted": 0.72,
    "weightedAverageShsOut": 531739000,
    "weightedAverageShsOutDil": 534709000,
    "link": "https://www.sec.gov/Archives/edgar/data/1534701/000153470116000130/0001534701-16-000130-index.htm",
    "finalLink": "https://www.sec.gov/Archives/edgar/data/1534701/000153470116000130/psx-2016331_10q.htm"
  },
  {
    "date": "2015-12-31",
    "symbol": "PSX",
    "reportedCurrency": "USD",
    "cik": "0001534701",
    "fillingDate": "2016-02-19",
    "acceptedDate": "2016-02-19 15:39:55",
    "calendarYear": "2015",
    "period": "Q4",
    "revenue": 21893000000,
    "costOfRevenue": 16152000000,
    "grossProfit": 5741000000,
    "grossProfitRatio": 0.2622299365,
    "researchAndDevelopmentExpenses": 65000000,
    "generalAndAdministrativeExpenses": 433000000,
    "sellingAndMarketingExpenses": 0,
    "sellingGeneralAndAdministrativeExpenses": 433000000,
    "otherExpenses": 9000000,
    "operatingExpenses": 4963000000,
    "costAndExpenses": 21115000000,
    "interestIncome": 27000000,
    "interestExpense": 79000000,
    "depreciationAndAmortization": 281000000,
    "ebitda": 1192000000,
    "ebitdaratio": 0.0544466268,
    "operatingIncome": 778000000,
    "operatingIncomeRatio": 0.0355364728,
    "totalOtherIncomeExpensesNet": 54000000,
    "incomeBeforeTax": 832000000,
    "incomeBeforeTaxRatio": 0.0380030147,
    "incomeTaxExpense": 166000000,
    "netIncome": 650000000,
    "netIncomeRatio": 0.0296898552,
    "eps": 1.21,
    "epsdiluted": 1.2,
    "weightedAverageShsOut": 536399000,
    "weightedAverageShsOutDil": 540245000,
    "link": "https://www.sec.gov/Archives/edgar/data/1534701/000153470116000119/0001534701-16-000119-index.htm",
    "finalLink": "https://www.sec.gov/Archives/edgar/data/1534701/000153470116000119/psx-20151231_10k.htm"
  },
  {
    "date": "2015-09-30",
    "symbol": "PSX",
    "reportedCurrency": "USD",
    "cik": "0001534701",
    "fillingDate": "2015-10-30",
    "acceptedDate": "2015-10-30 15:12:58",
    "calendarYear": "2015",
    "period": "Q3",
    "revenue": 25792000000,
    "costOfRevenue": 18850000000,
    "grossProfit": 6942000000,
    "grossProfitRatio": 0.2691532258,
    "researchAndDevelopmentExpenses": 0,
    "generalAndAdministrativeExpenses": 437000000,
    "sellingAndMarketingExpenses": 0,
    "sellingGeneralAndAdministrativeExpenses": 437000000,
    "otherExpenses": 20000000,
    "operatingExpenses": 5130000000,
    "costAndExpenses": 23980000000,
    "interestIncome": 0,
    "interestExpense": 76000000,
    "depreciationAndAmortization": 270000000,
    "ebitda": 2705000000,
    "ebitdaratio": 0.1048774814,
    "operatingIncome": 1741000000,
    "operatingIncomeRatio": 0.0675015509,
    "totalOtherIncomeExpensesNet": 547000000,
    "incomeBeforeTax": 2359000000,
    "incomeBeforeTaxRatio": 0.091462469,
    "incomeTaxExpense": 767000000,
    "netIncome": 1578000000,
    "netIncomeRatio": 0.0611817618,
    "eps": 2.92,
    "epsdiluted": 2.9,
    "weightedAverageShsOut": 540357000,
    "weightedAverageShsOutDil": 544696000,
    "link": "https://www.sec.gov/Archives/edgar/data/1534701/000153470115000075/0001534701-15-000075-index.htm",
    "finalLink": "https://www.sec.gov/Archives/edgar/data/1534701/000153470115000075/psx-2015930_10q.htm"
  },
  {
    "date": "2015-06-30",
    "symbol": "PSX",
    "reportedCurrency": "USD",
    "cik": "0001534701",
    "fillingDate": "2015-07-31",
    "acceptedDate": "2015-07-31 15:26:45",
    "calendarYear": "2015",
    "period": "Q2",
    "revenue": 28512000000,
    "costOfRevenue": 22527000000,
    "grossProfit": 5985000000,
    "grossProfitRatio": 0.2099116162,
    "researchAndDevelopmentExpenses": 0,
    "generalAndAdministrativeExpenses": 406000000,
    "sellingAndMarketingExpenses": 0,
    "sellingGeneralAndAdministrativeExpenses": 406000000,
    "otherExpenses": 19000000,
    "operatingExpenses": 4998000000,
    "costAndExpenses": 27525000000,
    "interestIncome": 0,
    "interestExpense": 85000000,
    "depreciationAndAmortization": 274000000,
    "ebitda": 1824000000,
    "ebitdaratio": 0.063973064,
    "operatingIncome": 987000000,
    "operatingIncomeRatio": 0.0346170034,
    "totalOtherIncomeExpensesNet": 478000000,
    "incomeBeforeTax": 1465000000,
    "incomeBeforeTaxRatio": 0.0513818743,
    "incomeTaxExpense": 440000000,
    "netIncome": 1012000000,
    "netIncomeRatio": 0.0354938272,
    "eps": 1.85,
    "epsdiluted": 1.84,
    "weightedAverageShsOut": 544617000,
    "weightedAverageShsOutDil": 548926000,
    "link": "https://www.sec.gov/Archives/edgar/data/1534701/000153470115000066/0001534701-15-000066-index.htm",
    "finalLink": "https://www.sec.gov/Archives/edgar/data/1534701/000153470115000066/psx-2015630_10q.htm"
  },
  {
    "date": "2015-03-31",
    "symbol": "PSX",
    "reportedCurrency": "USD",
    "cik": "0001534701",
    "fillingDate": "2015-05-01",
    "acceptedDate": "2015-05-01 11:39:42",
    "calendarYear": "2015",
    "period": "Q1",
    "revenue": 22778000000,
    "costOfRevenue": 16948000000,
    "grossProfit": 5830000000,
    "grossProfitRatio": 0.2559487225,
    "researchAndDevelopmentExpenses": 0,
    "generalAndAdministrativeExpenses": 394000000,
    "sellingAndMarketingExpenses": 0,
    "sellingGeneralAndAdministrativeExpenses": 394000000,
    "otherExpenses": 70000000,
    "operatingExpenses": 4950000000,
    "costAndExpenses": 21898000000,
    "interestIncome": 0,
    "interestExpense": 91000000,
    "depreciationAndAmortization": 253000000,
    "ebitda": 1732000000,
    "ebitdaratio": 0.0760382826,
    "operatingIncome": 880000000,
    "operatingIncomeRatio": 0.0386337694,
    "totalOtherIncomeExpensesNet": 508000000,
    "incomeBeforeTax": 1388000000,
    "incomeBeforeTaxRatio": 0.0609359909,
    "incomeTaxExpense": 391000000,
    "netIncome": 987000000,
    "netIncomeRatio": 0.0433312846,
    "eps": 1.8,
    "epsdiluted": 1.79,
    "weightedAverageShsOut": 548200000,
    "weightedAverageShsOutDil": 552337000,
    "link": "https://www.sec.gov/Archives/edgar/data/1534701/000153470115000049/0001534701-15-000049-index.htm",
    "finalLink": "https://www.sec.gov/Archives/edgar/data/1534701/000153470115000049/psx-2015331_10q.htm"
  },
  {
    "date": "2014-12-31",
    "symbol": "PSX",
    "reportedCurrency": "USD",
    "cik": "0001534701",
    "fillingDate": "2015-02-20",
    "acceptedDate": "2015-02-20 11:58:29",
    "calendarYear": "2014",
    "period": "Q4",
    "revenue": 34963000000,
    "costOfRevenue": 28722000000,
    "grossProfit": 6241000000,
    "grossProfitRatio": 0.1785029889,
    "researchAndDevelopmentExpenses": 62000000,
    "generalAndAdministrativeExpenses": 448000000,
    "sellingAndMarketingExpenses": 0,
    "sellingGeneralAndAdministrativeExpenses": 448000000,
    "otherExpenses": 61000000,
    "operatingExpenses": 5308000000,
    "costAndExpenses": 34030000000,
    "interestIncome": 21000000,
    "interestExpense": 79000000,
    "depreciationAndAmortization": 273000000,
    "ebitda": 1713000000,
    "ebitdaratio": 0.0489946515,
    "operatingIncome": 933000000,
    "operatingIncomeRatio": 0.0266853531,
    "totalOtherIncomeExpensesNet": 428000000,
    "incomeBeforeTax": 1361000000,
    "incomeBeforeTaxRatio": 0.0389268655,
    "incomeTaxExpense": 203000000,
    "netIncome": 1147000000,
    "netIncomeRatio": 0.0328061093,
    "eps": 2.07,
    "epsdiluted": 2.05,
    "weightedAverageShsOut": 554617000,
    "weightedAverageShsOutDil": 559023000,
    "link": "https://www.sec.gov/Archives/edgar/data/1534701/000153470115000038/0001534701-15-000038-index.htm",
    "finalLink": "https://www.sec.gov/Archives/edgar/data/1534701/000153470115000038/psx-20141231_10k.htm"
  },
  {
    "date": "2014-09-30",
    "symbol": "PSX",
    "reportedCurrency": "USD",
    "cik": "0001534701",
    "fillingDate": "2014-10-30",
    "acceptedDate": "2014-10-30 11:55:45",
    "calendarYear": "2014",
    "period": "Q3",
    "revenue": 40417000000,
    "costOfRevenue": 33851000000,
    "grossProfit": 6566000000,
    "grossProfitRatio": 0.1624563921,
    "researchAndDevelopmentExpenses": 0,
    "generalAndAdministrativeExpenses": 401000000,
    "sellingAndMarketingExpenses": 0,
    "sellingGeneralAndAdministrativeExpenses": 401000000,
    "otherExpenses": 11000000,
    "operatingExpenses": 5379000000,
    "costAndExpenses": 39230000000,
    "interestIncome": 0,
    "interestExpense": 66000000,
    "depreciationAndAmortization": 249000000,
    "ebitda": 2042000000,
    "ebitdaratio": 0.0505232947,
    "operatingIncome": 1187000000,
    "operatingIncomeRatio": 0.0293688299,
    "totalOtherIncomeExpensesNet": 540000000,
    "incomeBeforeTax": 1727000000,
    "incomeBeforeTaxRatio": 0.0427295445,
    "incomeTaxExpense": 538000000,
    "netIncome": 1180000000,
    "netIncomeRatio": 0.0291956355,
    "eps": 2.11,
    "epsdiluted": 2.09,
    "weightedAverageShsOut": 559492000,
    "weightedAverageShsOutDil": 564958000,
    "link": "https://www.sec.gov/Archives/edgar/data/1534701/000153470114000116/0001534701-14-000116-index.htm",
    "finalLink": "https://www.sec.gov/Archives/edgar/data/1534701/000153470114000116/psx-2014930_10q.htm"
  },
  {
    "date": "2014-06-30",
    "symbol": "PSX",
    "reportedCurrency": "USD",
    "cik": "0001534701",
    "fillingDate": "2014-07-31",
    "acceptedDate": "2014-07-31 12:17:53",
    "calendarYear": "2014",
    "period": "Q2",
    "revenue": 45549000000,
    "costOfRevenue": 39555000000,
    "grossProfit": 5994000000,
    "grossProfitRatio": 0.1315945465,
    "researchAndDevelopmentExpenses": 0,
    "generalAndAdministrativeExpenses": 412000000,
    "sellingAndMarketingExpenses": 0,
    "sellingGeneralAndAdministrativeExpenses": 412000000,
    "otherExpenses": 17000000,
    "operatingExpenses": 5321000000,
    "costAndExpenses": 44876000000,
    "interestIncome": 0,
    "interestExpense": 72000000,
    "depreciationAndAmortization": 239000000,
    "ebitda": 1670000000,
    "ebitdaratio": 0.0366638126,
    "operatingIncome": 673000000,
    "operatingIncomeRatio": 0.0147752969,
    "totalOtherIncomeExpensesNet": 686000000,
    "incomeBeforeTax": 1359000000,
    "incomeBeforeTaxRatio": 0.0298360008,
    "incomeTaxExpense": 487000000,
    "netIncome": 863000000,
    "netIncomeRatio": 0.0189466289,
    "eps": 1.52,
    "epsdiluted": 1.51,
    "weightedAverageShsOut": 565799000,
    "weightedAverageShsOutDil": 571285000,
    "link": "https://www.sec.gov/Archives/edgar/data/1534701/000153470114000100/0001534701-14-000100-index.htm",
    "finalLink": "https://www.sec.gov/Archives/edgar/data/1534701/000153470114000100/psx-2014630_10q.htm"
  },
  {
    "date": "2014-03-31",
    "symbol": "PSX",
    "reportedCurrency": "USD",
    "cik": "0001534701",
    "fillingDate": "2014-05-01",
    "acceptedDate": "2014-05-01 16:27:13",
    "calendarYear": "2014",
    "period": "Q1",
    "revenue": 40283000000,
    "costOfRevenue": 34615000000,
    "grossProfit": 5668000000,
    "grossProfitRatio": 0.1407045156,
    "researchAndDevelopmentExpenses": 0,
    "generalAndAdministrativeExpenses": 402000000,
    "sellingAndMarketingExpenses": 0,
    "sellingGeneralAndAdministrativeExpenses": 402000000,
    "otherExpenses": 31000000,
    "operatingExpenses": 5130000000,
    "costAndExpenses": 39745000000,
    "interestIncome": 0,
    "interestExpense": 74000000,
    "depreciationAndAmortization": 234000000,
    "ebitda": 1606000000,
    "ebitdaratio": 0.0398679344,
    "operatingIncome": 538000000,
    "operatingIncomeRatio": 0.0133555098,
    "totalOtherIncomeExpensesNet": 760000000,
    "incomeBeforeTax": 1298000000,
    "incomeBeforeTaxRatio": 0.0322220291,
    "incomeTaxExpense": 426000000,
    "netIncome": 1572000000,
    "netIncomeRatio": 0.0390239059,
    "eps": 2.69,
    "epsdiluted": 2.67,
    "weightedAverageShsOut": 584053000,
    "weightedAverageShsOutDil": 589575000,
    "link": "https://www.sec.gov/Archives/edgar/data/1534701/000153470114000061/0001534701-14-000061-index.htm",
    "finalLink": "https://www.sec.gov/Archives/edgar/data/1534701/000153470114000061/psx-2014331_10q.htm"
  },
  {
    "date": "2013-12-31",
    "symbol": "PSX",
    "reportedCurrency": "USD",
    "cik": "0001534701",
    "fillingDate": "2014-02-21",
    "acceptedDate": "2014-02-21 13:27:26",
    "calendarYear": "2013",
    "period": "Q4",
    "revenue": 43049000000,
    "costOfRevenue": 37271000000,
    "grossProfit": 5778000000,
    "grossProfitRatio": 0.1342191456,
    "researchAndDevelopmentExpenses": 57000,
    "generalAndAdministrativeExpenses": 418000000,
    "sellingAndMarketingExpenses": 16000000,
    "sellingGeneralAndAdministrativeExpenses": 434000000,
    "otherExpenses": 20000000,
    "operatingExpenses": 5308000000,
    "costAndExpenses": 42579000000,
    "interestIncome": 1000,
    "interestExpense": 74000000,
    "depreciationAndAmortization": 243000000,
    "ebitda": 1454000000,
    "ebitdaratio": 0.0337754652,
    "operatingIncome": 404000000,
    "operatingIncomeRatio": 0.0093846547,
    "totalOtherIncomeExpensesNet": 807000000,
    "incomeBeforeTax": 1211000000,
    "incomeBeforeTaxRatio": 0.0281307347,
    "incomeTaxExpense": 396000000,
    "netIncome": 826000000,
    "netIncomeRatio": 0.0191874376,
    "eps": 1.38,
    "epsdiluted": 1.37,
    "weightedAverageShsOut": 598553000,
    "weightedAverageShsOutDil": 604165000,
    "link": "https://www.sec.gov/Archives/edgar/data/1534701/000153470114000042/0001534701-14-000042-index.htm",
    "finalLink": "https://www.sec.gov/Archives/edgar/data/1534701/000153470114000042/psx-20131231x10k.htm"
  },
  {
    "date": "2013-09-30",
    "symbol": "PSX",
    "reportedCurrency": "USD",
    "cik": "0001534701",
    "fillingDate": "2013-10-31",
    "acceptedDate": "2013-10-31 16:48:33",
    "calendarYear": "2013",
    "period": "Q3",
    "revenue": 44201000000,
    "costOfRevenue": 38982000000,
    "grossProfit": 5219000000,
    "grossProfitRatio": 0.1180742517,
    "researchAndDevelopmentExpenses": 0,
    "generalAndAdministrativeExpenses": 354000000,
    "sellingAndMarketingExpenses": 0,
    "sellingGeneralAndAdministrativeExpenses": 354000000,
    "otherExpenses": -6000000,
    "operatingExpenses": 4972000000,
    "costAndExpenses": 43954000000,
    "interestIncome": 0,
    "interestExpense": 74000000,
    "depreciationAndAmortization": 236000000,
    "ebitda": 1111000000,
    "ebitdaratio": 0.0251351779,
    "operatingIncome": 247000000,
    "operatingIncomeRatio": 0.0055881089,
    "totalOtherIncomeExpensesNet": 580000000,
    "incomeBeforeTax": 826000000,
    "incomeBeforeTaxRatio": 0.01868736,
    "incomeTaxExpense": 286000000,
    "netIncome": 535000000,
    "netIncomeRatio": 0.0121037986,
    "eps": 0.88,
    "epsdiluted": 0.87,
    "weightedAverageShsOut": 608934000,
    "weightedAverageShsOutDil": 614519000,
    "link": "https://www.sec.gov/Archives/edgar/data/1534701/000153470113000022/0001534701-13-000022-index.htm",
    "finalLink": "https://www.sec.gov/Archives/edgar/data/1534701/000153470113000022/psx-2013930x10q.htm"
  },
  {
    "date": "2013-06-30",
    "symbol": "PSX",
    "reportedCurrency": "USD",
    "cik": "0001534701",
    "fillingDate": "2013-08-01",
    "acceptedDate": "2013-08-01 15:37:55",
    "calendarYear": "2013",
    "period": "Q2",
    "revenue": 43240000000,
    "costOfRevenue": 37508000000,
    "grossProfit": 5732000000,
    "grossProfitRatio": 0.1325624422,
    "researchAndDevelopmentExpenses": 0,
    "generalAndAdministrativeExpenses": 374000000,
    "sellingAndMarketingExpenses": 0,
    "sellingGeneralAndAdministrativeExpenses": 374000000,
    "otherExpenses": 49000000,
    "operatingExpenses": 4909000000,
    "costAndExpenses": 42417000000,
    "interestIncome": 0,
    "interestExpense": 75000000,
    "depreciationAndAmortization": 231000000,
    "ebitda": 1757000000,
    "ebitdaratio": 0.0406336725,
    "operatingIncome": 823000000,
    "operatingIncomeRatio": 0.0190333025,
    "totalOtherIncomeExpensesNet": 650000000,
    "incomeBeforeTax": 1474000000,
    "incomeBeforeTaxRatio": 0.0340888067,
    "incomeTaxExpense": 514000000,
    "netIncome": 958000000,
    "netIncomeRatio": 0.0221554117,
    "eps": 1.55,
    "epsdiluted": 1.53,
    "weightedAverageShsOut": 619143000,
    "weightedAverageShsOutDil": 624907000,
    "link": "https://www.sec.gov/Archives/edgar/data/1534701/000153470113000016/0001534701-13-000016-index.htm",
    "finalLink": "https://www.sec.gov/Archives/edgar/data/1534701/000153470113000016/psx-6302013x10q.htm"
  },
  {
    "date": "2013-03-31",
    "symbol": "PSX",
    "reportedCurrency": "USD",
    "cik": "0001534701",
    "fillingDate": "2013-05-02",
    "acceptedDate": "2013-05-02 15:04:28",
    "calendarYear": "2013",
    "period": "Q1",
    "revenue": 41263000000,
    "costOfRevenue": 35509000000,
    "grossProfit": 5754000000,
    "grossProfitRatio": 0.1394469622,
    "researchAndDevelopmentExpenses": 0,
    "generalAndAdministrativeExpenses": 332000000,
    "sellingAndMarketingExpenses": 0,
    "sellingGeneralAndAdministrativeExpenses": 332000000,
    "otherExpenses": 23000000,
    "operatingExpenses": 4634000000,
    "costAndExpenses": 40143000000,
    "interestIncome": 0,
    "interestExpense": 76000000,
    "depreciationAndAmortization": 245000000,
    "ebitda": 2393000000,
    "ebitdaratio": 0.0579938444,
    "operatingIncome": 1120000000,
    "operatingIncomeRatio": 0.027142961,
    "totalOtherIncomeExpensesNet": 984000000,
    "incomeBeforeTax": 2081000000,
    "incomeBeforeTaxRatio": 0.0504325909,
    "incomeTaxExpense": 671000000,
    "netIncome": 1407000000,
    "netIncomeRatio": 0.0340983448,
    "eps": 2.25,
    "epsdiluted": 2.23,
    "weightedAverageShsOut": 625030000,
    "weightedAverageShsOutDil": 631288000,
    "link": "https://www.sec.gov/Archives/edgar/data/1534701/000153470113000009/0001534701-13-000009-index.htm",
    "finalLink": "https://www.sec.gov/Archives/edgar/data/1534701/000153470113000009/psx-3312013x10q.htm"
  },
  {
    "date": "2012-12-31",
    "symbol": "PSX",
    "reportedCurrency": "USD",
    "cik": "0001534701",
    "fillingDate": "2013-02-22",
    "acceptedDate": "2013-02-22 13:23:14",
    "calendarYear": "2012",
    "period": "Q4",
    "revenue": 43985000000,
    "costOfRevenue": 37812000000,
    "grossProfit": 6173000000,
    "grossProfitRatio": 0.1403432989,
    "researchAndDevelopmentExpenses": 0,
    "generalAndAdministrativeExpenses": 461000000,
    "sellingAndMarketingExpenses": 0,
    "sellingGeneralAndAdministrativeExpenses": 461000000,
    "otherExpenses": 53000000,
    "operatingExpenses": 4969000000,
    "costAndExpenses": 42781000000,
    "interestIncome": 0,
    "interestExpense": 83000000,
    "depreciationAndAmortization": 244000000,
    "ebitda": 1564000000,
    "ebitdaratio": 0.0355575764,
    "operatingIncome": 951000000,
    "operatingIncomeRatio": 0.0216210072,
    "totalOtherIncomeExpensesNet": 268000000,
    "incomeBeforeTax": 1219000000,
    "incomeBeforeTaxRatio": 0.0277139934,
    "incomeTaxExpense": 509000000,
    "netIncome": 708000000,
    "netIncomeRatio": 0.0160963965,
    "eps": 1.12,
    "epsdiluted": 1.11,
    "weightedAverageShsOut": 628527000,
    "weightedAverageShsOutDil": 635634000,
    "link": "https://www.sec.gov/Archives/edgar/data/1534701/000153470113000006/0001534701-13-000006-index.htm",
    "finalLink": "https://www.sec.gov/Archives/edgar/data/1534701/000153470113000006/psx_20121231-10k.htm"
  },
  {
    "date": "2012-09-30",
    "symbol": "PSX",
    "reportedCurrency": "USD",
    "cik": "0001534701",
    "fillingDate": "2012-11-01",
    "acceptedDate": "2012-11-01 17:31:08",
    "calendarYear": "2012",
    "period": "Q3",
    "revenue": 42948000000,
    "costOfRevenue": 37073000000,
    "grossProfit": 5875000000,
    "grossProfitRatio": 0.1367933315,
    "researchAndDevelopmentExpenses": 0,
    "generalAndAdministrativeExpenses": 432000000,
    "sellingAndMarketingExpenses": 0,
    "sellingGeneralAndAdministrativeExpenses": 432000000,
    "otherExpenses": 452000,
    "operatingExpenses": 4078000000,
    "costAndExpenses": 41151000000,
    "interestIncome": 0,
    "interestExpense": 74000000,
    "depreciationAndAmortization": 229000000,
    "ebitda": 2759000000,
    "ebitdaratio": 0.0642404769,
    "operatingIncome": 1797000000,
    "operatingIncomeRatio": 0.0418412965,
    "totalOtherIncomeExpensesNet": 648000000,
    "incomeBeforeTax": 2449000000,
    "incomeBeforeTaxRatio": 0.0570224457,
    "incomeTaxExpense": 848000000,
    "netIncome": 1599000000,
    "netIncomeRatio": 0.0372310701,
    "eps": 2.53,
    "epsdiluted": 2.51,
    "weightedAverageShsOut": 630672000,
    "weightedAverageShsOutDil": 637913000,
    "link": "https://www.sec.gov/Archives/edgar/data/1534701/000119312512446999/0001193125-12-446999-index.htm",
    "finalLink": "https://www.sec.gov/Archives/edgar/data/1534701/000119312512446999/d404491d10q.htm"
  },
  {
    "date": "2012-06-30",
    "symbol": "PSX",
    "reportedCurrency": "USD",
    "cik": "0001534701",
    "fillingDate": "2012-08-03",
    "acceptedDate": "2012-08-03 16:35:20",
    "calendarYear": "2012",
    "period": "Q2",
    "revenue": 47012000000,
    "costOfRevenue": 41382000000,
    "grossProfit": 5630000000,
    "grossProfitRatio": 0.1197566579,
    "researchAndDevelopmentExpenses": 0,
    "generalAndAdministrativeExpenses": 480000000,
    "sellingAndMarketingExpenses": 0,
    "sellingGeneralAndAdministrativeExpenses": 480000000,
    "otherExpenses": 504000,
    "operatingExpenses": 4185000000,
    "costAndExpenses": 45567000000,
    "interestIncome": 0,
    "interestExpense": 83000000,
    "depreciationAndAmortization": 224000000,
    "ebitda": 2207000000,
    "ebitdaratio": 0.0469454607,
    "operatingIncome": 1445000000,
    "operatingIncomeRatio": 0.0307368331,
    "totalOtherIncomeExpensesNet": 708000000,
    "incomeBeforeTax": 1894000000,
    "incomeBeforeTaxRatio": 0.0402875861,
    "incomeTaxExpense": 712000000,
    "netIncome": 1181000000,
    "netIncomeRatio": 0.0251212456,
    "eps": 1.88,
    "epsdiluted": 1.86,
    "weightedAverageShsOut": 628510000,
    "weightedAverageShsOutDil": 635157000,
    "link": "https://www.sec.gov/Archives/edgar/data/1534701/000119312512334961/0001193125-12-334961-index.htm",
    "finalLink": "https://www.sec.gov/Archives/edgar/data/1534701/000119312512334961/d361347d10q.htm"
  },
  {
    "date": "2012-03-31",
    "symbol": "PSX",
    "reportedCurrency": "USD",
    "cik": "0001534701",
    "fillingDate": "2012-05-16",
    "acceptedDate": "2012-05-16 12:00:29",
    "calendarYear": "2012",
    "period": "Q1",
    "revenue": 45786000000,
    "costOfRevenue": 41420000000,
    "grossProfit": 4366000000,
    "grossProfitRatio": 0.0953566592,
    "researchAndDevelopmentExpenses": 0,
    "generalAndAdministrativeExpenses": 349000000,
    "sellingAndMarketingExpenses": 0,
    "sellingGeneralAndAdministrativeExpenses": 349000000,
    "otherExpenses": 743000000,
    "operatingExpenses": 3990000000,
    "costAndExpenses": 45410000000,
    "interestIncome": 0,
    "interestExpense": 13000000,
    "depreciationAndAmortization": 216000000,
    "ebitda": 1303000000,
    "ebitdaratio": 0.0284584808,
    "operatingIncome": 376000000,
    "operatingIncomeRatio": 0.0082121172,
    "totalOtherIncomeExpensesNet": 691000000,
    "incomeBeforeTax": 1069000000,
    "incomeBeforeTaxRatio": 0.0233477482,
    "incomeTaxExpense": 431000000,
    "netIncome": 636000000,
    "netIncomeRatio": 0.013890709,
    "eps": 0.99,
    "epsdiluted": 0.99,
    "weightedAverageShsOut": 640000000,
    "weightedAverageShsOutDil": 640000000,
    "link": "https://www.sec.gov/Archives/edgar/data/1534701/000119312512236055/0001193125-12-236055-index.htm",
    "finalLink": "https://www.sec.gov/Archives/edgar/data/1534701/000119312512236055/d313009d10q.htm"
  },
  {
    "date": "2011-12-31",
    "symbol": "PSX",
    "reportedCurrency": "USD",
    "cik": "0001534701",
    "fillingDate": "2011-12-31",
    "acceptedDate": "2011-12-31 00:00:00",
    "calendarYear": "2011",
    "period": "Q4",
    "revenue": 49935000000,
    "costOfRevenue": 43969000000,
    "grossProfit": 5966000000,
    "grossProfitRatio": 0.1194753179,
    "researchAndDevelopmentExpenses": 0,
    "generalAndAdministrativeExpenses": 367000000,
    "sellingAndMarketingExpenses": 0,
    "sellingGeneralAndAdministrativeExpenses": 367000000,
    "otherExpenses": 0,
    "operatingExpenses": 4116000000,
    "costAndExpenses": 48085000000,
    "interestIncome": 0,
    "interestExpense": 6000000,
    "depreciationAndAmortization": 241000000,
    "ebitda": 2598000000,
    "ebitdaratio": 0.0520276359,
    "operatingIncome": 1850000000,
    "operatingIncomeRatio": 0.0370481626,
    "totalOtherIncomeExpensesNet": 501000000,
    "incomeBeforeTax": 2351000000,
    "incomeBeforeTaxRatio": 0.0470812056,
    "incomeTaxExpense": 339000000,
    "netIncome": 2011000000,
    "netIncomeRatio": 0.0402723541,
    "eps": 3.14,
    "epsdiluted": 3.14,
    "weightedAverageShsOut": 640000000,
    "weightedAverageShsOutDil": 640000000,
    "link": null,
    "finalLink": null
  },
  {
    "date": "2011-09-30",
    "symbol": "PSX",
    "reportedCurrency": "USD",
    "cik": "0001534701",
    "fillingDate": "2011-09-30",
    "acceptedDate": "2011-09-30 00:00:00",
    "calendarYear": "2011",
    "period": "Q3",
    "revenue": 50407000000,
    "costOfRevenue": 44932000000,
    "grossProfit": 5475000000,
    "grossProfitRatio": 0.1086158668,
    "researchAndDevelopmentExpenses": 0,
    "generalAndAdministrativeExpenses": 0,
    "sellingAndMarketingExpenses": 0,
    "sellingGeneralAndAdministrativeExpenses": 372000000,
    "otherExpenses": 0,
    "operatingExpenses": 4273000000,
    "costAndExpenses": 49205000000,
    "interestIncome": 0,
    "interestExpense": 4000000,
    "depreciationAndAmortization": 222000000,
    "ebitda": 1776000000,
    "ebitdaratio": 0.0352332017,
    "operatingIncome": 1202000000,
    "operatingIncomeRatio": 0.0238458944,
    "totalOtherIncomeExpensesNet": 348000000,
    "incomeBeforeTax": 1550000000,
    "incomeBeforeTaxRatio": 0.0307496975,
    "incomeTaxExpense": 499000000,
    "netIncome": 1049000000,
    "netIncomeRatio": 0.0208106017,
    "eps": 1.64,
    "epsdiluted": 1.64,
    "weightedAverageShsOut": 640000000,
    "weightedAverageShsOutDil": 640000000,
    "link": null,
    "finalLink": null
  },
  {
    "date": "2011-06-30",
    "symbol": "PSX",
    "reportedCurrency": "USD",
    "cik": "0001534701",
    "fillingDate": "2011-06-30",
    "acceptedDate": "2011-06-29 20:00:00",
    "calendarYear": "2011",
    "period": "Q2",
    "revenue": 52646000000,
    "costOfRevenue": 47618000000,
    "grossProfit": 5028000000,
    "grossProfitRatio": 0.0955058314,
    "researchAndDevelopmentExpenses": 0,
    "generalAndAdministrativeExpenses": 0,
    "sellingAndMarketingExpenses": 0,
    "sellingGeneralAndAdministrativeExpenses": 347000000,
    "otherExpenses": 0,
    "operatingExpenses": 4210000000,
    "costAndExpenses": 51828000000,
    "interestIncome": 0,
    "interestExpense": 3000000,
    "depreciationAndAmortization": 226000000,
    "ebitda": 1857000000,
    "ebitdaratio": 0.0352733351,
    "operatingIncome": 818000000,
    "operatingIncomeRatio": 0.0155377427,
    "totalOtherIncomeExpensesNet": 810000000,
    "incomeBeforeTax": 1628000000,
    "incomeBeforeTaxRatio": 0.030923527,
    "incomeTaxExpense": 588000000,
    "netIncome": 1039000000,
    "netIncomeRatio": 0.0197355924,
    "eps": 1.62,
    "epsdiluted": 1.62,
    "weightedAverageShsOut": 640000000,
    "weightedAverageShsOutDil": 640000000,
    "link": "",
    "finalLink": ""
  },
  {
    "date": "2011-03-31",
    "symbol": "PSX",
    "reportedCurrency": "USD",
    "cik": "0001534701",
    "fillingDate": "2011-03-31",
    "acceptedDate": "2011-03-30 20:00:00",
    "calendarYear": "2011",
    "period": "Q1",
    "revenue": 44783000000,
    "costOfRevenue": 40390000000,
    "grossProfit": 4393000000,
    "grossProfitRatio": 0.0980952594,
    "researchAndDevelopmentExpenses": 0,
    "generalAndAdministrativeExpenses": 0,
    "sellingAndMarketingExpenses": 0,
    "sellingGeneralAndAdministrativeExpenses": 323000000,
    "otherExpenses": 0,
    "operatingExpenses": 4027000000,
    "costAndExpenses": 44417000000,
    "interestIncome": 0,
    "interestExpense": 4000000,
    "depreciationAndAmortization": 219000000,
    "ebitda": 1318000000,
    "ebitdaratio": 0.0294308108,
    "operatingIncome": 366000000,
    "operatingIncomeRatio": 0.0081727441,
    "totalOtherIncomeExpensesNet": 729000000,
    "incomeBeforeTax": 1095000000,
    "incomeBeforeTaxRatio": 0.0244512427,
    "incomeTaxExpense": 418000000,
    "netIncome": 676000000,
    "netIncomeRatio": 0.0150950137,
    "eps": 1.06,
    "epsdiluted": 1.06,
    "weightedAverageShsOut": 640000000,
    "weightedAverageShsOutDil": 640000000,
    "link": "",
    "finalLink": ""
  },
  {
    "date": "2010-12-31",
    "symbol": "PSX",
    "reportedCurrency": "USD",
    "cik": "0001534701",
    "fillingDate": "2010-12-31",
    "acceptedDate": "2010-12-31 00:00:00",
    "calendarYear": "2010",
    "period": "Q4",
    "revenue": 41113000000,
    "costOfRevenue": 37021000000,
    "grossProfit": 4092000000,
    "grossProfitRatio": 0.0995305621,
    "researchAndDevelopmentExpenses": 0,
    "generalAndAdministrativeExpenses": 0,
    "sellingAndMarketingExpenses": 0,
    "sellingGeneralAndAdministrativeExpenses": 402000000,
    "otherExpenses": 0,
    "operatingExpenses": 4198000000,
    "costAndExpenses": 41219000000,
    "interestIncome": 42000000,
    "interestExpense": 1000000,
    "depreciationAndAmortization": 220000000,
    "ebitda": 666000000,
    "ebitdaratio": 0.0161992557,
    "operatingIncome": -106000000,
    "operatingIncomeRatio": -0.0025782599,
    "totalOtherIncomeExpensesNet": 551000000,
    "incomeBeforeTax": 445000000,
    "incomeBeforeTaxRatio": 0.010823827,
    "incomeTaxExpense": 157000000,
    "netIncome": 287000000,
    "netIncomeRatio": 0.0069807603,
    "eps": 0.45,
    "epsdiluted": 0.45,
    "weightedAverageShsOut": 640000000,
    "weightedAverageShsOutDil": 640000000,
    "link": null,
    "finalLink": null
  }
]