[
  {
    "date": "2024-12-31",
    "symbol": "PSX",
    "reportedCurrency": "USD",
    "cik": "0001534701",
    "fillingDate": "2025-02-21",
    "acceptedDate": "2025-02-21 14:39:10",
    "calendarYear": "2024",
    "period": "FY",
    "revenue": 143118000000,
    "costOfRevenue": 138255000000,
    "grossProfit": 4863000000,
    "grossProfitRatio": 0.0339789544,
    "researchAndDevelopmentExpenses": 15000000,
    "generalAndAdministrativeExpenses": 0,
    "sellingAndMarketingExpenses": 0,
    "sellingGeneralAndAdministrativeExpenses": 2194100000,
    "otherExpenses": 329000000,
    "operatingExpenses": 2538100000,
    "costAndExpenses": 140793100000,
    "interestIncome": 158000000,
    "interestExpense": 907000000,
    "depreciationAndAmortization": 2403000000,
    "ebitda": 5985000000,
    "ebitdaratio": 0.0418186392,
    "operatingIncome": 2324900000,
    "operatingIncomeRatio": 0.0162446373,
    "totalOtherIncomeExpensesNet": 350100000,
    "incomeBeforeTax": 2675000000,
    "incomeBeforeTaxRatio": 0.0186908705,
    "incomeTaxExpense": 500000000,
    "netIncome": 2117000000,
    "netIncomeRatio": 0.0147919898,
    "eps": 5.01,
    "epsdiluted": 4.99,
    "weightedAverageShsOut": 420174000,
    "weightedAverageShsOutDil": 421888000,
    "link": "https://www.sec.gov/Archives/edgar/data/1534701/000153470125000074/0001534701-25-000074-index.htm",
    "finalLink": "https://www.sec.gov/Archives/edgar/data/1534701/000153470125000074/psx-20241231.htm"
  },
  {
    "date": "2023-12-31",
    "symbol": "PSX",
    "reportedCurrency": "USD",
    "cik": "0001534701",
    "fillingDate": "2024-02-21",
    "acceptedDate": "2024-02-21 17:09:50",
    "calendarYear": "2023",
    "period": "FY",
    "revenue": 147262000000,
    "costOfRevenue": 135977000000,
    "grossProfit": 11285000000,
    "grossProfitRatio": 0.0766321251,
    "researchAndDevelopmentExpenses": 27000000,
    "generalAndAdministrativeExpenses": 0,
    "sellingAndMarketingExpenses": 0,
    "sellingGeneralAndAdministrativeExpenses": 2283000000,
    "otherExpenses": 707000000,
    "operatingExpenses": 3017000000,
    "costAndExpenses": 138994000000,
    "interestIncome": 269000000,
    "interestExpense": 897000000,
    "depreciationAndAmortization": 2006000000,
    "ebitda": 12372000000,
    "ebitdaratio": 0.0840135269,
    "operatingIncome": 8268000000,
    "operatingIncomeRatio": 0.0561448303,
    "totalOtherIncomeExpensesNet": 1201000000,
    "incomeBeforeTax": 9469000000,
    "incomeBeforeTaxRatio": 0.0643003626,
    "incomeTaxExpense": 2230000000,
    "netIncome": 7004000000,
    "netIncomeRatio": 0.047561489,
    "eps": 15.56,
    "epsdiluted": 15.45,
    "weightedAverageShsOut": 450136000,
    "weightedAverageShsOutDil": 453210000,
    "link": "https://www.sec.gov/Archives/edgar/data/1534701/000153470124000078/0001534701-24-000078-index.htm",
    "finalLink": "https://www.sec.gov/Archives/edgar/data/1534701/000153470124000078/psx-20231231.htm"
  },
  {
    "date": "2022-12-31",
    "symbol": "PSX",
    "reportedCurrency": "USD",
    "cik": "0001534701",
    "fillingDate": "2023-02-22",
    "acceptedDate": "2023-02-22 17:00:31",
    "calendarYear": "2022",
    "period": "FY",
    "revenue": 170118000000,
    "costOfRevenue": 157347000000,
    "grossProfit": 12771000000,
    "grossProfitRatio": 0.075071421,
    "researchAndDevelopmentExpenses": 42000000,
    "generalAndAdministrativeExpenses": 0,
    "sellingAndMarketingExpenses": 0,
    "sellingGeneralAndAdministrativeExpenses": 2126000000,
    "otherExpenses": 530000000,
    "operatingExpenses": 2698000000,
    "costAndExpenses": 160045000000,
    "interestIncome": 82000000,
    "interestExpense": 619000000,
    "depreciationAndAmortization": 1652000000,
    "ebitda": 16910000000,
    "ebitdaratio": 0.0994015918,
    "operatingIncome": 10073000000,
    "operatingIncomeRatio": 0.0592118412,
    "totalOtherIncomeExpensesNet": 4566000000,
    "incomeBeforeTax": 14639000000,
    "incomeBeforeTaxRatio": 0.0860520345,
    "incomeTaxExpense": 3248000000,
    "netIncome": 11024000000,
    "netIncomeRatio": 0.0648020786,
    "eps": 23.36,
    "epsdiluted": 23.27,
    "weightedAverageShsOut": 471497000,
    "weightedAverageShsOutDil": 473731000,
    "link": "https://www.sec.gov/Archives/edgar/data/1534701/000153470123000053/0001534701-23-000053-index.htm",
    "finalLink": "https://www.sec.gov/Archives/edgar/data/1534701/000153470123000053/psx-20221231.htm"
  },
  {
    "date": "2021-12-31",
    "symbol": "PSX",
    "reportedCurrency": "USD",
    "cik": "0001534701",
    "fillingDate": "2022-02-18",
    "acceptedDate": "2022-02-18 16:16:05",
    "calendarYear": "2021",
    "period": "FY",
    "revenue": 111944000000,
    "costOfRevenue": 108565000000,
    "grossProfit": 3379000000,
    "grossProfitRatio": 0.0301847352,
    "researchAndDevelopmentExpenses": 47000000,
    "generalAndAdministrativeExpenses": 0,
    "sellingAndMarketingExpenses": 0,
    "sellingGeneralAndAdministrativeExpenses": 1697000000,
    "otherExpenses": 410000000,
    "operatingExpenses": 2154000000,
    "costAndExpenses": 110719000000,
    "interestIncome": 11000000,
    "interestExpense": 581000000,
    "depreciationAndAmortization": 1629000000,
    "ebitda": 3950000000,
    "ebitdaratio": 0.0352854999,
    "operatingIncome": 1225000000,
    "operatingIncomeRatio": 0.0109429715,
    "totalOtherIncomeExpensesNet": 515000000,
    "incomeBeforeTax": 1740000000,
    "incomeBeforeTaxRatio": 0.015543486,
    "incomeTaxExpense": 146000000,
    "netIncome": 1315000000,
    "netIncomeRatio": 0.0117469449,
    "eps": 2.97,
    "epsdiluted": 2.97,
    "weightedAverageShsOut": 440028000,
    "weightedAverageShsOutDil": 440364000,
    "link": "https://www.sec.gov/Archives/edgar/data/1534701/000153470122000078/0001534701-22-000078-index.htm",
    "finalLink": "https://www.sec.gov/Archives/edgar/data/1534701/000153470122000078/psx-20211231.htm"
  },
  {
    "date": "2020-12-31",
    "symbol": "PSX",
    "reportedCurrency": "USD",
    "cik": "0001534701",
    "fillingDate": "2021-02-24",
    "acceptedDate": "2021-02-24 14:54:14",
    "calendarYear": "2020",
    "period": "FY",
    "revenue": 63693000000,
    "costOfRevenue": 63513000000,
    "grossProfit": 180000000,
    "grossProfitRatio": 0.0028260562,
    "researchAndDevelopmentExpenses": 48000000,
    "generalAndAdministrativeExpenses": 0,
    "sellingAndMarketingExpenses": 0,
    "sellingGeneralAndAdministrativeExpenses": 1496000000,
    "otherExpenses": 464000000,
    "operatingExpenses": 2008000000,
    "costAndExpenses": 65521000000,
    "interestIncome": 14000000,
    "interestExpense": 499000000,
    "depreciationAndAmortization": 1417000000,
    "ebitda": -3048000000,
    "ebitdaratio": -0.0478545523,
    "operatingIncome": -1828000000,
    "operatingIncomeRatio": -0.0287001711,
    "totalOtherIncomeExpensesNet": -3136000000,
    "incomeBeforeTax": -4964000000,
    "incomeBeforeTaxRatio": -0.0779363509,
    "incomeTaxExpense": -1250000000,
    "netIncome": -3983000000,
    "netIncomeRatio": -0.0625343444,
    "eps": -9.06,
    "epsdiluted": -9.06,
    "weightedAverageShsOut": 439530000,
    "weightedAverageShsOutDil": 439530000,
    "link": "https://www.sec.gov/Archives/edgar/data/1534701/000153470121000074/0001534701-21-000074-index.htm",
    "finalLink": "https://www.sec.gov/Archives/edgar/data/1534701/000153470121000074/psx-20201231.htm"
  },
  {
    "date": "2019-12-31",
    "symbol": "PSX",
    "reportedCurrency": "USD",
    "cik": "0001534701",
    "fillingDate": "2020-02-21",
    "acceptedDate": "2020-02-21 15:05:37",
    "calendarYear": "2019",
    "period": "FY",
    "revenue": 107443000000,
    "costOfRevenue": 102128000000,
    "grossProfit": 5315000000,
    "grossProfitRatio": 0.0494680901,
    "researchAndDevelopmentExpenses": 54000000,
    "generalAndAdministrativeExpenses": 0,
    "sellingAndMarketingExpenses": 0,
    "sellingGeneralAndAdministrativeExpenses": 1627000000,
    "otherExpenses": -409000000,
    "operatingExpenses": 2090000000,
    "costAndExpenses": 104218000000,
    "interestIncome": 43000000,
    "interestExpense": 458000000,
    "depreciationAndAmortization": 1364000000,
    "ebitda": 6000000000,
    "ebitdaratio": 0.0558435636,
    "operatingIncome": 3225000000,
    "operatingIncomeRatio": 0.0300159154,
    "totalOtherIncomeExpensesNet": 953000000,
    "incomeBeforeTax": 4178000000,
    "incomeBeforeTaxRatio": 0.0388857348,
    "incomeTaxExpense": 801000000,
    "netIncome": 3076000000,
    "netIncomeRatio": 0.0286291336,
    "eps": 6.8,
    "epsdiluted": 6.77,
    "weightedAverageShsOut": 451364000,
    "weightedAverageShsOutDil": 453888000,
    "link": "https://www.sec.gov/Archives/edgar/data/1534701/000153470120000070/0001534701-20-000070-index.htm",
    "finalLink": "https://www.sec.gov/Archives/edgar/data/1534701/000153470120000070/psx-2019123110k.htm"
  },
  {
    "date": "2018-12-31",
    "symbol": "PSX",
    "reportedCurrency": "USD",
    "cik": "0001534701",
    "fillingDate": "2019-02-22",
    "acceptedDate": "2019-02-22 13:29:34",
    "calendarYear": "2018",
    "period": "FY",
    "revenue": 111269000000,
    "costOfRevenue": 104125000000,
    "grossProfit": 7144000000,
    "grossProfitRatio": 0.064204765,
    "researchAndDevelopmentExpenses": 55000000,
    "generalAndAdministrativeExpenses": 1677000000,
    "sellingAndMarketingExpenses": 0,
    "sellingGeneralAndAdministrativeExpenses": 1622000000,
    "otherExpenses": -425000000,
    "operatingExpenses": 2102000000,
    "costAndExpenses": 106227000000,
    "interestIncome": 45000000,
    "interestExpense": 504000000,
    "depreciationAndAmortization": 1379000000,
    "ebitda": 9328000000,
    "ebitdaratio": 0.0838328735,
    "operatingIncome": 5042000000,
    "operatingIncomeRatio": 0.0453136094,
    "totalOtherIncomeExpensesNet": 2403000000,
    "incomeBeforeTax": 7445000000,
    "incomeBeforeTaxRatio": 0.066909921,
    "incomeTaxExpense": 1572000000,
    "netIncome": 5595000000,
    "netIncomeRatio": 0.0502835471,
    "eps": 11.89,
    "epsdiluted": 11.8,
    "weightedAverageShsOut": 470708000,
    "weightedAverageShsOutDil": 474047000,
    "link": "https://www.sec.gov/Archives/edgar/data/1534701/000153470119000063/0001534701-19-000063-index.htm",
    "finalLink": "https://www.sec.gov/Archives/edgar/data/1534701/000153470119000063/psx-20181231_10k.htm"
  },
  {
    "date": "2017-12-31",
    "symbol": "PSX",
    "reportedCurrency": "USD",
    "cik": "0001534701",
    "fillingDate": "2018-02-23",
    "acceptedDate": "2018-02-23 12:22:21",
    "calendarYear": "2017",
    "period": "FY",
    "revenue": 89547000000,
    "costOfRevenue": 85430000000,
    "grossProfit": 4117000000,
    "grossProfitRatio": 0.0459758563,
    "researchAndDevelopmentExpenses": 60000000,
    "generalAndAdministrativeExpenses": 1695000000,
    "sellingAndMarketingExpenses": 0,
    "sellingGeneralAndAdministrativeExpenses": 1635000000,
    "otherExpenses": -408000000,
    "operatingExpenses": 2103000000,
    "costAndExpenses": 87533000000,
    "interestIncome": 31000000,
    "interestExpense": 438000000,
    "depreciationAndAmortization": 1340000000,
    "ebitda": 5333000000,
    "ebitdaratio": 0.0595553173,
    "operatingIncome": 2014000000,
    "operatingIncomeRatio": 0.0224909824,
    "totalOtherIncomeExpensesNet": 1541000000,
    "incomeBeforeTax": 3555000000,
    "incomeBeforeTaxRatio": 0.0396998224,
    "incomeTaxExpense": -1693000000,
    "netIncome": 5106000000,
    "netIncomeRatio": 0.0570203357,
    "eps": 9.9,
    "epsdiluted": 9.85,
    "weightedAverageShsOut": 515090000,
    "weightedAverageShsOutDil": 518508000,
    "link": "https://www.sec.gov/Archives/edgar/data/1534701/000153470118000065/0001534701-18-000065-index.htm",
    "finalLink": "https://www.sec.gov/Archives/edgar/data/1534701/000153470118000065/psx-20171231_10k.htm"
  },
  {
    "date": "2016-12-31",
    "symbol": "PSX",
    "reportedCurrency": "USD",
    "cik": "0001534701",
    "fillingDate": "2017-02-17",
    "acceptedDate": "2017-02-17 12:47:19",
    "calendarYear": "2016",
    "period": "FY",
    "revenue": 71349000000,
    "costOfRevenue": 67870000000,
    "grossProfit": 3479000000,
    "grossProfitRatio": 0.048760319,
    "researchAndDevelopmentExpenses": 60000000,
    "generalAndAdministrativeExpenses": 1638000000,
    "sellingAndMarketingExpenses": 0,
    "sellingGeneralAndAdministrativeExpenses": 1578000000,
    "otherExpenses": -307000000,
    "operatingExpenses": 1945000000,
    "costAndExpenses": 69815000000,
    "interestIncome": 18000000,
    "interestExpense": 338000000,
    "depreciationAndAmortization": 1189000000,
    "ebitda": 3718000000,
    "ebitdaratio": 0.0521100506,
    "operatingIncome": 1534000000,
    "operatingIncomeRatio": 0.0214999509,
    "totalOtherIncomeExpensesNet": 657000000,
    "incomeBeforeTax": 2191000000,
    "incomeBeforeTaxRatio": 0.0307082089,
    "incomeTaxExpense": 547000000,
    "netIncome": 1555000000,
    "netIncomeRatio": 0.0217942788,
    "eps": 2.94,
    "epsdiluted": 2.92,
    "weightedAverageShsOut": 527531000,
    "weightedAverageShsOutDil": 530066000,
    "link": "https://www.sec.gov/Archives/edgar/data/1534701/000153470117000051/0001534701-17-000051-index.htm",
    "finalLink": "https://www.sec.gov/Archives/edgar/data/1534701/000153470117000051/psx-20161231_10k.htm"
  },
  {
    "date": "2015-12-31",
    "symbol": "PSX",
    "reportedCurrency": "USD",
    "cik": "0001534701",
    "fillingDate": "2016-02-19",
    "acceptedDate": "2016-02-19 15:39:55",
    "calendarYear": "2015",
    "period": "FY",
    "revenue": 85033000000,
    "costOfRevenue": 78913000000,
    "grossProfit": 6120000000,
    "grossProfitRatio": 0.0719720579,
    "researchAndDevelopmentExpenses": 65000000,
    "generalAndAdministrativeExpenses": 1670000000,
    "sellingAndMarketingExpenses": 0,
    "sellingGeneralAndAdministrativeExpenses": 1605000000,
    "otherExpenses": -297000000,
    "operatingExpenses": 1967000000,
    "costAndExpenses": 80880000000,
    "interestIncome": 27000000,
    "interestExpense": 310000000,
    "depreciationAndAmortization": 1099000000,
    "ebitda": 7453000000,
    "ebitdaratio": 0.0876483248,
    "operatingIncome": 4153000000,
    "operatingIncomeRatio": 0.0488398622,
    "totalOtherIncomeExpensesNet": 1891000000,
    "incomeBeforeTax": 6044000000,
    "incomeBeforeTaxRatio": 0.0710782873,
    "incomeTaxExpense": 1764000000,
    "netIncome": 4227000000,
    "netIncomeRatio": 0.0497101125,
    "eps": 7.78,
    "epsdiluted": 7.73,
    "weightedAverageShsOut": 542355000,
    "weightedAverageShsOutDil": 546977000,
    "link": "https://www.sec.gov/Archives/edgar/data/1534701/000153470116000119/0001534701-16-000119-index.htm",
    "finalLink": "https://www.sec.gov/Archives/edgar/data/1534701/000153470116000119/psx-20151231_10k.htm"
  },
  {
    "date": "2014-12-31",
    "symbol": "PSX",
    "reportedCurrency": "USD",
    "cik": "0001534701",
    "fillingDate": "2015-02-20",
    "acceptedDate": "2015-02-20 11:58:29",
    "calendarYear": "2014",
    "period": "FY",
    "revenue": 145856000000,
    "costOfRevenue": 141338000000,
    "grossProfit": 4518000000,
    "grossProfitRatio": 0.0309757569,
    "researchAndDevelopmentExpenses": 62000000,
    "generalAndAdministrativeExpenses": 1663000000,
    "sellingAndMarketingExpenses": 0,
    "sellingGeneralAndAdministrativeExpenses": 1601000000,
    "otherExpenses": -342000000,
    "operatingExpenses": 2005000000,
    "costAndExpenses": 143343000000,
    "interestIncome": 21000000,
    "interestExpense": 267000000,
    "depreciationAndAmortization": 1019000000,
    "ebitda": 7031000000,
    "ebitdaratio": 0.048205079,
    "operatingIncome": 2513000000,
    "operatingIncomeRatio": 0.0172293221,
    "totalOtherIncomeExpensesNet": 3232000000,
    "incomeBeforeTax": 5745000000,
    "incomeBeforeTaxRatio": 0.0393881637,
    "incomeTaxExpense": 1654000000,
    "netIncome": 4762000000,
    "netIncomeRatio": 0.0326486398,
    "eps": 8.4,
    "epsdiluted": 8.33,
    "weightedAverageShsOut": 565902000,
    "weightedAverageShsOutDil": 571504000,
    "link": "https://www.sec.gov/Archives/edgar/data/1534701/000153470115000038/0001534701-15-000038-index.htm",
    "finalLink": "https://www.sec.gov/Archives/edgar/data/1534701/000153470115000038/psx-20141231_10k.htm"
  },
  {
    "date": "2013-12-31",
    "symbol": "PSX",
    "reportedCurrency": "USD",
    "cik": "0001534701",
    "fillingDate": "2014-02-21",
    "acceptedDate": "2014-02-21 13:27:26",
    "calendarYear": "2013",
    "period": "FY",
    "revenue": 157713000000,
    "costOfRevenue": 153517000000,
    "grossProfit": 4196000000,
    "grossProfitRatio": 0.0266052894,
    "researchAndDevelopmentExpenses": 69000000,
    "generalAndAdministrativeExpenses": 1478000000,
    "sellingAndMarketingExpenses": 0,
    "sellingGeneralAndAdministrativeExpenses": 1409000000,
    "otherExpenses": -253000000,
    "operatingExpenses": 1731000000,
    "costAndExpenses": 155248000000,
    "interestIncome": 20000000,
    "interestExpense": 275000000,
    "depreciationAndAmortization": 971000000,
    "ebitda": 6772000000,
    "ebitdaratio": 0.0429387558,
    "operatingIncome": 2465000000,
    "operatingIncomeRatio": 0.0156296564,
    "totalOtherIncomeExpensesNet": 3061000000,
    "incomeBeforeTax": 5526000000,
    "incomeBeforeTaxRatio": 0.0350383291,
    "incomeTaxExpense": 1844000000,
    "netIncome": 3726000000,
    "netIncomeRatio": 0.0236251926,
    "eps": 6.07,
    "epsdiluted": 6.02,
    "weightedAverageShsOut": 612918000,
    "weightedAverageShsOutDil": 618989000,
    "link": "https://www.sec.gov/Archives/edgar/data/1534701/000153470114000042/0001534701-14-000042-index.htm",
    "finalLink": "https://www.sec.gov/Archives/edgar/data/1534701/000153470114000042/psx-20131231x10k.htm"
  },
  {
    "date": "2012-12-31",
    "symbol": "PSX",
    "reportedCurrency": "USD",
    "cik": "0001534701",
    "fillingDate": "2013-02-22",
    "acceptedDate": "2013-02-22 13:23:14",
    "calendarYear": "2012",
    "period": "FY",
    "revenue": 166086000000,
    "costOfRevenue": 159485000000,
    "grossProfit": 6601000000,
    "grossProfitRatio": 0.0397444697,
    "researchAndDevelopmentExpenses": 76000000,
    "generalAndAdministrativeExpenses": 1722000000,
    "sellingAndMarketingExpenses": 0,
    "sellingGeneralAndAdministrativeExpenses": 1646000000,
    "otherExpenses": -370000000,
    "operatingExpenses": 2092000000,
    "costAndExpenses": 161577000000,
    "interestIncome": 18000000,
    "interestExpense": 246000000,
    "depreciationAndAmortization": 938000000,
    "ebitda": 7815000000,
    "ebitdaratio": 0.0470539359,
    "operatingIncome": 4509000000,
    "operatingIncomeRatio": 0.0271485857,
    "totalOtherIncomeExpensesNet": 2122000000,
    "incomeBeforeTax": 6631000000,
    "incomeBeforeTaxRatio": 0.039925099,
    "incomeTaxExpense": 2500000000,
    "netIncome": 4124000000,
    "netIncomeRatio": 0.0248305095,
    "eps": 6.55,
    "epsdiluted": 6.48,
    "weightedAverageShsOut": 628835000,
    "weightedAverageShsOutDil": 636764000,
    "link": "https://www.sec.gov/Archives/edgar/data/1534701/000153470113000006/0001534701-13-000006-index.htm",
    "finalLink": "https://www.sec.gov/Archives/edgar/data/1534701/000153470113000006/psx_20121231-10k.htm"
  },
  {
    "date": "2011-12-31",
    "symbol": "PSX",
    "reportedCurrency": "USD",
    "cik": "0001534701",
    "fillingDate": "2011-12-31",
    "acceptedDate": "2011-12-30 19:00:00",
    "calendarYear": "2011",
    "period": "FY",
    "revenue": 196696000000,
    "costOfRevenue": 177979000000,
    "grossProfit": 18717000000,
    "grossProfitRatio": 0.0951569935,
    "researchAndDevelopmentExpenses": 74000000,
    "generalAndAdministrativeExpenses": 1409000000,
    "sellingAndMarketingExpenses": 0,
    "sellingGeneralAndAdministrativeExpenses": 1335000000,
    "otherExpenses": -15475000000,
    "operatingExpenses": 16884000000,
    "costAndExpenses": 194863000000,
    "interestIncome": 33000000,
    "interestExpense": 17000000,
    "depreciationAndAmortization": 908000000,
    "ebitda": 7549000000,
    "ebitdaratio": 0.0383790214,
    "operatingIncome": 1833000000,
    "operatingIncomeRatio": 0.009318949,
    "totalOtherIncomeExpensesNet": 4791000000,
    "incomeBeforeTax": 6624000000,
    "incomeBeforeTaxRatio": 0.033676333,
    "incomeTaxExpense": 1844000000,
    "netIncome": 4775000000,
    "netIncomeRatio": 0.0242760402,
    "eps": 7.46,
    "epsdiluted": 7.46,
    "weightedAverageShsOut": 640000000,
    "weightedAverageShsOutDil": 640000000,
    "link": "",
    "finalLink": ""
  },
  {
    "date": "2010-12-31",
    "symbol": "PSX",
    "reportedCurrency": "USD",
    "cik": "0001534701",
    "fillingDate": "2010-12-31",
    "acceptedDate": "2010-12-30 19:00:00",
    "calendarYear": "2010",
    "period": "FY",
    "revenue": 146818000000,
    "costOfRevenue": 130312000000,
    "grossProfit": 16506000000,
    "grossProfitRatio": 0.112424907,
    "researchAndDevelopmentExpenses": 56000000,
    "generalAndAdministrativeExpenses": 0,
    "sellingAndMarketingExpenses": 0,
    "sellingGeneralAndAdministrativeExpenses": 1328000000,
    "otherExpenses": -14007000000,
    "operatingExpenses": 15391000000,
    "costAndExpenses": 145703000000,
    "interestIncome": 42000000,
    "interestExpense": 1000000,
    "depreciationAndAmortization": 880000000,
    "ebitda": 2049000000,
    "ebitdaratio": 0.0139560544,
    "operatingIncome": 1115000000,
    "operatingIncomeRatio": 0.0075944366,
    "totalOtherIncomeExpensesNet": 204000000,
    "incomeBeforeTax": 1319000000,
    "incomeBeforeTaxRatio": 0.0089839121,
    "incomeTaxExpense": 579000000,
    "netIncome": 735000000,
    "netIncomeRatio": 0.0050061982,
    "eps": 1.15,
    "epsdiluted": 1.15,
    "weightedAverageShsOut": 640000000,
    "weightedAverageShsOutDil": 640000000,
    "link": "",
    "finalLink": ""
  },
  {
    "date": "2009-12-31",
    "symbol": "PSX",
    "reportedCurrency": "USD",
    "cik": "0001534701",
    "fillingDate": "2009-12-31",
    "acceptedDate": "2009-12-30 19:00:00",
    "calendarYear": "2009",
    "period": "FY",
    "revenue": 112692000000,
    "costOfRevenue": 98132000000,
    "grossProfit": 14560000000,
    "grossProfitRatio": 0.129201718,
    "researchAndDevelopmentExpenses": 36000000,
    "generalAndAdministrativeExpenses": 0,
    "sellingAndMarketingExpenses": 0,
    "sellingGeneralAndAdministrativeExpenses": 1278000000,
    "otherExpenses": -13644000000,
    "operatingExpenses": 14958000000,
    "costAndExpenses": 113090000000,
    "interestIncome": 47000000,
    "interestExpense": 1000000,
    "depreciationAndAmortization": 879000000,
    "ebitda": 1727000000,
    "ebitdaratio": 0.0153249565,
    "operatingIncome": -398000000,
    "operatingIncomeRatio": -0.0035317503,
    "totalOtherIncomeExpensesNet": 1245000000,
    "incomeBeforeTax": 847000000,
    "incomeBeforeTaxRatio": 0.0075160615,
    "incomeTaxExpense": 368000000,
    "netIncome": 476000000,
    "netIncomeRatio": 0.0042239023,
    "eps": 0.74,
    "epsdiluted": 0.74,
    "weightedAverageShsOut": 640000000,
    "weightedAverageShsOutDil": 640000000,
    "link": "",
    "finalLink": ""
  }
]